4453 5655
3010 923 3488 1114 6.4.35
591 1078 3947 1382 Liebes Kläuschen, die Hunderterin habe ich mir
600 1351 3943 1596 möglichst schnell besorgt, eine zweite schulde
605 1537 4234 1792 ich Eri, während Friedrich sich mit einer Zwanzigerin
559 1764 4056 2060 zufrieden geben muss. Ja, der Abschied! – Ich hätte
514 1965 3811 2260 Dich ja aufsuchen, zumindest aber anrufen
559 2187 4097 2515 können – mir war nicht so, ich mag den Hinweis
564 2437 4084 2728 darauf nicht, dass es ein Abschied sei. In Paris
564 2669 4143 2901 verbrachte ich einen traurig-gehetzten Tag, ohne bei
537 2874 4134 3138 der schönäugigen Putzmacherin mehr zu ernten als
523 3079 4047 3374 ein sehr süsses Liebes-Telegram[m], im Anschluss an
555 3301 4043 3583 ein harmloses Kaffeestündchen. Der Claude [Bourdet] zeigte
550 3547 3893 3802 sich besorgt u. lieb, besuche ihn doch: er ist
528 3715 4097 3993 entweder in Paris (Passy 34-23, 47 Av. d' Jena)
518 3970 4088 4284 oder, wahrscheinlicher, in seinem Häuschen bei
491 4156 4143 4466 Nizza (?), doch davon muss ich die Adresse erst
564 4416 3884 4629 erfahren. Traurig war, dass ich in eben dieser
541 4625 4134 4939 Stadt [add above line: Paris ist gemeint] doch soeben erst einige besonders gelungene
596 4811 3847 5152 Tage mit Margot [von Opel?] verbracht hatte – auch
623 5089 4175 5302 auf der Reise nach Zürich, u. hier mit allen
596 5266 4211 5507 Plänen u. all dem Lästigen was es zu tun gibt,
816 523 4169 798 fühle ich mich eben so sehr allein. Ich hatte
794 687 4036 1024 mir, in Sils, gerade angewöhnt, Margot
736 887 3295 1184 neben mir zu haben. Es ist schade – –
758 1158 4138 1437 Du fragst, was man zum Falle Jacob sagt?
741 1348 4107 1685 Die Schweiz ist brav, für einmal – aber, die
701 1597 4209 1903 Schweizer (auch Kleiber bestätigte es) kümmern sich
687 1787 4049 2084 so wenig darum, dass sie leicht Jacob mit
687 2045 4111 2368 Wesenman[n] verwechseln, u. meinen: Den Einen
705 2257 2559 2555 habe man ja wenigstens! –
670 2435 4045 2794 Man behandelt mich zu Hause sehr schonend
687 2665 4045 3025 ich habe meiner Mama gesagt, dass sie doch
639 2954 4200 3229 eigentlich ziemlich genau Bescheid wissen müsse,
643 3149 4209 3477 über alles was sie etwa an der "Ungewöhnlichkeit"
665 3384 4071 3712 meiner Heiratratsabsichten störe – u. dass es zwar
683 3535 4129 3787 alle Onkels u. Tanten stören dürfe, aber doch
701 3743 4147 3969 nicht sie, die mich kenne. Das war ehrlich, u.
741 3983 4102 4284 hat sie etwas als für mich gewon[n]en. Es ist
741 4164 3934 4457 nämlich so weit, dass sie sich zermartert,
772 4417 4227 4657 weshalb ich eigentlich heirate – u. ich möchte
776 4666 4125 4892 es vermeiden, dass sie dafür nur die aller¬
745 4839 4160 5140 negativsten Auslegungen findet. Plumpe Lügen
714 5051 4045 5300 kan[n] ich ihr nicht anbieten, es würde ihre
741 5313 3663 5530 Sorge vermehren u. sie doch keinesfalls
690 517 4137 840 täuschen — Dass ich aber einfach einen Menschen
729 813 4155 1074 haben will, u. in diesem Zwecke einen wähle,
712 990 3960 1255 mit dem ich auskommen kann – das ist
663 1220 4212 1525 einfach u. glaubwürdig, – u. dass dafür Claude
681 1503 4049 1724 geeigneter ist, als ein enorm fremdartiges,
756 1697 3956 1909 weil ernorm männliches Wesen, das weiss
667 1918 4088 2161 Mama nun auch, – wen[n] Sie es auch um ein
690 2130 4234 2440 Haar dahin bringen wollte, ihn als "Schwächling"
685 2320 4234 2630 herabzusehen, den ich aus purer Bequemlichkeit
672 2537 4062 2882 heirate. (Mit dieser Auslegung began[n] nämlich
685 2776 3872 3085 das Gespräch, zu meiner Überraschung will
703 2939 4053 3266 Mama nichts mit dieser Ehe zu tun haben –
685 3249 3722 3523 eine Radikalheit, die mir, ich gestehe es,
707 3448 1441 3700 imponiert) –
698 3664 3735 3943 Die Lage ist also geklärt, der fahre allein,
698 3881 3845 4186 Mama erhofft sich von dem Ganzen nichts
747 4115 4058 4354 weil sie es einerseits "durchschaut", andererseits
751 4327 3810 4619 aber der Tradition entsprechend, denkbar
796 4548 4066 4822 negativ auslegt u. deshalb ablehnt – bald
813 4796 3792 5026 werde ich mir ganz einfach sehr viel
787 5003 4150 5264 vom Stand der Ehe erwarten! Es schwebt
734 5185 4155 5516 auch, dass ich gar nicht fahren soll, vorläufig
766 547 4010 804 denn ein greulicher Husten, eine Dreiviertels-
809 762 4108 1056 Grippe halten mich gepackt u. geschwächt.
762 981 3968 1262 Aber, nun bestehe ich eben darauf. Es muss
766 1192 4043 1482 jetzt einmal erprobt werden – und im frühen
692 1454 3959 1729 Som[n]er kan[n] ich dafür mit E.- in Sils sein.
738 1636 3772 1888 Und dan[n], fährst Du doch mit, Klaus?
757 1860 4262 2164 Dieser Brief, mein Lieber, könnte Dich vielleicht
710 2089 4122 2379 sehr langweilen – ich merke eben, dass ich mir
724 2328 4038 2575 gedankenlos die psychologische Neuigkeit der
701 2524 3968 2748 Überlegungen meiner Frau Mutter vom Herzen
687 2743 4005 3015 geschrieben habe. Nichts für ungut. – Dein zweites
644 2968 3795 3202 Kapitel hätte ich auch zu gern noch gehört –
654 3159 4005 3459 zurückdenkend, zerfezt sich mir das Leben der
701 3374 3954 3669 lezten Jahr in lauter kleine Episoden, die
644 3585 3846 3926 dem Ganzen mit unheimlicher Deutlichkeit
720 3790 4024 4136 das Provisorische einprägen – nichts dauert,
738 4052 3730 4370 nichts rundet sich, nichts ist zu halten –
631 4244 3660 4534 u. genau so wird, zum allerletzten Mal
832 4491 4276 4791 zurückdenkend, das Sterben sich präsentieren.
644 4777 4244 5015 – Ich glaube, was wir sind: wir kön[n]ten einfach
654 4968 3861 5174 nicht mehr sesshaft sein u. die Illusion des
644 5136 4113 5436 Dauernden, zu einem Ziel Führenden, aufrecht er¬
644 5398 1061 5552 halten?
284 727 335 4487 Grüsse alle Lieben. Sag Friedrich dass ich ihn mehr liebe als er
478 734 556 5241 mich, u. dass mich dies freut. zu später Stunde, im Treuen:
159 4930 196 5215 Miro
