3656 4664
2054 254 2955 657 19. Septembre 27
2041 725 2899 943 Bocken / Horgen
1093 1080 1872 1305 Ma chère Dominique
683 1430 2227 1681 Oui, l'automne est là –
739 1631 2073 1911 comme il fait froid! Je
712 1803 2417 2057 suis malade, j'ai même
736 1988 2547 2216 été bien malade. Je suis
728 2168 2581 2481 donc pas partie pour Fetan.
797 2343 2507 2597 Je suis triste sans être
823 2512 2563 2830 resigner – mais j'aurais
845 2695 2915 2955 besoin d'un cheer up, tu sais!
868 2947 3000 3227 Je me fais lire par Grandmaman
935 3113 2581 3495 "Napoleon" par E. Ludwig.
935 3418 2637 3714 Napoleon – c'était un génie.
774 558 2410 982 Mais aujourd'hui les
799 864 2541 1168 Occasions ne sont pas
793 1116 1666 1365 les mêmes. –
853 1247 2705 1553 Je suis aussi triste parceque
933 1512 2907 1811 je ne peux pas accepter ton
963 1696 2891 2076 invitation. Les causes? Je ne
908 1852 2916 2254 sais pas, on me veut avoir
897 2161 3044 2470 ici. Viens chez moi en Novembre!
916 2377 3101 2626 Je rivien de Fetan – mais avant
960 2552 2880 2817 il faut reprendre du forces
979 2773 3014 3039 pour y aller, et pour passer
990 2984 1742 3184 la Matura.
886 3140 3088 3419 En printemps, Papa me prendra
886 3359 2762 3651 avec lui pour l'Amérique.
916 3564 2910 3807 Alors sois sûre que ee Vienne
1094 3733 1491 4020 te voir.
524 913 612 3925 P.S. Ecrits-moi si tu trouves temps. Ma tête
377 1508 471 3627 travaille toujours, je suis pleine
251 1675 288 3640 d'idées. Les forces manqueant.
