3512 4448
197 288 461 430 I
2654 322 3212 570 25. Sept. 28
664 699 1501 953 Lieber Ernst –
754 912 2918 1102 Du schriebst mir im richtigen
783 1037 2809 1247 Augenblick. Ich kam eben
705 1179 3328 1411 von einem Aufenthalt in Deutschland
722 1314 3315 1549 zurück, die Mutter u. die Verwandten
780 1466 3237 1701 meiner kleinsten Fetaner Freundin
760 1607 2745 1820 hatten mich kom[en lassen –
728 1746 3060 1933 Selten ist mir in weniger Tagen
789 1901 3166 2126 unter  "fremden" Menschen so viel
770 2029 3360 2265 Freundschaft, Vertrauen, Liebe begegnet.
715 2174 3170 2374 ich war benom[m]en davon: [Farbstift] im[er bin
818 2329 3373 2567 ich in plötzlicher Begegnung, rascher
747 2487 3202 2683 Zuneigung stärker gebunden als durch
760 2571 2184 2812 langes Bekan[t-Sein.
783 2728 3051 2941 In solchem Stunden, da Dir ein
792 2860 2880 3125 neuer Mensch begegnet, darf
809 3025 3311 3253 man wohl von Kairos sprechen?
2007 3160 3334 3389 Nach 2 Tagen musste
796 3289 2574 3514 ich fort. War sehr mutlos –
786 3450 2864 3640 Als ich aber Deinen Brief
796 3595 2893 3779 las, fand ich es wieder. Das
805 3695 2841 3907 Unerklärbare, welches Du die
831 3846 3328 4120 Tugend der geistigen Leidenschaft nen[st.
387 240 563 389 II
828 301 3242 546 Das Grosse an ihr, u. das was die
878 481 3165 698 Meisten nicht verstehen, scheint
819 627 3127 797 mir dieses:[Farbstift] Dass nicht ich sie
847 748 3155 1005 besitze sondern sie mich. Dass
884 915 2916 1111 ich in Wahrheit von ihr
769 1046 1728 1207 besessen werde.
847 1148 3341 1430 Aber nur in seltenen Augenblicken.
881 1440 3000 1666 [space] Manchmal denke ich dass ich die
1036 1588 3025 1830 "Sin[losigkeit" des Daseins werde
872 1756 2947 1911 überwinden können. Die Welt
859 1902 3000 2113 rundet sich zur ei Einheit (in
890 2048 2938 2243 Ahnungen erst) u. dan[ fühle
931 2175 2814 2364 ich Tun u. Leiden, Lieben –
887 2314 3338 2544 Geliebtwerden schicksalshaft verknüpft.
909 2460 2851 2650 Das ist es, was ich meinen
959 2587 2435 2829 Glauben nen[en möchte.
884 3019 2978 3258 [space] Leider kon[ten wir Son[tag nicht
897 3165 3068 3369 nach Rein kom[en: Mama kam
887 3317 2789 3543 endlich nach Hause. Sie u.
850 3465 2879 3726 Grossmama grüssen herzlich,
884 3602 1657 3807 ebenso wie ich.
1914 3887 2522 4095 An]emarie
264 4055 2684 4281 P.S. Ist das Juli-Heft des W.V. nicht schön?
249 144 1758 355 Welchen Unsin[ tren[t und Volk zu Der
303 312 1967 458 Sablatost, - einst der Christ u ich fourte
303 452 1964 650 Die Bibelfarrl den A. ges bestet Welt v
297 591 1886 807 Teufel beim. Die Opost die beide
292 746 1454 973 Apostel wählen Alt-Rom
290 854 1994 1074 Te men vell letz Gewinn, aber kommt
297 1005 1713 1232 it nicht zu heri, die Gemeinde
441 1171 1892 1400 4) Pharisäische Selbstgerechtigkeit
348 1351 1834 1526 sie sind die Beprit und alle
339 1456 1886 1668 and Welt ist vellant. Sie geben
364 1614 1908 1816 Dittern alle Welcht gepachtet
355 1762 1877 1958 und vestertzen 4G de P/a sag.
391 1888 2032 2106 sir isit heure gesetzt und du huit
434 2018 1931 2230 de Vous gu tcolle. Ois du
429 2182 1823 2389 und einfaltigen Worte gelt?
432 2308 1960 2537 indled einmal offentlich dezer
510 2470 1960 2686 leg. Scheiben ist nicht sehen
501 2600 2009 2803 habe da, wo man ja lege ich
479 2767 1973 2958 Ken ein Gefahr eine Hein unte¬
476 2872 2063 3075 wüller zu sein anfangen oder
535 3025 1272 3218 heben in Gefahren
373 3005 501 3239 et
2003 1802 2101 1942 des
2418 216 3911 360 utgall and an einer Umstell
2439 330 4016 571 Sonez en Avril gearbeit. O a
2441 494 4115 701 A Un montant en a un Anfrage
2457 665 4144 868 an eine Mein der Situngen, und
2459 827 4113 1063 wenn soll nun und da nicht
2436 1007 4106 1281 den einen Reis einmal nicht und
2454 1193 4052 1447 in den Mayen so vil M de
2481 1393 4111 1647 Kirrigesche weill die Verhähltet
2495 1553 4129 1802 remogen. Un konte let je lay g
2522 1755 4232 1955 übrig ist zu lange mit geneigt
2466 1895 4158 2090 Geven, auf bei Acht zu hin od
2483 2027 4075 2268 nach Beid Sich zu hart. Sie soll
2479 2209 4075 2407 indied en   entschied all de
2495 2371 4111 2567 Selet 8 ans en Prototen ausrott.
2450 2546 4255 2717 Wir haben Ja keine Wor ug 5 auf
2454 2681 4124 2868 de du vild Bab logibut lot ce
2474 2800 4072 3027 ist gein der di erst Schule in til
2492 2998 2585 3122 sûre
2724 2976 4097 3169 ver ist. de gans de nulle
3012 3115 3976 3293 sond die Kühl vor
2477 3180 2621 3306 de
2699 3135 2886 3335 Selib
3200 3248 3749 3373 Dambartin
2985 3279 3129 3365 Au
2758 3268 2917 3373 Au
