5240 7290
2855 902 4186 1168 Farmanieh, 12. Juni
923 1550 4619 1841 \p\Klaus Heinrich, mein sehr Lieber – da kam Dein Brief, wie
969 1774 4512 2029 gewöhnlich zusam[m]en mit einem von Eri, wen[n]gleich aus
928 1948 4517 2152 anderen Weltgegenden abgeschickt – u. eine sehr gelungene
913 2111 4507 2345 u. anziehende Num[m]er der "Sam[m]lung". Kurz, Ihr seid
953 2310 4645 2524 mir tröstlich näher gerückt, u. ich bin dadurch ganz
953 2432 4543 2702 heiter gestimmt! Ja, man sollte natürlich der Sam[m]lung
928 2636 4507 2830 weiterhelfen — ich bin voll guten Willens. Aber: ich habe
928 2758 4609 2962 einfach diesmal zur Zeit die 600.- nicht frei. Etwas
928 2911 4451 3141 verschuldet reiste ich ab, u. musste trotzdem trachten,
933 3085 4711 3350 dass im Juni Sils für 6 Monate bezahlt werde, damit
953 3222 4599 3482 Eri u. die Theres dort keinen Ärger erleben. Es bleiben
974 3391 4829 3651 mir heute 700.- von denen morgen 200.- an Dich abgehen,
943 3579 4614 3783 den[n] schliesslich müssen wir alle leben – während der
959 3717 4864 4023 Rest dem im Gehalt stark gekürzten Claude [Clarac oder Bourdet? Ev. mithilfe der Bourdet-Briefe zu erfahen, aber wohl eher Clarac, da Bourdet unten mit Nachname genannt wird] beistehen sollte
974 3906 4604 4186 u. doch schon für meine kleinen Ausgaben bis im
959 4074 4987 4334 September reichen soll [add above line: muss]. Du siehst, – u. im September solltest
953 4257 4880 4507 Du Dich doch auf die Reise begeben! — Aber ich unternahm
953 4446 5043 4630 schnell einen Pumpversuch, u. hoffe stark, Du (oder Friedrich)
938 4543 5017 4946 erhälst das Geld, auf dem Weg über Claude Bourdet, (doch
989 4762 2009 4981 nicht von ihm! –)\:p\
943 4925 4864 5129 Unsere Reisepläne: unter uns – habe ich mit Claude noch
984 5078 4808 5333 nicht davon gesprochen, dass ich ihn im Herbst verlasse –
938 5231 4665 5496 Er hofft sehr, dass Du kom[m]st – ich denke, auf dem
999 5430 4803 5695 kürzesten u. einfachsten Weg, dem russischen – September
1004 5593 4630 5874 wäre dafür eine gute Jahreszeit. Wir könnten dann das
1004 5756 4716 6037 merkwürdige, feindliche Land zusam[m]en besehen – u. ich
999 5920 4630 6180 mit Dir, auf längerem Wege?, zurückkehren. Claude
989 6118 4798 6394 wird es bis dahin selbst einsehen – es ist zu absurd,
974 6236 4885 6516 dass ich hier den Winter als Diplomaten-Nesthäkchen
979 6424 4553 6690 durchtaumeln soll – im Sommer ist es anders, besser,
969 6623 4640 6853 freier u. ländlich. Wir haben Logierbesuch – den[n] auch
1121 507 4733 845 trug dazu bei, dass ich mich besser fühlte diese letzten
1140 729 4704 1009 Tage: Es sind das Ehepaar Seyrig [siehe Fotografien], aus Beyrouth –
1121 918 4690 1150 Direktoren der Syrischen Antiquitäten – die ich im
1154 1125 4661 1406 "Reisetagebuch" [Winter in Vorderasien] schon liebevoll, dankbar u. voller
1130 1309 4791 1623 ehrlicher Achtung erwähnte. Seyrig hat alles gelesen
1169 1546 4777 1797 was ich jetzt schreibe, u. findet es gut. Er hat die
1169 1657 4651 2004 "Lyrische Novelle" dreimal gelesen u. beurteilt sie
1174 1850 4844 2202 mit Liebe, doch kluger u. eindringlicher Kritik. Dass
1154 2140 4497 2357 er die neuen Novellen lobt, stärkt mich. Ich
1111 2304 4912 2594 bin immer fleissig, u. schicke das Manuskript bald.
1121 2478 4535 2821 Vielleicht wird es etwa mit dem Peter J. [Peter Ilitsch Tschaikowski = KMs Buchprojekt Symphonie Pathétique] fertig –
1125 2714 4637 2985 Friedrich schrieb, dass er nicht allein u. 100% zu
1096 2927 4603 3188 entscheiden hat – meinst Du, meint Ihr, ich
1125 3120 4844 3420 sollte doch vorher Eugen Rentsch in Küsnacht
1125 3304 4289 3642 versuchen, oder gar Landauer u. De Lange?
1101 3449 4985 3777 \p\Schreib über all dies, u. bald, u. über Persönliches
1125 3714 4859 3961 u. wie es mit Friedrich u. seiner Familie steht! –\:p\ [vertical space]
1077 4226 4333 4608 \p\Der Brief ist in Eile geschrieben, zu flüchtig, um
1072 4415 4328 4830 Dir viel Zärtliches zu bringen – doch bin ich Dir
1092 4642 3864 5139 von Herzen stets u. mehr treu u. zugetan,\:p\
2990 5110 3415 5395 Miro
1043 6018 4535 6453 P.S. Ich schicke Brief u. Geldscheine nach Sils – hoffentlich
1304 6298 4482 6656 findet Ihr es dort wohnlich, obwohl es recht
1328 6482 4473 6849 unordentlich aussehen musste — Haltet Euch sehr
1270 6685 4497 6946 an Frau Godli, sie ist redlich – u. denkt Euch aus u.
1290 6781 4376 7090 berichtet es mir, wie man die kleine Häuslichkeit
1275 6960 4279 7187 herrichten krönnte! – Grüsse für E. u. die Theres –
