1900 1232
1596 55 1839 170 15. Juni
1307 145 1497 218 Bocken
1209 197 1604 262 OB HORGEN. ZÜRICHSEE.
306 308 1766 433 Mein lieber Onkel Georg! Hier schicke ich
333 410 1778 488 Dir die anatolischen Riesenpilze du mir
295 486 1778 593 des Formates wegen, besonderes Vergnügen
312 574 1730 649 bereiten. Doch Schreibe ich nicht deswegen,
302 656 1818 731 Sondern um Dir mitzuteilen dass Herr u.
322 735 1803 829 Frau Professor Mann Anfang nächsten Woche
304 832 1839 943 aus N. York zurückkommen. Ich habe dann
308 911 1831 1033 vor ihrer Abweise, Deinen Auftrag übermittelt
310 1003 1678 1137 u. sie wurden sich besonders freuen
189 79 1433 189 nach Winterthur zu kommen u. Eure
189 172 1856 291 Bekaufschaft zu machen, ebenso auch Herrmann
206 262 1833 394 Dubs in sehen. Vielleicht schreibst Du Professor
237 351 1642 488 Mann, da er jetzt unvermiert ist? Er
222 482 1665 567 Wünscht sich übrigens auch sehr, die
251 554 1746 698 Sammlung von Oskar Reinhardt zu sehen.
239 660 1549 770 Ich gebe Dir jedenfalls der Advasse:
496 758 1399 876 Schiethaldenstrasse 33
1061 876 1462 970 Küsnacht.
245 978 1680 1105 u. bin, mit vielen herzlichen Grüssen
677 1078 870 1159 Deine
1341 1113 1686 1186 Annemann
