5312 6794
472 462 1751 679 ANNEMARIE SCHWARZENBACH
935 620 1323 772 DR. PHIL.
4269 551 4678 757 4. Juli
1013 1412 4796 1530 \p\Mein liebes Kläuschen, nun hat sich, innerhalb weniger Tage, die
1033 1500 4855 1638 Welt wieder einmal gedreht und man wüsste nicht wo mit Schrei¬
1043 1589 4988 1766 ben einsetzen – wäre, was in Deutschland geschieht, nicht eigentlich
1043 1717 4776 1859 \g\nur\:g\ schrecklich und dabei fast uninteressant – Man wusste ja,
1033 1795 4919 1923 dass es einmal so oder ähnlich beginnen würde – und das moralisch
1043 1918 4855 2071 Getarnte, immer schon Hitler-Art, ist diesmal so ins Grauenhafte
1058 2012 4742 2145 und Zynische verzerrt worden, dass selbst die Zürcher Zeitung
1048 2145 4781 2253 und wohl einfach jedermann laut entrüstet zu sein vermag. Ach,
1043 2233 4835 2371 ob nun die Leute das Gruseln lernen? Mich freute eigentlich nur
1033 2331 4609 2469 der Aufsatz von Konrad Falke "Methoden der Gewalt", denn was
1043 2450 4555 2568 nötig und allenfalls sinnvoll ist, ist ja nicht: sich gegen
1028 2528 4820 2661 die Nazis entrüsten – die sind nun schon mitten in der blutigen
1028 2641 4914 2750 Katastrophe – sondern \g\gleich\:g\ das Augenmerk auf die Schweizer
1048 2730 4914 2882 Fronten richten, gleich sie blosstellen, gleicht die noch Entsetz¬
1058 2818 4727 2971 ten warnen – und das tat der Falke, fand ich, recht überzeugend.
1043 2951 3192 3069 Ja, nun und die persönlichen Sorgen –\:p\
1043 3010 4742 3163 \p\ich schreibe hier, wenn ich nicht Zeitung lese, emsig wie eine
1043 3123 4924 3271 Biene. Doch bin ich fast ängstlich, es gehe zu leicht von der Hän
1043 3261 4874 3369 Hand – Es werden kurze Geschichten, die sich aber, da Personen und
1033 3340 4988 3473 das Expeditionshaus alles verbinden, fast zu einem Roman lockerer
1043 3448 4781 3581 Art zusammenreimen – Der Expeditionsleiter ist ein Trunkenbold,
1033 3561 4747 3694 sein Assistent Tobby auf dem besten Wege dazu, doch noch jung
1053 3669 4791 3797 und hübsch und geschwätzig, auch hat er Jndianerblut – Die klei¬
1053 3787 4727 3905 nen Geschichten sind alle harmlos, so richtig packend und
1058 3886 4717 3994 erschütternd wird nichts vorkommen, nicht einmal eine Liebes¬
1058 3979 4668 4107 geschichte – kann man das den Lesern bieten? Natürlich ist der
1053 4078 4811 4210 Grundton syrisch und daher schwermütig und einsam, und das von
1038 4151 4579 4299 Europa Gelöste drückt sich etwa darin aus, dass die jungen
1048 4260 4747 4422 Leute sich wie "meuternde Soldaten" fühlen – und alles ein wenig
1048 4383 4929 4579 bitter belächeln und hassen und auch wieder lieben, was vom [sic] dort
1048 4510 1564 4653 kommt ...\:p\
1058 4540 4752 4737 \p\Ja, ob das genügt? Nun, da ich es Dir schreibe, meine ich: ja, und
1043 4678 4840 4825 weshalb nicht. Aber die Zeitungen sind es wohl die mich stören,
1058 4801 4742 4914 überhaupt gerate ich wieder furchtbar in das Geleise stiller
1033 4884 4747 5037 Entmutigung und Unsicherheit die sich nicht recht fassen und
1048 4988 4761 5130 bannen lässt. Das Wohin und Wozu nimmt grässliche Traumformen
1053 5096 4619 5224 an, wohl auch Persien zufolge, was schon wieder sein grosses
1053 5204 4860 5322 Hochebenen-Gesicht öffnet. Das äusserlich so gemachte Bett hier
1053 5317 4870 5445 ist mir immer noch unwirklich, ein Ferienzustand – und dort komme
1053 5396 4555 5519 wieder der Ernst. Hier sei ein künstliches Gebilde und gar
1048 5504 4811 5632 nicht mehr "Erde" – dort wieder Sonne und Schatten, Staub, Einsam¬
1043 5612 4806 5760 keit, Besinnung – Und gerade dann erhebt sich das WOZU in seiner
1058 5730 3074 5863 grausamsten entmutigendsten Form.\:p\
1043 5799 4747 6016 \p\Dass ich es \g\Dir\:g\ schreibe, ist unbrüderlich gehandelt – lieber
1048 5942 1446 6070 Klaus –\:p\
1033 5986 4078 6193 \p\Maud ist absolut reizend. Jst das zu so wenig gut?\:p\ [vertical space]
1067 6281 3930 6581 \p\– Vernahmt Jhr dass der Voss zu den Erschossenen\fml\\:p\
1140 763 4455 911 \p\\fml\gehört? Mir war einen Tag lang übel, als ich es vernahm –
1088 887 4350 1045 es liegt darin eine grausige, und auf noch viele anzu¬
1083 987 2318 1126 wendende Konsequenz.\:p\
1083 1030 4622 1212 \p\Persien ist kein Schicksal. Nur eine ganz grosse Erfahrung,
1088 1188 4589 1326 denk ich mir. Man soll sich nicht zu äusserlich heroischen
1107 1302 4288 1412 Formen zwingen,ausser wenn es zwingend wäre: etwa die
1073 1412 4350 1536 archäologische Tätigkeit und der Kreis indem [sic] sie sich
1083 1498 1636 1641 abspielt.\:p\
1083 1574 4465 1727 \p\Und schliesslich muss man, um die kleinen Geschichten zu
1097 1698 4469 1846 schreiben, soviel Zeit haben wie das Leben es einem kaum
1088 1798 4398 1927 übrig lässt. Das ist es: hier habe ich eine Gnadenfrist,
1083 1913 4345 2027 und merke, eigentlich wäre es erst ein geringer Anfang
1073 2003 4360 2132 zur nötigen inneren Befriedung, und schon schreibe ich
1088 2089 4469 2228 voller Eile, weil ich weiss,ich habe ja nicht oft soviel
1073 2204 4598 2352 Zeit ... da sitzt vielleicht das Uebel. Einmal zum Schreiben
1097 2309 4517 2442 entschlossen, sollte ich den anderen Ehrgeiz und Willens¬
1088 2423 2452 2576 triumph fahren lassen.\:p\ [vertical space]
1078 2814 4789 2972 \p\Es ist mir arg, dass ich nicht nach Holland fahre. Aber es ist
1088 2934 4460 3058 sehr weit. Jst der Beps [Herbert Franz] nun da und hat er Lederhosen an?
1083 3015 4727 3158 Hast Du den dumm-dreisten Bericht über Edinburg gelesen, von
1088 3134 4732 3287 einem gewissen Peter Meyer? Korrigierst Du Fahnen der "Flucht
1078 3244 4842 3382 nach Norden?" Grüsst Du \g\alle sehr\:g\ aus innigem Herzen von
1059 3329 4899 3506 mir? Und schreibst bald? Es wäre \g\wohlgetan\:g\, glaub es einer
1078 3463 3272 3620 beunruhigten und leicht schlaflosen\:p\
3229 3744 3577 3988 Miro
1641 4269 4746 4527 P.S. Könntest Du mir gleich den Aufsatz
1898 4484 4279 4713 über Gertrude Bell schicken?
568 6096 2538 6368 Bad Gastein, Hotel Astoria
