3530 4484
2652 242 3067 454 I.XI.29
467 284 2280 529 Franz va bien, il est encore au
477 457 2260 614 service militaire. Jutta semble
477 483 3100 745 rentrer bientôt. Avez vous vu Vrene Reinhart?
2584 673 3283 843 Ecrivez moi !
764 774 1986 1078 Ma chère  Jaqueline
728 1003 2923 1225 Pour commencer : je serre vos
719 1137 3090 1382 deux main pour vous féliciter,
725 1355 2887 1614 un peu tard, mais de tout
670 1548 3077 1836 mon coeur. Ce n'est pas ma
689 1741 2972 2094 faute de ne pas avoir su le
725 1986 2848 2299 jour de votre anniversaire !
676 2192 3256 2486 je vous remercie de m'avoir écrit.
745 2368 3319 2669 Vous êtes gentille, Jaqueline – j'aime
768 2580 3289 2910 que vous êtes si franche. Je vous
745 2783 3041 3116 ai dejà dit que cela ne fait
706 3087 3172 3296 rien si vous ne pouvez pas
719 3292 3286 3563 vous rappeler clairement de moi.
741 3511 3292 3743 Je vous assure que cela n'a rien
728 3691 3289 4008 à dire. La vie est si bonne : on
725 3939 3328 4325 se reverra un jour. C'est simple
602 444 1191 682 et bien.
602 578 3150 881 J’ai beaucoup d’amis, mais pas
599 799 3153 1036 un seul à Zurich. Afin, peut-être
620 974 3088 1260 c'est méchant et ingrat de dire
599 1153 3250 1439 cela, mais que voulez-vous : j'ai,
571 1346 3336 1632 dans l'amitié, besoin de tendresse.
558 1573 3208 1869 Du reste je ne sais pas pourquoi
613 1752 3098 2028 je vous écris juste ça – C'est
613 1983 3291 2255 pour vous dire que je pense aux
596 2158 1952 2417 grandes routes ...
668 2324 3305 2668 Jaqueline! j'étouffe de travail. J’ai
658 2582 3263 2847 2 conférences à préparer. J’écris
647 2730 3363 3074 encore pour le journal. Je dors assez
630 2957 3053 3212 peu. Mais je pense aux grande
633 3191 1136 3377 routes!
602 3298 3374 3584 N'est-ce pas, nous aurons des jours
658 3480 3095 3739 libres et heureux? Vous n'en
640 3697 2623 3993 doutez pas? n'est-ce pas?
644 3959 2303 4269 Et pour ce soir : bonne nuit!
2379 4031 3136 4262 Annemarie
