<?xml version="1.0" encoding="UTF-8"?>
<validation-wrapper>
   <PcGts xmlns="http://schema.primaresearch.org/PAGE/gts/pagecontent/2013-07-15">
      <Metadata>
         <Creator>prov=READ-COOP:name=TrHtr:version=2.48.1:model_id=579509:date=13_07_2026_14:31</Creator>
         <Created>2026-07-10T17:06:40.225+02:00</Created>
         <LastChange>2026-07-13T15:21:40.253+02:00</LastChange>
         <TranskribusMetadata docId="17387800"
                              pageId="123935373"
                              pageNr="1"
                              userId="210611"
                              imgUrl="https://files.transkribus.eu/Get?fileType=view&amp;id=YDLKPFEOTYHAGCKPZUUAUFSQ"
                              imageId="105446674"/>
      </Metadata>
      <Page imageFilename="letter_0918_001.jpg"
            imageWidth="3701"
            imageHeight="4718">
         <TextRegion orientation="0.0" id="tr_1" custom="readingOrder {index:0;}">
            <Coords points="809,352 809,4560 3419,4560 3419,352"/>
            <TextLine id="tr_1_tl_1" custom="readingOrder {index:0;}">
               <Coords points="2277,476 2328,450 2487,438 2532,438 2606,473 2644,458 2668,467 2671,364 2611,384 2538,343 2493,367 2407,331 2357,343 2304,390 2280,382"/>
               <Baseline points="2293,447 2318,447 2343,443 2369,440 2394,439 2420,437 2445,435 2471,434 2496,432 2522,434 2547,435 2573,435 2598,435 2624,435 2649,436 2675,438"/>
               <TextEquiv>
                  <Unicode>Adresse</Unicode>
               </TextEquiv>
            </TextLine>
            <TextLine id="tr_1_tl_2"
                      custom="readingOrder {index:1;} textStyle {offset:0;length:6;underlined:true;}">
               <Coords points="2283,636 2434,609 2611,695 2677,636 3413,606 3413,544 3366,529 3043,532 2836,482 2685,547 2520,503 2283,518"/>
               <Baseline points="2299,615 2355,611 2411,606 2467,603 2523,603 2579,604 2635,609 2691,611 2747,612 2803,607 2859,603 2915,601 2971,597 3027,597 3083,597 3139,597 3195,600 3251,598 3307,600 3363,605 3419,612"/>
               <TextEquiv>
                  <Unicode>Utting, Ammersee</Unicode>
               </TextEquiv>
            </TextLine>
            <TextLine id="tr_1_tl_3" custom="readingOrder {index:2;}">
               <Coords points="796,1381 1292,1310 1573,1420 1780,1357 2082,1440 2399,1349 3167,1405 3165,1301 2780,1224 2620,1304 1411,1224 1230,1284 1103,1192 790,1165"/>
               <Baseline points="809,1301 927,1306 1045,1314 1163,1319 1282,1324 1400,1329 1518,1337 1636,1340 1755,1344 1873,1351 1991,1355 2109,1349 2228,1348 2346,1349 2464,1352 2582,1355 2701,1356 2819,1358 2937,1367 3055,1377 3174,1397"/>
               <TextEquiv>
                  <Unicode>Jaqueline, très gentille, je suis si contente de</Unicode>
               </TextEquiv>
            </TextLine>
            <TextLine id="tr_1_tl_4" custom="readingOrder {index:3;}">
               <Coords points="831,1473 1434,1491 1736,1585 1914,1514 2425,1523 2611,1600 2742,1535 2975,1559 2969,1414 2824,1476 2262,1434 2091,1488 825,1375"/>
               <Baseline points="848,1463 954,1462 1061,1468 1168,1472 1275,1478 1381,1487 1488,1494 1595,1503 1702,1510 1808,1511 1915,1516 2022,1513 2129,1514 2235,1516 2342,1520 2449,1527 2556,1531 2662,1531 2769,1534 2876,1535 2983,1540"/>
               <TextEquiv>
                  <Unicode>ton invitation et de savoir que tu</Unicode>
               </TextEquiv>
            </TextLine>
            <TextLine id="tr_1_tl_5"
                      custom="readingOrder {index:4;} textStyle {offset:12;length:1;strikethrough:true;}">
               <Coords points="831,1638 2434,1704 2399,1579 1597,1585 1470,1529 1257,1582 1165,1520 1014,1585 828,1517"/>
               <Baseline points="848,1630 927,1624 1007,1624 1086,1630 1166,1631 1245,1639 1325,1644 1404,1651 1484,1656 1563,1663 1643,1663 1723,1665 1802,1666 1882,1668 1961,1660 2041,1661 2120,1661 2200,1670 2279,1681 2359,1686 2439,1693"/>
               <TextEquiv>
                  <Unicode>vas bientôt d te marier –</Unicode>
               </TextEquiv>
            </TextLine>
            <TextLine id="tr_1_tl_6" custom="readingOrder {index:5;}">
               <Coords points="807,1786 1517,1890 1816,1825 2413,1857 2591,1940 2916,1905 2910,1831 2295,1763 2123,1683 1911,1786 801,1668"/>
               <Baseline points="824,1776 928,1774 1033,1779 1137,1791 1242,1796 1347,1806 1451,1815 1556,1818 1661,1823 1765,1824 1870,1825 1975,1827 2079,1833 2184,1835 2289,1846 2393,1860 2498,1861 2603,1868 2707,1878 2812,1886 2917,1902"/>
               <TextEquiv>
                  <Unicode>Je n’étais plus en Suisse depuis 5</Unicode>
               </TextEquiv>
            </TextLine>
            <TextLine id="tr_1_tl_7" custom="readingOrder {index:6;}">
               <Coords points="801,1973 1224,1967 1455,2050 1724,1982 2085,2058 2274,2005 2999,2106 2990,1958 2606,1928 2467,1993 2292,1902 1810,1925 1665,1866 1428,1919 1216,1845 793,1845"/>
               <Baseline points="815,1943 924,1937 1033,1943 1143,1953 1252,1963 1362,1971 1471,1975 1580,1975 1690,1973 1799,1979 1909,1983 2018,1996 2127,2003 2237,2006 2346,2010 2456,2018 2565,2025 2674,2038 2784,2048 2893,2065 3003,2087"/>
               <TextEquiv>
                  <Unicode>semaines, je travaille ici, écrivant</Unicode>
               </TextEquiv>
            </TextLine>
            <TextLine id="tr_1_tl_8" custom="readingOrder {index:7;}">
               <Coords points="831,2109 2807,2248 2801,2135 2606,2168 2316,2076 2038,2141 1928,2070 1600,2029 1349,2070 822,2005"/>
               <Baseline points="845,2099 943,2103 1041,2109 1140,2114 1238,2119 1336,2126 1435,2133 1533,2139 1631,2143 1730,2148 1828,2158 1926,2164 2025,2171 2123,2178 2221,2182 2320,2188 2418,2191 2516,2196 2615,2208 2713,2217 2812,2230"/>
               <TextEquiv>
                  <Unicode>un nouveau livre – C'est une vie</Unicode>
               </TextEquiv>
            </TextLine>
            <TextLine id="tr_1_tl_9" custom="readingOrder {index:8;}">
               <Coords points="819,2333 952,2277 1482,2328 1653,2419 2254,2381 2887,2458 2875,2313 807,2192"/>
               <Baseline points="830,2278 933,2279 1036,2288 1139,2295 1242,2299 1345,2310 1448,2316 1551,2323 1654,2333 1757,2346 1860,2353 1963,2357 2066,2361 2169,2367 2272,2377 2375,2384 2478,2396 2581,2403 2684,2411 2787,2421 2890,2427"/>
               <TextEquiv>
                  <Unicode>paisible avec mes amis Erika</Unicode>
               </TextEquiv>
            </TextLine>
            <TextLine id="tr_1_tl_10" custom="readingOrder {index:9;}">
               <Coords points="834,2532 1375,2487 2129,2641 2464,2582 2937,2635 2928,2535 2709,2487 1925,2443 1837,2499 1591,2396 822,2393"/>
               <Baseline points="845,2469 955,2470 1065,2472 1176,2478 1286,2486 1397,2492 1507,2498 1618,2506 1728,2516 1839,2524 1949,2531 2060,2541 2170,2550 2281,2556 2391,2567 2502,2576 2612,2591 2723,2600 2833,2611 2944,2630"/>
               <TextEquiv>
                  <Unicode>et Klaus Mann que j'aime tant.</Unicode>
               </TextEquiv>
            </TextLine>
            <TextLine id="l"
                      custom="readingOrder {index:10;} textStyle {offset:0;length:20;underlined:true;}">
               <Coords points="813,2532 1047,2535 2650,2759 2839,2836 2842,2869 2768,2887 1979,2901 1266,2818 837,2742"/>
               <Baseline points="845,2672 914,2675 983,2681 1053,2682 1122,2685 1192,2692 1261,2700 1330,2707 1400,2718 1469,2729 1539,2738 1608,2744 1677,2747 1747,2760 1816,2769 1886,2775 1955,2779 2024,2791 2094,2802 2163,2809 2233,2809 2278,2806 2306,2808 2335,2811 2363,2817 2392,2821 2421,2825 2449,2826 2478,2827 2507,2828 2535,2831 2564,2835 2593,2839 2621,2843 2650,2847 2679,2851 2707,2854 2736,2858 2765,2862 2793,2866 2822,2870 2851,2875"/>
               <TextEquiv>
                  <Unicode>Si toujours possible je viendrai</Unicode>
               </TextEquiv>
            </TextLine>
            <TextLine id="tr_1_tl_13" custom="readingOrder {index:11;}">
               <Coords points="881,2878 1304,2913 1461,3002 1541,2940 1925,3067 2079,2996 2233,3088 2464,3020 2818,3061 2807,2937 2141,2946 2058,2889 1890,2934 1544,2830 875,2810"/>
               <Baseline points="895,2857 991,2870 1088,2885 1184,2896 1281,2903 1378,2913 1474,2923 1571,2930 1667,2945 1764,2957 1861,2967 1957,2983 2054,2992 2150,2995 2247,2998 2344,3000 2440,3006 2537,3019 2633,3032 2730,3045 2827,3066"/>
               <TextEquiv>
                  <Unicode>avec le plus grand plaisir à</Unicode>
               </TextEquiv>
            </TextLine>
            <TextLine id="tr_1_tl_14" custom="readingOrder {index:12;}">
               <Coords points="819,3094 905,3097 946,3070 1062,3135 1263,3102 1396,3200 1491,3156 1470,3023 1378,3043 1263,3008 1189,3043 932,2931 801,2963"/>
               <Baseline points="830,3054 863,3052 896,3051 929,3053 963,3060 996,3062 1029,3066 1063,3070 1096,3072 1129,3078 1163,3084 1196,3089 1229,3095 1262,3100 1296,3106 1329,3112 1362,3119 1396,3126 1429,3130 1462,3133 1496,3141"/>
               <TextEquiv>
                  <Unicode>ton mariage.</Unicode>
               </TextEquiv>
            </TextLine>
            <TextLine id="tr_1_tl_15" custom="readingOrder {index:13;}">
               <Coords points="920,3271 1221,3250 1878,3410 2100,3354 2428,3454 2505,3392 2774,3416 2718,3292 2310,3250 2203,3321 2035,3295 1845,3170 1730,3268 905,3129"/>
               <Baseline points="931,3236 1023,3239 1115,3246 1207,3252 1300,3267 1392,3280 1484,3290 1577,3296 1669,3306 1761,3316 1854,3326 1946,3334 2038,3340 2130,3349 2223,3359 2315,3370 2407,3380 2500,3389 2592,3396 2684,3410 2777,3413"/>
               <TextEquiv>
                  <Unicode>Mais ne compte pas trop sur</Unicode>
               </TextEquiv>
            </TextLine>
            <TextLine id="tr_1_tl_16" custom="readingOrder {index:14;}">
               <Coords points="908,3425 1165,3493 1331,3445 1579,3451 1742,3528 1822,3484 2289,3519 2538,3620 2748,3590 2742,3493 2032,3460 1535,3333 1189,3389 997,3306 899,3336"/>
               <Baseline points="922,3404 1013,3404 1105,3407 1197,3410 1288,3420 1380,3431 1472,3437 1563,3444 1655,3456 1747,3463 1839,3475 1930,3486 2022,3496 2114,3503 2205,3512 2297,3522 2389,3534 2480,3543 2572,3553 2664,3567 2756,3592"/>
               <TextEquiv>
                  <Unicode>moi, – c’est donc mieux que</Unicode>
               </TextEquiv>
            </TextLine>
            <TextLine id="tr_1_tl_17" custom="readingOrder {index:15;}">
               <Coords points="979,3635 1458,3599 2934,3862 3247,3824 3236,3712 2650,3617 1224,3475 967,3528"/>
               <Baseline points="989,3572 1102,3582 1215,3586 1328,3589 1442,3601 1555,3614 1668,3628 1781,3641 1895,3652 2008,3667 2121,3682 2234,3698 2348,3716 2461,3734 2574,3740 2687,3752 2801,3763 2914,3771 3027,3787 3140,3798 3254,3813"/>
               <TextEquiv>
                  <Unicode>je ne sois en tout cas pas “Brautjungfer” –</Unicode>
               </TextEquiv>
            </TextLine>
            <TextLine id="tr_1_tl_18" custom="readingOrder {index:16;}">
               <Coords points="1071,3960 1535,3904 1751,3987 2387,3984 2594,4075 2887,4034 2872,3898 2511,3954 2029,3833 1541,3845 1393,3762 1307,3818 1050,3747"/>
               <Baseline points="1077,3863 1167,3863 1258,3872 1348,3878 1439,3887 1530,3896 1620,3902 1711,3911 1802,3916 1892,3924 1983,3933 2074,3942 2164,3952 2255,3961 2346,3970 2436,3982 2527,3990 2618,4000 2708,4004 2799,4011 2890,4025"/>
               <TextEquiv>
                  <Unicode>Toujours très tendrement à toi</Unicode>
               </TextEquiv>
            </TextLine>
            <TextLine id="tr_1_tl_19" custom="readingOrder {index:17;}">
               <Coords points="1118,4123 1224,4084 1420,4129 1476,4078 1615,4138 1973,4105 2517,4188 2538,4090 2304,4025 2123,4075 1902,4001 1801,4043 1633,3984 1517,4037 1375,3969 1224,4019 1106,3984"/>
               <Baseline points="1128,4043 1199,4040 1270,4040 1341,4045 1413,4051 1484,4058 1555,4066 1626,4071 1698,4077 1769,4085 1840,4090 1911,4096 1983,4105 2054,4110 2125,4115 2196,4122 2268,4130 2339,4141 2410,4152 2481,4157 2553,4168"/>
               <TextEquiv>
                  <Unicode>[j’espère que tu m’écris</Unicode>
               </TextEquiv>
            </TextLine>
            <TextLine id="tr_1_tl_20" custom="readingOrder {index:18;}">
               <Coords points="1127,4247 1423,4211 1514,4265 1553,4223 1754,4235 1890,4300 1937,4271 2174,4315 2260,4294 2254,4211 1547,4114 1437,4138 1260,4075 1118,4126"/>
               <Baseline points="1140,4201 1196,4198 1252,4198 1308,4200 1365,4204 1421,4208 1477,4212 1534,4218 1590,4225 1646,4226 1703,4231 1759,4236 1815,4243 1871,4247 1928,4253 1984,4260 2040,4265 2097,4272 2153,4280 2209,4287 2266,4293"/>
               <TextEquiv>
                  <Unicode>bientôt de nouveau]</Unicode>
               </TextEquiv>
            </TextLine>
            <TextLine id="tr_1_tl_21" custom="readingOrder {index:19;}">
               <Coords points="1987,4457 2008,4454 2026,4466 2044,4460 2112,4489 2132,4475 2144,4478 2147,4469 2162,4478 2189,4466 2177,4374 2162,4374 2138,4356 2112,4356 2079,4333 2055,4333 2029,4312 2005,4339 1993,4333 1973,4345"/>
               <Baseline points="1997,4416 2025,4416 2053,4418 2081,4424 2109,4426 2137,4429 2165,4437 2194,4443"/>
               <TextEquiv>
                  <Unicode>Ta</Unicode>
               </TextEquiv>
            </TextLine>
            <TextLine id="tr_1_tl_22" custom="readingOrder {index:20;}">
               <Coords points="2322,4507 2378,4478 2413,4504 2552,4492 2623,4540 2677,4543 2706,4519 2789,4537 2780,4436 2691,4448 2609,4419 2549,4442 2443,4380 2399,4401 2313,4395"/>
               <Baseline points="2335,4479 2360,4481 2386,4482 2411,4482 2437,4482 2462,4482 2488,4483 2513,4485 2539,4487 2564,4488 2590,4490 2615,4493 2641,4496 2666,4499 2692,4503 2717,4506 2743,4509 2768,4514 2794,4520"/>
               <TextEquiv>
                  <Unicode>An[emarie</Unicode>
               </TextEquiv>
            </TextLine>
         </TextRegion>
      </Page>
   </PcGts>
</validation-wrapper>
