5520 7083
794 562 5317 970 nicht. Wie geht das Einfahren, bewährt
777 925 5334 1396 sich der Ford (ich will ihn nicht beleidigen)
766 1118 5232 1493 u. der Ricki? Trinkt Ihr hoffentlich keinen
738 1458 5221 1839 Alkohol? Ich möchte wirklich, auf¬
760 1674 5153 2071 richtig, Ihr wärt schon wieder zurück.
800 2003 4988 2242 Den Eltern der, den hier stürmisch
857 2162 5198 2593 gefeierten, habe ich telephoniert u. von
817 2418 5136 2911 Dir Grüsse gesagt. Doch – begreiflich – ein
800 2730 5142 3076 "Rendez-vous" konnte ich diesmal nicht
829 2991 1827 3388 erlangen!
789 3167 5068 3632 Hanna grüsst sehr. Auch meine Mama
823 3598 5102 3893 mit der ich heute morgen gegen 9 Uhr
846 3728 5068 4126 Ferngespräch hatte. Ob Du wohl trotz
760 4035 5011 4313 der aufregenden Zeit mir noch ein paar
777 4222 5034 4568 Wörtlein schreibst? Das wäre freundlich
789 4478 5187 4852 getan von Dir in Anbetracht dass meine
783 4733 5136 5113 in[n]igsten Gedanken ständig bei Dir sind.
806 4966 5096 5391 Grüsse an Ricki. Sonst siehst Du wohl von
902 5266 5085 5613 Potsdam aus niemand nen[n]enswerten?
874 5556 4756 6078 Sei selbst tausendmal gegrüsst und
863 5777 3053 6135 bedankt von Deinem
3195 5981 4075 6373 Kind A
848 730 4259 1023 [Seite ist nicht transkribiert, da identisch mit letter_0167_001]Rheinsberg. Hotel Seelenweise Fürstenhof
820 921 1534 1152 9. Nov. 31
815 1343 5001 1731 E.-Liebling, wir fahren also, Doris u. ich, nicht
820 1568 5119 1888 nach München: denn Doris ist wieder versöhnt u. froh
826 1826 5096 2062 u. bleibt in Berlin, bei mir dafür handelt es sich
809 1927 4967 2231 um keine Aussöhnung u. deshalb bin ich gestern
803 2158 5197 2478 in der Dunkelheit, ganz gegen meinen Wunsch u. gegen
809 2309 4984 2675 meine Feigheit, hierher gefahren — wo ich alsbald 14
809 2512 5034 2826 Stunden geschlafen, dazwischen ein wenig über meinen
798 2714 5265 2972 Einsamkeit geweint habe. Aber trotzdem ist es ganz recht
770 2866 5136 3158 dass ich nicht nach fründen gekommen bin, was hatte
809 3000 5209 3287 ich dort anderes getan als Dir meine 17 jährigen Komplexe
803 3175 5242 3484 vorzutragen, das aber kann ich genau so gut in Berlin tun
747 3439 5023 3753 Ob es mir wohl endlich gelingen wird, E., erwachsen zu
759 3686 5197 3933 werden? Das sehr kluge Kind Ursula hat mir gesagt
759 3798 5220 4085 ich sollte kein zweites Buch wie den "Bernhard" schreiben
742 3933 5220 4253 u. wenn ich nicht so masslos verwöhnt u. verzogen wäre, hätte
770 4096 5046 4433 ich es wohl nicht gedruckt. Hingegen sagte mir Speyer
764 4242 5248 4568 ich würde wohl nie ein besseres Buch schreiben als eben
719 4433 5158 4686 diesen "Bernhard." Worauf ich hellsichtig u. erschrocken
719 4579 4950 4843 daran dachte, dass Speizer tatsächlich nie etwas
747 4770 5265 5068 Besseres geschrieben hat als "Schwermut der Jahreszeiten"
742 4916 5248 5186 "ein Buch dass den Bernhard" an Qualitäten sehr über-
764 5074 5113 5332 trifft, an 17 jährigen Komplexen aber mit ihm kon¬
725 5287 1865 5579 kurrieren kan.
714 5602 5079 5838 Ich möchte gern, dass nicht Speizer recht behält sondern
730 5815 5164 6063 Ursula deren Ausspruch vom "Masslos verwöhnt sein" ich
747 6001 5242 6220 von Dir auch einmal gehört habe. - Sie sagte mir übrigens
702 6102 5141 6276 dass ich, wie ich weiter Gahn mich in dieser Kritiklosen
742 6265 5152 6439 Weise tausend leuten zu weiszugeben – zwar meine verwöhnte
736 6394 5220 6698 Matrosenrolle noch einige Jahre liebenswürdig weiter¬
