3638 4646
1878 198 2473 363 [handschriftliche Korrekturen/Zeichen]Bocken, 15.I.28
490 905 1291 1081 Ma chère Dominique¬
1283 999 3356 1201 il y a longtemps que j'aurais du  dae te repondre et
490 1164 3236 1317 te remercier pour ta si gentille lettre. C'est bien naturel que nous
494 1291 3348 1455 nous connaissons plus – mais tu as raison,ce n'est pas la une nécessité
490 1429 3468 1616 d'interrompre notre correspondance – je suis sûre que je vais te rencontrer
501 1549 2765 1713 en peu de temps, et du reste le temps a peu d'importtance –
490 1699 3311 1844 Tu m'a dit de lire "Sous le soleil de Satan" – je vais lire ce livre la
494 1867 3420 1979 semaine prochaine et je t'écrirai ce que j'en pense –. J'ai lu,pendant les
490 1998 3367 2133 derniers jours (ou plutot: nuits) – "la porte étroite" et "la symphonie pasto¬
479 2129 3386 2297 rale" de Gide. Je préfère le dernier – Ce que j'admire surtout c'est le
490 2230 3259 2379 courage de Gide.: il dit parle Jch kann das besser auf deutsch sagen:
490 2402 3281 2548 er spricht von den kleinen, kleinlichen Dingen des Alltags –
490 2492 3498 2682 von den banalen Streitigkeiten der Frau des Pastors, von ihrer Verbitterung
494 2671 3408 2813 – ihre verletztenden Bemerkungen, wenn der Pastor glücklich ist, ihr Wider¬
486 2772 3408 2907 stand gegenüber seinen Bemühungen mit Gertrud, ihr schweigender Neid, ihr
475 2922 3416 3079 kleiner verborgener Hass – Dann seine Enttäuschung, seine hilflose Bemühung
479 3030 3438 3214 den Frieden zu bewahren. All diese Dinge über die ich mich schäme, wenn sie
464 3210 3333 3330 mir im Leben begegnen – er beschreibt sie rücksichtslos, so dass man sich
475 3307 3120 3509 am Schluss gequält fühlt, bedrückt durch die Enge des Pfarrhauses –
475 3468 3075 3625 Tu comprends? Au fond je peux te dire tout scela en quelques mots:
471 3614 3464 3790 Gide parle sans gêne des choses laides. C'est ca ce que je n'est jamais pu
726 485 3357 626 Des choses laides – c'est là que je suis tres sensible,même t-r
415 634 3360 819 trop – je les cherche à cacher, et quand c'est quelque chose qui me regarde
411 760 3238 919 je préfère de ne pas me défendre, de ne pas remarquer– pour ne
415 904 2971 1093 pas être forcer d'en parler. C'est souvent pas très avantageux!
404 1026 3075 1197 La "porte etroite" est très bien écrite aussi – seulement, vers la fin
422 1197 3286 1356 je trouve le livre un peu long. Du reste c'est peut-être parceque je ne
415 1293 3353 1478 supporte pas des gens comme Alissa. Jl y a si peu d'occasions d'être heur
445 1441 3323 1626 heureux – pourquoi donc s'accrocher a ce mot vertu, qui me semble s t u p¬
415 1597 3390 1734 p i d e . Crois tu qu'il y a de la morale? Pour moi c'est rien qu'une habi¬
422 1708 3301 1867 tude, inventée par des gens ennuieux et lâches. Moi j'obéis qu'a mon sen¬
422 1815 3153 2012 timent, et je suis sure que dass mein esthetisches[sic] Gefühl mich vor
426 1986 1682 2186 Schmutz und Ekel bewahren wird.
426 2149 3120 2308 Tu me demande ce que je veux dire par le mot sinnlos – éh bien – c'est
437 2253 3234 2430 que je trouve (comme Flaubert!) la vie "bête." Pourquoi faire des efforts?
422 2401 3209 2542 Pourquoi travailler? On ment, om ment[sic]  constamment, pour ne pas voir.
422 2553 2860 2697 On est jamais libre. On n'a pas d'amis, sauf pour être déçu – etc.
459 2671 3272 2820 Je cesse pour aujourdhui. En trois semaines je pars avec Papa pour St.
415 2775 2534 2983 Moritz – Maintenant je travaille l'histoire orientale.
834 2979 1797 3231 [Hanschrift] Affectueusement
2386 3060 3090 3264 An[emarie
608 3411 855 3445 P.S.
700 3442 2727 3720 Ne te fâches pas sur ce
722 3638 3227 3909 sermont "bête",  je suis tellement
700 3809 3179 4153 découragée par quoi? Je n'en
745 4064 1538 4250 sais rien.
