3008 4248
484 357 737 481 BOCKEN
357 411 876 556 OB HORGEN, ZÜRICHSEE.
424 547 1603 768 30. Dezember 1932.
648 891 2583 1185 Ma chère Jaqueline! Une
307 1097 2845 1362 miracle s'est produit! Je vous écrit!
313 1362 2633 1581 Je suis à Bocken et je passe une
322 1511 2674 1726 soirée bien gentille avec Annemarie, qui
310 1653 2712 1903 m'a raconté de vous. Ne passez vous
335 1846 2725 2105 pas une fois a Zurich avec votre mari?
364 2014 2785 2241 J'aimerais bien faire sa connaissance.
322 2159 2864 2440 Je vous remercie encore 1000 fois de votre
338 2355 2801 2611 lettre du mois de septembre, je crois
335 2526 2823 2851 que Franz vous a répondu? Je vais bien,
351 2697 2712 3038 je travaille a un journal à Berne,
329 2943 2842 3130 ce qui m'intérsse beaucoup. Jutti va
332 3130 2829 3297 bien aussi, elle est institutrice à Davos,
341 3281 2870 3522 je la verra demain. Si elle savait que
307 3474 2851 3673 je vous écrit, elle vous saluerait chaude¬
300 3601 2810 3857 ment. C'est ce que je fais pour nous
319 3809 2814 3955 deux. Comme c'est nouvel an je vous
297 3926 2826 4103 envoie même un baiser! 1000 amitiés de
2001 4040 2422 4138 Gundi.
565 934 2331 1178 Jaqueline, chérie – je ne sais pas si
603 1106 2301 1322 je t’ai déjà envoyé les photos
575 1262 2253 1452 que j'ai pris à la Redoute –
593 1382 2273 1576 c’était une si belle journée!
585 1519 2388 1708 Excuse-moi de ne pas l'avoir
615 1663 2433 1855 écrit plus tôt. J’étais à Berlin.
600 1810 2502 2009 En 6 semaines l'éditeur Rowohlt
615 1912 2443 2146 va publier un petit livre de moi,
652 2059 2492 2288 "Lyrische Novelle" – sais-tu déja
662 2256 2567 2460 assez d'Allemand pour la lire?
613 2385 1698 2570 Comment va Luc ?
622 2522 2241 2751 J'espère venir a Paris cette
625 2689 951 2826 année –
645 2759 2647 3035 Une année qui sera, je le souhaite,
657 2933 2151 3147 très heureuse pour vous –
956 3135 2408 3312 Affectueusement à toi –
1805 3344 2420 3498 Annemarie
