4499 6396
3164 607 3545 798 BOCKEN
2960 722 3758 891 OB HORGEN. ZÜRICHSEE.
696 1214 3997 1578 \p\Geliebtes E. – was macht die böse
687 1489 4245 1879 Grippe, ich hoffe, dass sie Dich nicht
674 1715 4121 2047 mehr plagt und dass Du wieder
687 1976 3793 2362 fröhlich bist und eifrig in
740 2211 2765 2566 Deinen Betätigungen –\:p\
656 2424 4050 2801 \p\Mein ganz erwachsener Vertrag mit
656 2721 3873 3031 Amalthea [Verlagsvertrag für "Freunde um Bernhard"] ist inzwischen perfekt,
705 2871 3944 3151 es ging etwas länger weil er mir
762 3128 3913 3439 zuerst soviel Geld als Garantie
744 3297 3842 3647 verlangte zur Entrüstung von
727 3554 3851 3855 Fred, u. nachdem nicht nur er
784 3740 3997 4068 sondern viele Gute Freunde von
740 3935 4219 4351 St. Moritz bis Berlin mir beratend
864 4223 4139 4631 zur Seite standen u. ich gläubig
829 4436 4112 4830 nach deren Diktat einen Gegen¬
815 4706 3740 5029 vorschlag nach Wien sandte,
806 4932 4103 5286 wurde auch dieser telegraphisch
811 5233 4232 5592 angenommen womit alles in das rechte
806 5419 1892 5769 Geleise kam –\:p\
780 5703 4081 6155 Aber: Ich wollte, so zwischen hinein,
886 528 3806 851 für wenige Tage oder Stunden in
925 738 3780 1078 Deine Nähe kommen können,
847 1017 4199 1379 den[n] eine Aufmunterung, Leichtsin[n]
847 1240 4134 1715 Freude u. eine Spur von Existenz¬
777 1475 3946 1886 recht brauche ich notwendig.
812 1702 3562 2034 Wobei der "Dr." [gemeint ist AS' Promotionsvorhaben] ein wahres
803 1956 4016 2340 Kinderspiel (in Bezug auf Alp¬
794 2217 3937 2558 drücken) darstellt verglichen
816 2418 3780 2767 mit den Zweifelsqualen die
794 2706 3998 2994 andere Dinge – beispielsweise der
799 2872 4208 3173 Knabe Bernhard – mir verursachen.
733 3112 3955 3509 Ein Brief von Dir tut da wahre
738 3326 4225 3627 Wunder, die Korsikafahrt in Aussicht
720 3557 4225 3902 ebenso, aber Du weisst wie schwach
751 3776 3850 4160 die Menschen sind u. speziell
685 4029 4103 4444 das fünfzehnjahrealte Kind A., und
781 4260 4269 4588 wie sehr man Dich nun einmal liebt.
790 4492 3837 4889 Grüsse für Klaus, (für Fred wen[n]
799 4749 4016 5186 Du ihn siehst), Vergnügen u. Erfolg
794 5028 3610 5421 Euch beiden, und Umarmung
2641 5452 2990 5723 A.
