3505 4154
1536 204 2327 328 New York City, 16. Dez. 40
1536 306 2655 461 The Bedford Hotel, 118 East 40 St.
1122 811 1550 995 Mein Mameli,
915 954 3039 1125 \p\Dir schreiben, das ist das Einzige, was ich in diesen Weihnachts¬
871 1089 2986 1222 tagen tun kann, um Dir meine Liebe und Zärtlichkeit zu schicken.
863 1213 3003 1332 Wir feiern kein Fest diesmal, – und ich versuche, mir vorzustellen,
858 1302 2887 1423 wie es für Dich sein wird, mit Hasi, Adrienne, mit Meme, und dem
858 1404 2956 1550 kleinen Enkel, und ganz Bocken, zum ersten Mal im Esszimmer beim
855 1530 3000 1652 Baum versammelt ohne Paps. Ja, Du wirst nicht allein sein, Mameli, –
866 1605 3077 1795 aber alles wird auf Dir ruhen, und alle werden auf Dich schauen, und
852 1715 1517 1859 auf Dich vertrauen.\:p\
855 1812 3039 1961 \p\Diese letzten Wochen sind vorbei gegangen ohne jede Wirklichkeit.
863 1958 2986 2071 Ich habe versucht, mich daran zu gewöhnen, und mich zu erholen. In
852 2060 2917 2192 New York mit seiner ewig lastenden Dämmerung ist es mir nicht
863 2140 3003 2275 gelungen. Jetzt bin ich in Greenwich, in einer Art von Sanatorium,
852 2253 3030 2371 und werde noch 8-14 Tage bleiben, bis ich mich besser und sicherer
855 2355 3003 2496 fühle. Dann gehe ich vielleicht nach Princeton, und muss mir einen
841 2457 2967 2595 Ruck geben, um wieder in die Arbeit hinein zu kommen. Es ist sehr
855 2567 2970 2711 schwer für mich geworden. Es ist, als hätte ich keinen Boden mehr
852 2689 3008 2843 unter meinen Füssen. Papa's Tod hat mir meine Lage erst recht zum
847 2780 1566 2931 Bewusstsein gebracht.\:p\
849 2895 2942 3022 \p\Aber ich will Dir jetzt nicht viel schreiben, liebes Mameli. Ich
852 3006 2934 3141 weiss, dass es mir bald besser gehen wird, und dann ist man auch
847 3102 3036 3221 wieder mutiger. Und Jeder wählt doch bis zu einem hohen Grade sein
849 3196 1434 3359 Schicksal selbst.\:p\
841 3273 2967 3430 \p\Ich bin übrigens ziemlich nahe von Freddy, der mich Samstag sehr
844 3408 3025 3568 lieb hier besuchte. Frau v. Opel kam heute noch, bevor sie abreiste,
847 3543 3028 3684 um ihren Mann im Süden zu treffen. Sie hätte Dir gern geschrieben,
836 3645 3003 3781 aber meinte dann, vielleicht sei es Dir lieber nicht, da Du sie ja
836 3714 1260 3866 kaum kennst.\:p\
873 497 2925 678 \p\Wie geht es wohl Emmy? – Du solltest mir einmal schreiben, Mama,
882 628 3024 775 – ich habe seit so langer Zeit nichts mehr direkt von Dir gehört.
876 751 2805 914 Manchmal denke ich fast, Du hast etwas gegen mich. Aber ich
871 855 2866 980 besinne mich vergebens, was es sein könnte. Ich habe es nicht
873 978 2890 1109 leicht im Leben, Mama, – und wenn ich es Dir oft schwer gemacht
865 1077 2920 1210 habe, dann bitte denke daran, dass ich sicher selber am meisten
873 1189 2022 1309 für alles und alles bezahlen muss.\:p\
873 1277 2941 1416 \p\Willst Du bitte den beiliegenden kleinen Brief an Meme geben? –
865 1416 2960 1544 Und noch eine Bitte, da ich gerade am schreiben bin: ich fand in
868 1509 2888 1624 meinem Notizbuch von der Afghanistan-Reise eine Liste meiner
865 1621 2949 1731 Sachen, darunter: dass ich den Brillantring von Claude (schmaler
865 1723 2989 1867 Reif, ein ziemlich grosser einzelner Brillant oder Diamant) Mama
860 1824 2997 1977 für den eisernen Schrank gegeben habe. Erinnerst Du Dich, wir fan¬
871 1939 2914 2068 den ihn im Mai nicht, – würdest Du nochmals nachsehen? Ich hätte
865 2022 1683 2166 den Ring so gern wieder.\:p\
857 2142 2944 2279 \p\Schreib auch, wie es dem Dokterli bei Onkel Erlach geht. Und wie
863 2257 1637 2375 Deinen lieben Pferden? –\:p\
857 2335 2874 2492 \p\Ich höre jetzt auf,  und wünsche aus ganzem Herzen, dass diese
852 2447 2845 2578 Tage für Dich nicht zu schwer sind, mein Mameli, und dass wir
847 2562 2038 2717 uns im kommenden Jahr wiedersehen, –\:p\
1541 2682 2514 2837 einen sehr innigen Kuss
1934 2778 2434 2925 von Deiner
2268 2880 2738 3112 Annemarie
