5222 6542
2487 284 4020 485 Leopoldville, Congo Belge,
2504 409 4391 578 chez M. Orlandi, Consul de Suisse
2618 551 3622 715 22. Novembre 1941
1173 966 4724 1129 \p\Eri, Geliebtes, – ich habe gehört, dass Du schon vor ettlichen
715 1064 4920 1249 Wochen aus London zurückgekommen bist, – dass wir Dich, wo man die Abende
715 1184 5079 1369 am Londoner Radio verbringt, nie gehört haben, ist kränkend, doch wozu soll¬
720 1315 4942 1451 ten die deutschsprachigen Sendungen auch nach Afrika dirigiert werden!
709 1396 5073 1620 Man hat genug damit zu tun, das afrikanische Dunkel in den Landessprachen [gemeint sind vermutlich die Landessprachen der beiden Kolonialmächte Frankreich und Belgien, d.h. Französisch und Flämisch, nicht die tatsächlichen, indigenen Landessprachen des Kongos, Lingala, Swahili, Tshiluba und Kikongo ya leta. Diese wertet Schwarzenbach rassistisch ab, s.u.]
720 1544 5095 1675 ein wenig aufzuhellen ... Für mich wird, es, über einige persönlich erlittene
720 1647 5106 1827 Unbill hinaus (die mich nicht wirklich verletzt hat) die denkwürdige Erfah¬
726 1751 4948 1931 rung dieses Aufenthaltes in der Wildnis bleiben, dass selbst der Krieg,
715 1887 5046 2018 der doch kein ausserordentliches, sondern höchst reguläres, vorauszusehen¬
715 1980 5073 2155 des Ereignis war, der alles ans Tageslicht brachte und Keinen verschonte, –
720 2089 4893 2237 dass selbst dieser Krieg die Menschen dies- und jenseits der Linien so
736 2149 5062 2367 wenig verändert und zu den ärmlichsten, kurzfristigen Zwecken missbraucht
747 2340 1467 2477 werden kann.\:p\
720 2351 5024 2575 \p\Natürlich bin ich keine Jeanne d'Arc von Natur, – was auch ein Freund von
736 2564 4937 2695 mir, ein sogenannter, und Kollege von Michael Huxley, darüber denken mag.
753 2673 5073 2804 (Er stellte mir nämlich beharrlich die Frage, was ich aus dem bösen Klima
791 2738 4795 2891 herausschlagen wolle für mich, denn freiwillig, nur aus Uebermut und
818 2869 4822 3000 'Idealismus', handle so doch kein vernünftiger Mensch) – Es kann sein,
796 2924 5095 3120 dass ich wirklich aus Uebermut handelte, denn ich könnte nicht mit einem
791 3082 5008 3229 dummdreisten Hauptmann um eine Uniform streiten, die ich tragen möchte,
807 3202 4910 3355 als hinge mein Seelenheil und die Rettung Frankreichs daran. Und eine
813 3300 4959 3491 gewisse Form feindseligen Misstrauens und an Böswilligkeit grenzender
807 3464 4735 3578 Gleichgültigkeit zwischen den Menschen entwaffnet und lähmt mich.
791 3518 4849 3704 Mir schien zuletzt, die Leute redeten in der Hottentottensprache [abwertende rassistsiche Bezeichnung für afrikanische Sprachen, hier auf die für Schwarzenbach inhaltlich unsinnige Sprache der weissen Kolonialbevölkerung übertragen], und
807 3644 5030 3802 es ist nicht übertrieben. Unter soviel Affen- und Papageiengeschrei ver-
813 3731 4822 3939 loren die Worte ihren Sinn, und ich war froh, auf ein paar Monate in
813 3900 2635 4048 die sanftere Wildnis zu gehen.\:p\
791 3960 4915 4162 \p\Jetzt scheint sich alles, zu meinen Gunsten, zu regeln. Gearbeitet habe
807 4108 4828 4255 ich viel, und musste, angesichts des blühenden Stumpfsinns, natürlich
824 4228 4860 4375 angestrengt nachdenken: denn dass es sich nicht lohnte, sich auch nur
818 4331 4910 4533 entmutigen zu lassen, war allzu klar. Man musste also immer wieder auf
818 4446 3191 4599 die Quellen zurückgehen, die uns nähren.\:p\
824 4549 4882 4702 \p\Aber genug von meiner Person. Denn bis auf ein paar Mückenstiche und
835 4648 4975 4795 Lähmungserscheinungen im Rücken, die auf das Klima, genauer die feuchte
884 4768 5002 4915 Höllenhitze, zurückzuführen sind, geht es mir gut. Wenn ich Pläne haben
818 4866 5095 5046 könnte, wäre es, bald nach Europa zurück zu kehren. Was sich dort abrollt,
835 5013 5040 5144 geht uns näher an, und schon in Lissabon verspreche ich mir mehr Tätig¬
824 5122 5106 5253 keitsfeld, und mehr mögliches Verständnis, als hier. Nach Amerika würde ich
840 5199 4991 5357 erst zurück wollen, wenn wir unsere Länder den Krankheitsstoffen über¬
829 5319 4920 5482 lassen müssten, – die man jetzt doch noch als Heilkräfte ansehen darf?\:p\
1675 5417 4953 5570 \p\Die Zeitschrift von Klaus [Decision. A Review of Free Culture (1941-1942)] hat mir allerdings viel Lust
829 5531 5024 5695 und Mut und Freude gemacht. Es mag sein, dass man hier, im Exil, die Dinge
835 5651 4899 5799 zu schwarz sieht. – denn die Welt war nie ganz verarmt und verdorben.\fml\\:p\
667 450 5134 645 \p\\fml\Und solange man selbst noch leben, und immer wieder seine Unverletzlichkeit
678 578 4156 739 empfinden kann, muss dies auch wahr sein für Andere, Brüder.\:p\
672 678 5062 861 \p\– Erilein, das wird nur ein halber Brief, – wie meistens. Denn ich weiss immer
661 833 4912 972 nicht, ob Du den letzten oder vorletzten bekommen hast, ob Du nicht erst
672 939 4906 1061 gerade jetzt meinem Freund K. [?] über mich die spassigsten Auskünfte geben
667 1045 4856 1167 musst, ob Du nicht mit Anderem beschäftigt, abwesend, unerreichbar bist –
661 1150 4995 1272 Auch ist es \g\zu heiss\:g\, man kann beim besten Willen nur knapp vege¬
678 1250 5006 1395 tieren, – und ich frage mich eigentlich, auf welche Weise mein neues Manus¬
661 1356 5023 1534 kript [Das Wunder des Baumes], worin natürlich \g\alles\:g\ gesagt werden soll, trotzdem Tag für Tag
672 1472 2000 1595 an Seitenzahl gewinnt.\:p\
650 1550 4873 1756 \p\Schreibst Du nicht doch einmal, oder kabelst, – denn es wird sicher noch
656 1689 4995 1861 Monate dauern, bevor ich die Adresse ändern kann. Und, Eri, ich wüsste gern,
683 1839 5017 1995 wie es Dir geht, und wie Du die nächste Zukunft siehst, die ich mir nie so
678 1922 2645 2050 ganz ohne Euch vorstellen kann ...\:p\
667 1984 5117 2211 \p\Grüsse den Klaus, der von mir Manuskripte und Briefe ziemlich direkt erhal¬
661 2139 4723 2334 ten sollte. Sag ihm, da ich bald geschieden sein werde, wollen wir zum
656 2256 4628 2400 schlichten Mädchennamen zurückkehren, die Zwischenspiele seien aus.
667 2361 4817 2539 Grüsse die verehrten Eltern, alle Geschwister, Gumpern, und alle Lieben.
656 2484 4717 2617 – Ach, das ist wirklich kein Brief, noch nichts ist darin gesagt. – Aber
661 2556 2684 2711 vielleicht kommt er, deswegen, an? –\:p\
661 2684 3439 2856 immerhin mit der alten, wachsenden Zärtlichkeit
3450 2745 3850 2978 Deiner
3850 2895 4228 3106 Miro
