3589 4540
1329 328 2243 479 THE JOINT EXPEDITION
1586 441 2001 534 TO PERSIA
1342 467 2233 669 ERICH F. SCHMIDT, FIELD DIRECTOR
380 631 1599 759 THE MRS. WILLIAM BOYCE THOMPSON FONDATION
470 730 1506 872 THE UNIVESITY MUSEUM, PHILADELPHIA
2384 611 3205 788 THE MUSEUM OF FINE ARTS
2471 740 3098 862 BOSTON, MASSACHUSETTS
1544 808 3092 1017 c/o AmericaN Consulate – Teheran
1976 978 2870 1194 Sept. 30th [1934]
759 968 1310 1210 Lieber Hasi!
833 1236 3256 1461 Ich wollte Dir eigentlich schon lange schreiben, aber
830 1374 3346 1602 aus Russland hätte es wie bolschewistische Propa¬
840 1509 3221 1705 ganda geklungen, weil ich so überrascht war von
817 1657 3327 1831 allem was dort vor sich geht, dass ich von gar nichts
840 1786 3366 1934 anderem reden kon[n]te – Und Du wirst ja sicher selber
843 1947 3427 2088 einmal Gelegenheit haben, es anzusehen u. Dich damit
849 2033 3388 2223 zu beschäftigen. Das stim[m]t nämlich auf jeden Fall,
843 2143 3337 2339 dass man, in einer Zeit die anscheinend mitten
888 2307 3314 2532 in entscheidenden sozialen u. wirtschaftlichen
869 2426 3285 2667 Veränderungen steht, u. in Ländern lebend die
840 2609 3234 2796 bis jetzt keinen Impfstoff gegen die Krise, die
875 2728 3198 2921 Revolution u. die Arbeitslosigkeit gefunden haben –
875 2893 3143 3108 das grosse sowjetrussische Experiment nicht
872 3066 3372 3275 einfach "übersehen" kann. Das wird einem hier in
907 3172 3189 3356 Persien, in der Nachbarschaft In[n]er-Asiens
885 3343 3246 3546 besonders klar. Man hat das Gefühl, dass das
920 3504 3224 3665 Schbergenicht der Geschichte sich nach u. nach
911 3639 3240 3874 hierher verlegt — weil alle Völker hierherum,
927 3813 3369 4077 die vorher Kolonialvölker, d.h. Ausbeutungsobjekte,
940 3983 3250 4208 der europ. Staaten waren, jetzt selbstbewusst
946 4144 2992 4324 werden u. von vielen Seiten aus in die
669 238 2965 523 Weltgeschichte eingreifen. Wie gross dabei die Rolle
696 438 3288 744 Sowjetrusslands ist (1/6 der Erde ist bereits nach sowjet¬
730 611 3247 869 staatl. Muster organisiert!) – macht man sich bei uns
703 761 3437 1012 gar nicht klar genug, hier aber schon. Die Frage, ob es einem
744 927 3369 1168 passt oder nicht, ist natürlich sekundär. Wichtig ist nur
747 1032 3260 1301 die Tatsache, dass das "Erwachen Asiens", (als Folge des
740 1219 3386 1457 Erwachens der unterdrückten Klassen überhaupt?) nicht
717 1348 3175 1583 aufzuhalten ist – genau wie man die Technik, den
751 1532 3213 1742 Fortschitt etc, u. die sozialen Folgen davon nicht
754 1712 3223 1858 aufhalten kan[n], auch wenn man in gewissen Kreisen
764 1824 3145 2048 glaubt, dies zu können. Es ist viel wichtiger, sich
808 1936 3417 2180 solche Entwicklungen klar zu machen, u. dann auf
771 2099 3216 2292 die Folgen vernünftig vorbereitet zu sein. — Aber
808 2252 3322 2462 genug von der Politik. Von der bei uns in der Schweiz
825 2398 3345 2659 aktuellen hört man hier weniger, das ist auch ganz
802 2547 3216 2754 angenehm. Wir lesen hier draussen nämlich nie
808 2663 3281 2934 Zeitungen! Ich wüsste auch nicht wan[n], die die
852 2795 3104 3080 Tageseinteilung erinnert mich stark an Deine
815 2948 3192 3226 Erzählungen aus der Rekrutenschule. Nur, dass
883 3155 3077 3366 ich mir die Tätigkeit in[n]erhalb des Tages
873 3349 3247 3478 so ziemlich anssuchen kan[n]. Die Wahl geht von
886 3444 3029 3648 islamischem Scherben bis zur Persischen [sic]
907 3637 3237 3831 Sprache, u. wider [sic] zurück zu den Scherben.
968 3794 3240 4048 Ausserdem friert man am frühren morgen u.
995 3970 3267 4184 am Abend, u. schwitzt waren dazwischen,
1012 4137 2401 4344 das gibt auch Abwechslung.
1604 165 1728 290 –2–
1304 324 2225 530 THE JOINT EXPEDITION
1563 443 1981 549 TO PERSIA
1326 521 2225 665 ERICH F. àSCHMIDT,reralD disector
359 649 1597 764 THE MRS. "WILLIAM BOYCE THOMPSON FOURDATION
468 743 1501 864 THE UNIVERSITY MUSEUM, PHILADELPHIA
2374 661 3189 783 THE MUSEUM OF FINE ARTS
2455 743 3098 874 BOSTON, MASSACHUSETTS
733 808 3214 1086 \p\Dass ich um 5 Uhr aufstehe, schreibe ich in jedem Brief
736 986 3126 1186 weil es mir so imponiert. Dabei würde ich es gar
764 1158 3276 1332 nicht tun, wenn ich nicht eine verrückte russische
796 1248 3167 1460 Nono hätte, die einfach die Türe aufreisst u.
839 1435 3217 1619 "Mdmoselle, [sic] Koffie!" schreit, u. dan[n] ren[n]en 2-3
811 1532 3276 1763 Hunde auf mein Moskitonetz los. Übrigens habe
864 1691 3285 1934 ich trotz des Netzes durchschnittlich 50 Stiche
886 1816 3214 2025 an jedem Knöchel. Jetzt bespritze ich, statt des
786 1991 2421 2187 Zimmers, mich selber mit Flit.\:p\
768 2131 3092 2349 Augenblicklich sind unsere Autos kaputt, u. wir
777 2293 3226 2480 fahren nur per Lastwagen. Da die Strassen aus
827 2412 3167 2577 Löchern bestehen, hat mein Gehirn etwas
817 2549 3164 2752 Schaden genommen. Aber ich bin sowieso etwas
814 2708 3201 2852 blöd u. kom[m]e mir so vor, da die anderen
792 2870 3179 3067 Assistenten alle Spezialisten sind u. mehr
830 2976 3260 3189 persisch kön[n]en als ich. Vor allem haben sie
889 3139 3179 3379 bessern Augen, u. lesen die Höhenzahlen am
874 3298 3351 3547 Meterstab (so wie bei Strassenvermessung!) alle
945 3485 3260 3669 von einem Punkt aus bequem ab, während
970 3654 3204 3869 ich mit dem Apparat auf der Schulter
983 3822 3173 4050 von einem Grabungsloch zum anderen
961 3994 3320 4253 renne. So verdient man sauer sein Brot –
822 217 3345 460 aber wenigstens kan[n] Mama ruhig meine Rechnung
916 384 3341 568 zahlen, u. Du Dir die 150.- bei Herrn Schwall [?]
919 510 3316 710 holen, da ich ja sonst keine Ausgaben habe.
894 641 3323 872 Übrigens, es war sehr nett um Dir dass Du mich
927 807 3258 1035 damals gleich auf meine allzu unüberlegte
909 916 3244 1166 "Vertraulichkeit" mit Alberto aufmerksam
891 1111 3388 1325 gemacht hast. Du bist eben doch ganz erwachsen.
869 1234 3388 1441 Weisst Du, ich bin meistens mit Leuten zusammen
901 1383 3348 1582 wo Geld keine so heikle Rolle spielt, jeder gibt
919 1582 3410 1748 dem anderen der grade braucht. Aber gerade bei
948 1712 3406 1886 Mantero [?] war das natürlich falsch. Was machst Du
927 1821 3269 2060 den[n] jetzt? Du bist wohl mit Leuten von Spörry
934 1958 3283 2172 zusam[m]en – ich wollte Dir noch sagen, dass ich
405 2089 3403 2339 natürlich nicht jeden dieser Richtung für einen Idioten halte –
485 2226 3388 2480 gerade den Sp. finde ich besonders gescheit u. nett. Ich finde
521 2364 3276 2585 nur, dass die ganze Grundlage dieser Bewegung falsch ist:
539 2567 3338 2715 sei hat nämlich den revolutionären Impuls jeder Jugend¬
500 2661 3410 2900 bewegung, die je u. je in der Geschichte den Fortschritt erzwungen
539 2755 3301 2990 hat — aber sie dient, durch werkwürdige Reaktionen u.
518 2896 3139 3135 durch die prinzipielle Angst vor allem "Kommunistischen",
594 3001 3374 3291 paradoxerweise der Reaktion. Das ist in der Schweiz am
605 3186 3142 3352 deutlichsten, wo lächerlicherweise die Fronten von
641 3316 3272 3486 Leuten wir Harry Syz, Meyer, der Offiziersgesellschaft etc.
691 3443 3222 3678 unterstützt werden (Windisch!) die doch gewiss nur
673 3573 3247 3819 die alte Ordnung u. die alten Besitzverhältnisse
681 3692 3323 3931 erhoffen — während die jungen Arbeitslosen doch
771 3848 3323 4098 sicher auf eine gründlichere Änderung warten.
807 4036 2878 4304 Ich halte es natürlich für durchaus
1591 164 1714 274 –3–
1329 271 2249 498 THE Joit expebition
1578 441 2000 548 TO PERSIA
1342 513 2246 662 ERICH F. SCHMIDT,rerD DIRECTOR
378 643 1619 781 THE MRS. "WILLIAM BOYCE THOMPSON FOURDATION
469 743 1515 873 THEierskivy MGSEUM, PHILADELPHIA
2388 662 3207 772 THE MUSEUM OF FINE ARTS
2479 743 3122 895 BOSTON, MASSACHUSETTS
753 914 3096 1147 anständig u. recht, wen[n] man z. B. Lager für junge
743 1077 2986 1266 Arbeitslose macht. Aber ich glaube, dass es
769 1225 3115 1433 im[m]er bei solchen provisorischen Erleichterungen
775 1389 3093 1512 bleiben wird, die dazu nur solange gehen, als
797 1518 3188 1707 Geld da ist. Im grossen Ganzen finde ich, dass
794 1613 3263 1805 solche vagen Enthusiasmen der "Nation" etc
797 1783 3301 2016 Nicht war schwach Sind, sondern sogar schlecht,
778 1934 3263 2170 wenigstens in so entscheidend gefährdeten Zeiten
803 2076 3314 2331 wie heute: den[n] sie lenken die Kraft der Jugend
816 2277 3241 2435 vom sachlichen, vernünftigen Studium der Lage
841 2400 3374 2605 ab auf Gefühls-Ersätze. Der Judenhass ist z. B.
832 2536 3197 2788 ein solcher Ersatz. Auch das Bücherverbren[n]en.
822 2744 3166 2936 – Aber, nun bin ich doch in das grosse aktuelle
850 2901 3100 3087 Thema geraten, dabei wollte ich mich doch
850 3049 3084 3232 damit zufrieden geben, dass Du anständig
869 3188 2948 3386 u. gescheit genug bist, dies alles zu
857 3304 2974 3487 durchschauen! Well, just dont [sic] answer –
895 3522 3194 3660 Herr v. Blücher, mit dem ich an unserem
948 3594 2983 3868 freien Tag einen langen Ritt gemacht
973 3805 3134 4007 habe, hat mir wieder einmal zu verstehen
1052 3982 3005 4237 gegeben, was für einen grossartigen
998 607 2903 829 Bruder ich habe – in Bezug auf die
996 743 2984 956 Reitkunst natürlich. Und jetzt höre ich
996 899 2989 1121 auf zu schreiben, Du meinst sonst, es
1040 1074 2919 1293 verpflichte Dich zu einer ebenso
1009 1233 2877 1402 langen Antwort. Hoffentlich bist Du
985 1387 2945 1582 nicht zu wütend dass Du die Schule
1024 1600 3047 1796 nochmal machen musst. Aber Mama
975 1741 3068 1947 u. Du werdet ja wissen, weshalb Ihr
1037 1921 2966 2098 Euch dafür entschieden habt. Also,
1063 2108 2989 2317 lieber Hasi, viele Grüsse u. alles Liebe!
2142 2265 2353 2544 Deine
2479 2604 2976 2783 Annemarie
925 3193 3424 3561 P.S. Sag der Meme dass ich gerade Ihren lieben Brief
923 3331 1632 3539 bekom[m]en habe!
