3604 4453
2120 354 2993 504 Estoril bei Lissabon,
2359 442 2704 646 20. Mai
1123 823 2111 991 Mein liebes Mameli,
1525 1056 3017 1200 \p\ich war sehr, sehr froh, als ich
1082 1191 2969 1333 gestern Deinen lieben Brief bekam, und
1053 1312 2421 1463 danke Dir vielmals dafür.\:p\
1050 1466 3102 1645 Wie Du es vermutet hast, ist meine Scheidung
1038 1581 3244 1746 wirklich auch wegen des Passes eine Notwendigkeit
1047 1719 3303 1861 geworden. Nach dem letzten Brief von Claude Carac,
1050 1828 3196 2029 ist sie aber recht schwierig zu erreichen. Dafür
1017 1955 3261 2147 habe ich wenigstens vor ein paar Tagen einen neuen
1014 2097 3241 2273 Pass u. die Visas für Tetouan erhalten, u. kan[n]
1008 2268 3250 2436 nächste Woche, sobald ein Flugplatz via Madrid bei
1023 2362 3388 2518 der Lufthansa frei ist, abreisen. Wahrscheinliche reisen
1064 2498 3291 2666 Bumy Lüscher u. ich bis Sevilla zusam[m]en – sie kam
1053 2630 3391 2831 gerade aus New York an u. fährt zunächst zu ihrem
1026 2778 3385 2955 Vater. Mit dem gleichen "Diplomaten- Schiff" aus Amerika
1032 2913 3332 3087 kam auch die Journalistin Frl. Margrit Boveri von
1023 3031 3341 3261 der "Frankfurter Zeitung", die ein schönes Buch über
1070 3196 3362 3367 "Oeltürme u. Minarette" im AItantis- Verlag geschrieben
1041 3341 3311 3533 hat, u. mit der ich gestern eine sehr gute Unter¬
1076 3465 3279 3677 haltung hatte. Sonst wimmelt es hier weiterhin
1073 3639 3258 3771 von Diplomaten-Diners u. dergleichen, u. obwohl
1050 3748 3244 3978 es nach der Isolierung in Afrika interessant
1082 3910 3267 4116 für mich ist, u. auch angenehm, so verwöhnt
1047 4072 3285 4252 zu werden, – verlangt es mich doch sehr, wieder
1669 244 1784 305 2
919 406 3233 576 in ein stilleres Leben zu komm, das ich in Sils
910 498 3310 698 finden werde. Man sieht ja, wohin die Menschen
937 684 3263 857 es mit dem vielen Reden gebracht haben, u. die
940 815 1952 1000 Diplomaten besonders.
907 994 3137 1090 \p\Wenn hichts dazwischen kom[m]t, würde ich also Ende
901 1140 3128 1239 Juni in die Schwiez abreisen können – worüber
955 1224 2618 1388 ich Dir natürlich noch berichte.\:p\
940 1388 3081 1531 \p\Grüsse mir das liebe Memeli vielmals, – und
928 1504 3012 1728 einen Gruss an die [?] Bocken, an die ich so
934 1666 1433 1866 oft denke.\:p\
1295 1812 3039 2057 Mit allen lieben Grüssen – ich Schreibe
967 1958 2970 2164 heute nur kurz, Du hast ja inzwischen
991 2113 2678 2358 wohl meinen letzten Brief bekom[m]en.
1776 2304 2731 2484 immer Deine Treue
2570 2582 3003 2713 An[n]emarie
770 3191 2860 3382 P.S. Meine Adresse wird ab nächster Woche sein:
1328 3328 2194 3513 Consulat de France,
1788 3460 2397 3669 TETOUAN,
2024 3597 3000 3803 Maroc Espagnol
126 149 546 297 Por avio
639 595 882 650 24. Mai. 42
570 717 909 833 Estoril
733 693 2041 949 Madame Renée Schwarzenbach
928 910 1267 1063 Bocken
1289 1093 2065 1283 Horgen – Zurich
727 1346 1001 1463 Suiça
377 213 1513 373 Exp. A. Clarac, c/o Légation de
1156 363 1504 490 Lisbonne, Portugal
1700 283 1937 461 COREID AÉREO
1722 314 1887 442 PORTUGAL
1598 346 1909 580 25. MAI. 24 – 2H
1560 452 1851 653 LISBOA
