5213 7272
2465 488 3589 712 Berlin 8. April 33
1249 1320 2422 1540 Mein lieber Klaus,
657 1671 4690 1956 \p\Es ist so lange her dass wir uns gesprochen haben, der erste Brief
482 1890 4701 2148 unter den jetzigen Umständen ist ein schwieriges Unternehmen. Jch bin
499 2076 4569 2213 erst seit acht Tagen hier, lange genug für ungezählte Beobachtungen
493 2175 4876 2328 Gespräche und Auseinandersetzungen. Selbstverständlich sind die Zuständ [sic]
488 2301 4602 2433 in jeder Hinsicht erschreckend, die Äusserungen des dritten Reichs
488 2389 4564 2531 ausnahmslos abstossend und nach den humanistischen, jedem von uns
499 2438 4690 2646 selbstverständlichen Empfinden menschenunwürdig und allen Begriffen
510 2575 4805 2739 von Kultur tief zuwider. Selbstverständlich ist die "Disziplin" mindes¬
515 2685 4706 2854 tenserlogen, denn trotz aller Aufrufe und Mahnungen Hitlers geschehen
520 2794 4569 2931 täglich Einzelaktionen schlimmster Art. Selbstverständlich hat die
488 2915 4876 3068 Ausschliessung der Juden nicht nur für sie, sondern für die betroffene [sic]
488 2997 4460 3150 Anstalten, Geschäfte und wahrscheinlich für die ganzen deutsche
499 3101 4575 3249 Wirtschaft katastrophale Folgen. Selbstverständlich ist Deutschland
515 3194 4646 3358 wieder dabei, sich zu isolieren, sich verhasst zu machen und bei sich
510 3304 4635 3452 den Hass auf Generationen gross zu züchten. Darüber brauchen wir uns
520 3435 4558 3567 gar nicht zu unterhalten – sicher hörst Du davon mehr als genug. Mir
499 3534 4498 3649 kommnen die Unterhaltungen darüber sogar vollkommen fruchtlos vor –
510 3561 4810 3769 denn ein halbwegs geistig orientierter Mensch, dazu ein Europäer, gehört
499 3720 4465 3879 natürlich in die Opposition. Jch frage mich nur – und täglich wird
515 3841 4739 3950 es dringender – ob die Leute sich eigentlich die Bedeutung der Vorgänge
499 3934 4695 4060 klar machen – nämlich, dass hier nicht nur eine verhasste Tendenz vorü¬
515 4016 4690 4164 bergehend die Oberhand gewinnt, sondern das ein ganzes Volk, und trotz
499 4071 4860 4273 allem ein [added in line: ?]hochbegabtes das man aus der Geschichte der europäischen Kul¬
520 4224 4597 4361 tur nicht streichen kann – auf Jahre hinaus durch eine trotz allem
526 4334 4876 4487 gewaltige Revolution sich zu diesem Weg bekennt –Der theoretische Denker
515 4421 4810 4575 braucht solche Vorgänge nicht anzuerkennen, der Geschichtlich [sic] Denkende,
515 4509 4887 4706 und gar der Beteiligte, muss versuchen sie zu begreifen, mit ihnen fertig
515 4646 4657 4794 zu werden. Beteiligt sind wir alle. Sich abwenden ist eigentlich so gut
499 4712 4903 4925 wie Selbstaufgabe und Selbstmord. Wir müssen ja leben, und wir gehören ja
515 4849 4706 4991 dem deutschen Kulturkreis an. Bekennt man sich zur Opposition – und was
515 4953 4597 5112 können wir Anderes tun – so muss das im Bewusstsein geschehen, diesen
515 5079 4569 5199 Vorgängen nicht entrinnen zu können, weil wir eben im Kern unserer
510 5134 4767 5336 Existenz mitbetroffen werden. Auch die Opposition hat jhre Aufgabe. Jch
515 5265 4525 5408 meine: von Deutschland kann man sich nicht abwenden, das hiesse die
526 5347 4662 5512 Freiheit des Jndividuums zu überschätzen. Opposition wäre also nicht
515 5473 4646 5621 Flucht oder Abkehr oder gar pharisäische Verachtung,sondern Pflege
526 5577 4388 5753 der geistigen Werte an die man glaubt, bis zur besseren Stunde.\:p\ [vertical space]
515 5753 4767 5944 Dies zur oppositionellen Stellungsnahme. Aber weiter: die heute dieser
531 5890 4608 6043 Opposition angehören – also, augenblicklich, der Rest der "Dichter und
520 5977 4602 6147 Denker" haben bisher dasselbe gedacht: d.h. allgemein gesagt, das Gute
531 6087 4531 6240 und Vernünftige, die internationale Verständigung und Duldung, kurz
526 6164 4767 6339 den menschlichen und kuturellen Fortschritt. Das Programm der Sozial¬
531 6339 4827 6432 demokratie war nicht anders gerichtet. Viele in Deutschland dachten so,
531 6405 4805 6531 Viele hatten die besten Absichten, Viele versuchten, in diesem Geist zu
526 6503 4476 6657 handeln. Es ist misslungen, 14 Jahre lang und am Schluss brach der
520 6602 4903 6772 Staat zusammen wie ein Kartenhaus. Wie ist das ,öglich [recte: möglich]? Nur einer, der von
733 717 4858 897 geschichtlichen Gesetzen, insbesondere von Ursache und Wirkung, keine
585 755 4744 979 Ahnung hat, kann behaupten: die bösen Nazis kamen und haben den guten
596 908 4596 1105 Sozialdemokraten einen Strich durch die Rechnung gemacht. Nch [recte: Nach] Marx
585 1023 4968 1226 hätte das Proletariat im Klassenkampf den Kapitalismus abwürgen müssen
591 1111 4787 1291 – das ist nicht eingetroffen. Warum nicht? Ging es etwa dem Proletariat
585 1220 4902 1379 nicht schlecht genug? Warum konnten die Nazis kommen? "Die nationalisti¬
591 1308 4848 1505 sche Bewegung ist unaufhaltsam" – wie kann sie es sein, die wenn man den
585 1406 4946 1647 Leuten in der Sozialdemokratie eine so viel menscjlichere [recte: menschlichere], einleuchtende
580 1499 1702 1636 Staatsform bietet?
580 1598 4875 1827 \p\Einige Gründe liegen auf der Hand – die Schwere der Friedensbedingungen,
591 1740 4826 1899 die Politik Frankreichs, die wilden Rüstungen ganz Europas (Polen gibt
580 1833 4585 1997 dafür die Hälfte seines Etats aus, England hat erst seit dem
558 1904 4880 2112 Krieg ein stehendes Heer, Frankreich, Russland, das fascistische Italien
564 2041 4749 2227 rüsten unentwegt) – die steigende Arbeitslosigkeit, und Demoralisierung
564 2161 4951 2325 der Massen. Kurz, der Rückstoss musste kommen. Wieder: dem nur theoretische
542 2199 4930 2418 Denkenden, sagen wir: dem Literaten unter anderen, bleibt dieser Rückstoss
564 2353 4815 2522 gleichermassen verhasst, auch wenn er unvermeidlich war – der Beteiligte
553 2473 4804 2621 aber muss die Unvermeidlichkeit einsehen und die daraus entstandene
547 2517 4798 2719 Bewegung begreifen, selbst wenn sie ihm zuwider ist. Schliesslich sind
574 2643 4853 2823 diese uniformierten Strassenräuber und Landsknechte mit ihrer barbari¬
547 2741 4875 2965 schen Verwilderung tatsächlich dieselben Leute die vor einigen Jahren
542 2883 4727 3037 mit ihren Mädchen mit Spielball und Faltboot zum Wochenend loszogen¬
536 2993 4798 3140 und ohne Grund waren sie den Verführungen der Volksredner auch nicht
536 3058 1220 3201 zugänglich –\:p\
536 3119 4837 3348 \p\Kurz – es ist die alte Tragik des Konflikts zwischen Denken und Handeln –
542 3283 4426 3436 was nützt es wenn dreissig, hundert, fünfhundert Kultivierte sich
536 3348 4623 3595 über das Fortschrittliche, Humane und allein Wüschenswetre [recte: Wünschenswerte] einigen
536 3452 4585 3677 können, und die Millionen des "Volks" sprechen eine andere Sprache,
542 3584 2385 3704 gehorchen der Not, verzweifeln?\:p\
520 3688 4667 3868 \p\Mir dämmert, dass tatsächlci [recte:  tatsächlich] Plato kein Staatsmann war, und dass die
514 3808 4541 3961 mächtigen Bewegungen die die Geschichte machen, über die denkend
520 3901 4848 4076 erworbenen Erkenntnisse hinweggehen, sie widerlegen, – und plötzlich sind
531 3994 4694 4191 wir mitten hineinbezogen, ob als Unterlegene oder freudig Mitgehende.
525 4098 3234 4300 Jch weiss nicht ob das schon Fatalismus ist.\:p\ [vertical space]
520 4262 4787 4492 \p\Jnzwischen sehen viele Kluge ein, dass die so hochgestimmte "nationale"
520 4415 4820 4579 disziplin- und ordnungsfreudige Bewegung schon die finstersten Symptone [recte: Symptome]
514 4530 4782 4678 der Ausartung zeigen die zum Bolschewismus führen –. Vielleicht werden
520 4607 4875 4820 die Bürger dann einsehen dass Klassenterror von rechts ihnen trotz der
498 4700 4525 4891 militärischen Fähnchen nicht besser bekommt als der von links – Die
509 4809 4579 5077 kapitalistischen Unternehemn [recte: Unternehmen], von Kommissaren überwacht, ahnen etwas
487 4902 1122 5072 ähnliches.\:p\ [vertical space]
503 5165 4689 5356 \p\Klaus – es ist so spät – ich breche ab, u. denke, Du merkst
580 5334 4869 5559 gleich beim Lesen, weshalb ich Dir in so naiv-schematischer
618 5477 4497 5663 Weise dies mitteile (was Du doch selbst schon überlegt
580 5663 4235 5810 hast). Jedenfalls werden wir keine Rachegefühle
585 5810 4656 6029 züchten können, angesichts der Tragik solcher Ereignisse
585 5947 4596 6188 ohne Ausweg, u. fast ohne "Schuld" – den[n] was man
602 6117 4355 6325 den neuen Führern vorwerfen will u. sollte, ist
624 6292 4454 6533 gering gegenüber dem Strom des Verhängnisses in
657 6451 4361 6686 das wir geraten sind, schreib bald, lieber Klaus,
771 6648 4459 6861 wie es Dir geht. Hüte Dich vor dem Teufelanbeter
733 6757 4109 7031 den ich gar nicht mag [unklar, auf was sie anspielt, ev. auf eine resignierte/gehässige Exil-Figur in Paris?]. Dich hingegen sehr —\:p\
3846 6932 4131 7118 Deine
4180 6987 4579 7184 Miro
