2697 3372
1457 316 2313 516 24. Oktober 1930
598 618 1448 805 Liebe Annemarie,
1196 736 2237 923 ich bin dir dankbar,
618 874 2313 1092 dass du mich auf den Vortrag von
623 1047 2282 1187 Praetorius aufmerksam gemacht
636 1150 2199 1321 hast. Ich habe den Herren vor
638 1256 2377 1434 einigen Jahren in Frankfurt kennen
660 1385 2313 1574 gelernt und einen Vortrag von ihm
638 1519 2359 1721 bei einer Tagung des China-Instituts
638 1643 2353 1810 gehört, der sehr gehaltvoll, aber reich¬
634 1763 2033 1948 lich schwer zu verstehen war.
640 1897 2235 2079 Das Thema seines Zürcher-Vortrags
623 2035 2371 2206 interessiert mich sehr, aber ich kann
649 2157 2344 2337 noch nicht sagen, ob es mir möglich
667 2277 2419 2446 sein wird, zu dem Vortrag zu kommen,
643 2448 2426 2564 da ich Mitte nächster Woche den Besuch
647 2548 2431 2720 meines Freundes Frans Masereel [belgischer Maler] erwarte.
659 396 2388 595 Kommt Masereel erst nach Mittwoch,
659 552 2335 740 so wurde ich nicht verfehlen nach
676 703 1556 862 Zürich zu fahren.
902 816 2451 1002 Hier geht wieder allerlei vor sich.
687 954 2379 1125 Im Sonnenbad sind sechs der drei¬
707 1097 2309 1267 zehn Mosaïken gesetzt worden, die
689 1217 2386 1357 nach Entwürfen von Masereel durch
692 1335 2309 1491 einen Genfer Mosaicisten ausgeführt
692 1475 2401 1613 wurden. Gegenwärtig wird das Sonnen¬
689 1602 2445 1762 bad neu gestrichen und zwar in einem
698 1718 2443 1847 dunklen Rot, wodurch es ein ziemluch
665 1814 2419 1979 anderes Aussehen bekommt. Auch im
676 1939 2373 2099 Garten davor wird allerlei verbessert.
685 2062 2349 2215 Im nächsten Sommer, nachdem die
659 2176 2349 2344 letzten Mosaiken gesetzt worden sind,
676 2303 2373 2491 möchte ich dann zur Einweihung
674 2430 1987 2633 ein grosses Gartenfest geben.
683 2572 2228 2771 Inzwischen habe ich auch meine
612 471 2224 670 "Erinnerungen" fertig zu Papier ge¬
618 612 2358 793 bracht, etwa 250 Seiten Typoscript.
623 781 2355 909 Ich habe im Sinne, sie in einer ganz
621 875 2248 1043 kleinen Auflage drucken zu lassen
605 985 2257 1177 um einige Verwandte und Freunde
601 1107 2297 1302 damit zu "beglücken". (Dies soll
592 1237 2366 1440 aber vortäufig noch nicht ausposaumt
618 1395 1092 1556 werden!)
618 1491 2349 1677 Meinem Arm geht es recht gut. Nach
621 1639 2416 1786 einer Röntgenaufnahme, die ich dieser
623 1757 2369 1911 Tage machen liess, scheint sich wieder
625 1869 2282 2038 ein neuer Gelenkknopf zu bilden!
638 2000 2273 2188 Was die Magie nicht alles vermag!
1194 2134 2058 2344 Herzlich dein alter
1442 2295 2107 2485 Onkel Georg.
625 2489 2188 2666 Du solltest wieder einmal hieher [sic]
632 2652 2177 2817 kommen. Die gegenwärtige Aus¬
641 2759 2353 2891 stellung "das Pferd in der Kunst" ist
650 2882 2400 3027 wirklich sehr sehenswert. Auch deine
638 2983 2389 3134 Mutter dürfte diese Aufstellung interessieren
567 3076 1699 3192 (Sieben Sääle nichts alt Rösser!!)
