2888 3660
1288 313 2330 518 Hotel Roches Fleuries, Le Lavandou
1658 448 1923 559 4 Mai 33
597 821 2599 935 Mon cher vieux,Erika m'a raconté par quelle malchance formidable
575 909 2507 1033 et véritablement digne de vous et moi nous avons manqué de nous
578 1039 2564 1127 rencontrér dans ce beau pays - et encore: il fallait nous voir
575 1121 2106 1276 comme il y a des choses bien serieuses à discuter:
578 1244 2599 1345 ich habe Jhnen schon vom Plan einer Zeitschrift geschrieben, die zw
578 1351 2520 1424 zwar ausgesprochen unpolitisch gemeint ist, aber doch unvermeid¬
584 1418 2384 1547 lich als ein Organ der Opposition gelten wird weil sie von
549 1519 2510 1648 den neuen Emigrierten und ihren Freunden - kurz von der europäisch
584 1626 2355 1746 denkenden literarischen Jugend gemacht wird die sich darin
553 1743 2599 1882 verantwortungsvoll äussern soll - Jnzwischen haben Klaus Mann und ich
556 1835 2595 1980 die Sache erstmals besprochen und erwogen-wir glauben dass es sich
549 1913 2529 2046 lohnt und machen lässt-dass es aber Zeit, Anstrengung und dévoue¬
543 2018 2659 2157 ment erfordert. Wir wollen die Zeitschrift deutsch-französisch machen
568 2138 2611 2280 - d.h. wenn möglich mit Beiträgen in französicher Sprache. Als dritten
540 2232 2450 2365 Herausgeber müssen wir deshalb und aus Prinzip einen Franzosen
553 2337 2460 2453 gewinnen - ich glaube Sie könnten sehr gut mit uns arbeiten-aber:
549 2428 2419 2586 haben Sie Zeit und genug Jnteresse? Die Zeitschrift würde wohl
559 2542 2561 2684 in Zuerich - Paris erscheinen - um im Juli oder spätestens ersten Aug.
549 2655 2602 2782 die erste Nummer herauszubringen müssten wir - Klaus Mann, Sie und ich
556 2747 2425 2861 sowie der noch zu findende geschäftliche Leiter ab Mitte Juni
556 2861 2453 2996 zusammen in derselben Stadt (Zuerich?) sitzen-und mindestens die
559 2965 2513 3047 ersten Monate dafür restlos opfern-Voilà le projet-mon cher, vous
549 3072 2602 3186 savez que je tiens beaucoup à votre secour - écrivez moi si vite que
559 3154 2545 3309 possible comme je pars d'ici le 12 mai - Und bestehen Sie rasch Jhr
556 3277 783 3369 Examen-
1222 3246 1462 3435 [j'espère ...handschrtl.
1923 3360 2371 3480 Annemarie]
180 499 322 3031 [Handschrift KM J’espère aussi ... Ich freue mich sehr darauf, Sie endlich kennenzulernen
275 556 392 3022 (wenn schon so viel von Ihnen gehört habend) - und ich möchte gern
392 641 496 3006 dass etwas aus der Zusammenarbeit wird. Ihr Klaus Mann]
