3656 4646
1045 1348 1304 1498 A.S.
1394 1829 2009 1932 Mon chérie –
1364 2051 2911 2161 Voici enfin le Borchardt
1355 2244 3003 2356 et un peu de Morgenstern.
1352 2456 2947 2562 Je viens de recevoir un
1334 2688 2585 2740 livre de Borchardt:
1295 2851 2914 2962 "Das hoffnungslose Geschlecht"
1288 3077 3090 3178 (Novellen) – j'ai commencé
1218 3289 3182 3421 à le lire et je suis toute
1248 3501 3033 3642 contente de retrouver en
1230 3710 3203 3857 prose, le même merveilleux
1212 3934 2926 4108 rythme du "Entzücken" –
1184 1159 2951 1374 – je t'envoie le Beethoven à
1286 1371 2766 1562 Paris – la plague de
1163 1547 3082 1786 photo je ne peux pas envoyer
1190 1804 2757 1981 car je ne l'ai pas.
1101 2013 3171 2181 Je me rejouis d'avoir les photos!
1071 2391 3198 2681 [space] je dois d te raconter une grande
1074 2601 2972 2851 nouvelle ("grande" c'est relatif,
1095 2809 3034 3063 mais c’est grand pour moi)
987 3046 2957 3265 J'ai envoyé l'article sur
1023 3222 2775 3426 Eisenstein à M. Korrodi,
1092 3409 3082 3663 rédacteur de la Neue Zürcher
1092 3627 3016 3842 Zeitung, inconnu pour moi –
1056 3838 2945 4078 du reste je te l'ai écrit –
1050 4044 3365 4364 Depuis j'ai parlé avec M. Korrooli
830 2786 888 4188 Ich schicke Dir den Artikel sobald
751 2763 784 4259 ich ihn wieder habe, du reste
636 2793 677 4129 ce n'est rien de spécial!
1045 1239 2988 1500 il est sympathisch, mitteljung,
1071 1475 3018 1789 freundlich u. interessiert sich
1012 1711 2711 1971 anscheinend für junge
985 1930 2764 2182 Leute. Er sagt, er will
973 2124 2914 2424 mir gerne Gelegenheit geben,
976 2353 2911 2631 hie u. da, als Uebung, für
1257 2589 2854 2843 die Zeitung zu schreiben u.
943 2813 2982 3121 ich werde nächste Woche einen
934 3034 3057 3372 Nachmittag auf seinem Bureau
919 3287 2863 3587 sein um die "Praxis des
958 3553 3027 3867 Journalismus" kennen zu lernen,
880 3768 2794 4076 ça me fait tant de plaisir
874 4007 2929 4354 parceque j'ai quelqu'un qui me
555 2435 692 2596 de
1110 1056 3129 1278 critique un peu, et en même
1089 1247 2764 1487 temps c’est un travail
1098 1451 3114 1713 intéressant: l'Université me
1122 1665 3093 1899 semble toujours un peu loin
1036 1873 1728 2032 du monde.
865 2047 3347 2321 Tania part lundi.  Merci chérie de t'avoir
904 2212 2481 2425 occupée de la chambre!
865 2418 3359 2723 Je suis assez contente maintenant parceque
895 2585 3174 2875 le travail commence (ich bin "hungrig")
883 2827 2944 3109 Ecris-moi ce que c'est "Roche",
934 3037 2821 3279 quand tu parti pour Berlin,
874 3269 3108 3496 si tu est contente de partir et
874 3466 3090 3717 ce que tu attends – Je t'embrasse et
919 3633 3014 3934 je voudrais que tu me répondes vite!
627 3812 3260 4162 Salutations pour ta mère et Silvie, j'espère qu'elles
758 4004 1254 4170 vont bien!
2594 4233 3114 4396 An[emarie
1200 3315 2860 3525 Mademoiselle D. Schlumberger
1391 3614 1767 3778 Roche
2152 3802 2618 4006 Clairac
1845 4077 2791 4257 Cot et Garonne
859 4286 1313 4442 Frankreich
