3544 4529
1661 303 2835 467 Nantucket Island, 16. September 1940
972 630 1470 787 Lieber Freund,
853 752 3131 860 \p\drei Exemplare der ZI habe ich heute bekommen, die Spezialnummern zum
491 801 3134 923 ersten August und für Gottfried Keller, und die vom 23. August, – und wenn ich auch
498 909 3162 999 ein schlechtes Gewissen hatte, weil "Belegexemplar" auf der Sendung stand, und ich
491 989 3005 1062 doch zum Gelingen der schönen Hefte nichts beigetragen habe, – so möchte ich
495 1020 3263 1153 Ihnen doch zuerst vielmals danken, und gleich die Gelegenheit benutzen, Ihnen endlich
498 1114 3253 1226 zu schreiben. Der Brief ist schon lange fällig, – eben des schlechten Gewissens wegen,
501 1191 3103 1271 – und dann wieder nicht fällig, denn was sollte ich berichten, – ich fasse keinen
501 1250 3256 1393 Entschluss, es käme fast sicher falsch heraus, man kann kaum mit morgen rechnen, alles
491 1337 1804 1417 kann über Nacht wieder verändert sein.\:p\
498 1403 3235 1501 \p\Aber ich weiss nicht, ob Sie es, dort zuhause, genau so empfinden. Vielleicht ist dort
498 1470 3253 1557 eine Entspannung eingetreten, manche Briefe, die ich erhalte, tönen dies an. Man berei¬
501 1539 3232 1626 tet sich vor, den jetzt langsam sich herausschälenden Zustand als Dauerzustand hin¬
495 1609 3211 1699 zunehmen, und sich h[sic: Buchstabendreher nicht korrigiert]im anzupassen. Wenn es so ist, – dann hätte ich vielleicht im Mai
498 1689 3145 1776 nicht wegfahren sollen, – das ist eine Möglichkeit: Ich hätte dann den Prozess der
495 1731 3232 1832 Anpassung miterlebt, – es wäre mir gar nicht so aufgefallen, – oder ich hätte die Wahl
512 1821 3207 1915 gehabt, dabei zu bleiben, mitzuarbeiten an kommenden, vielleicht ziemlich tragischen
501 1905 3218 2016 Aufgaben, – oder im Gegenteil, einzusehen, man könne es nicht, oder ich könne es nicht,
501 1982 2504 2055 ohne meinen Beruf irgendwie zu verfälschen und zu entwerten.\:p\
495 2009 3214 2110 \p\So aber, aus der Ferne, kann ich es sehr schwer beurteilen. Manchmal denke ich, genau
505 2090 3235 2211 so habe es kommen müssen: dass ich beinahe durch Zufall ausserhalb der Geschehnisse
498 2170 3106 2257 bin. Verstehen Sie mich recht, – es handelt sich ja nicht nur um die Schweiz, son¬
501 2201 3207 2326 dern was in Europa jetzt vorgeht, ist doch eine gewaltige, und sehr grundsätzliche
501 2295 3232 2396 Abrechnung, – über alle Zweifel wird man sich klar, die Schwächen, Irrtümer, Einbruchs¬
505 2379 3152 2476 stellen, die man empfand, – und über alle Werte, an die man geglaubt hatte, die man
501 2438 3267 2546 geradezu voraussetzte und brauchte fürs' Leben. Gerade in der Schweiz konnten wir ja
501 2518 3270 2612 noch am besten leben, da waren diese Werte intakt und selbstverständlich, und deshalb
498 2587 3200 2678 meinte ich, auf jeden Fall seien wir nur so am Rande mitbetroffen. Aber jetzt kommt
505 2664 3218 2755 so Vieles zusammen, als Druck von aussen, – fast scheint es schon nebensächlich, dass
501 2730 3214 2831 wir nicht wie andere, uns ähnliche, kleine Länder, militärisch besiegt sind. Aber ich
505 2800 3305 2884 will nicht vorgreifen, was weiss man, in welcher Form, auf welche Weise sich vielleicht
501 2877 3277 2960 Kräfte rein und stark erhalten oder erneuern. Nennen Sie mich nur nicht gleich einen
505 2950 3169 3037 Defaitisten! – – Im Gegenteil, würde ich nämlich glauben, die Geschehnisse seien end¬
505 3016 3176 3103 gültig, oder doch gültig auf Generationen hinaus, – dann würde ich ja sagen, es gäbe
501 3096 3180 3169 nichts als entweder sich besiegt erklären und abtreten, – oder sich abzufinden und
501 3113 3267 3267 anzupassen und in der uns gegebenen Frist und in der uns zugedachten Welt zu leben
508 3232 1518 3315 und zu arbeiten und zu wirken.\:p\
501 3249 3214 3395 \p\Aber das ist es! – Wenn man ausserhalb ist, – in einem noch freien, von diesem Umsturz
501 3371 3249 3472 und Krieg noch nicht berührten Erdteil, frägt man sich, ob man wirklich schon zu den
519 3430 3148 3510 "Besiegten" zähle, oder ob die Auseinandersetzung nicht gerade erst anfange. Dann
498 3489 3281 3632 möchte man keinen Kompromiss machen, zu keiner falschen Befriedung beitragen, sondern
501 3577 2511 3702 die endlich gegeneinander stehenden Dinge beim Namen nennen.\:p\ [space]
505 3674 3148 3799 \p\Also genug davon. Sie wissen jetzt schon, vor welchen Fragen ich stehe. Eigentlich
501 3785 3166 3880 müsste man "abwarten", – das tu ich seit Wochen, – es ist ja noch nirgens etwas End¬
501 3859 3166 3946 gültiges geschehen. Stellen Sie sich nur die Situation eines jeden Franzosen vor.
501 3921 3082 4012 Und mein Mann ist schliesslich Franzose. Unter meinen Freunden sind solche, die
508 3984 3214 4123 sich mit der Vichy‐Regierung abfinden, sich damit helfend, es sei ein Uebergang, die\fml\\:p\
423 269 3096 413 \fml\\p\Folge einer beispiellosen äusseren und inneren Niederlage, und müsse ausgehalten,
420 388 3131 486 überstanden werden. Andere haben es als Verrat an ihrer Nation abgelehnt, und kämp¬
430 441 3243 567 fen weiter, in England, oder in den Kolonien. Was diese Menschen auf sich nehmen, wissen
420 525 686 619 Sie ja.\:p\
427 570 3054 679 \p\Und hier in den Vereinigten Staaten ist auch nichts entschieden. Erst ob im Nov.
423 661 3072 766 Roosevelt gewählt wird oder nicht, wird dann Vieles klären. Jedenfalls möchte ich
420 752 3093 829 mich nicht zu sehr darauf verlassen, dass hier die Demokratie, so wie wir sie ver¬
423 815 3166 927 stehen, als liberale Staatsform, ihre Zukunft findet wenn sie in Europa ganz besiegt
430 882 1169 997 werden sollte. U[u überschreibt Punkt > Tippfehler]nd ich, –\:p\
1158 924 3131 1046 \p\Sie kennen mich genug, – ich glaube nicht, dass die scheinba¬
420 1036 3159 1116 ren Entscheidungen, wie sie jetzt fallen, zu einem mehr als provisorischen Ende füh¬
423 1102 3138 1183 ren, ich halte dies alles erst für den Anfang. Erinnern Sie sich noch daran, wie ich
423 1172 3156 1253 aus Prag zurückkehrte? – Wieviele glaubten damals, München habe eine Krise "beendet"?\:p\
423 1235 1172 1326 \p\Ich sei ein Defaitist?
420 1305 3226 1396 Nur stand bisher, für mich privat, Eines nicht zur Diskussion: meine schon durch meinen
416 1379 3226 1487 Beruf sehr schwer zu vermeidende offene Stellungnahme hatte noch keine Folgen. Heute
493 1441 1127 1536 – jedes Wort zuviel! –\:p\
423 1511 3191 1613 \p\Ich glaube zu wissen, was Sie, und was gute Freunde zuhaus, mir raten würden: ich sollt
416 1585 3194 1683 es doch versuchen. Denn abgeschnitten sein, das ist ja kaum tragbar. Da hat es ja dann
423 1658 2400 1753 auch keinen Zweck mehr, zu schreiben, sich äussern zu dürfen.\:p\
416 1718 1693 1812 \p\Da müsste ich also warten, – wie bisher.\:p\
423 1770 3194 1896 \p\Nur frage ich mich oft, ob dieses \g\Warten\:g\ und abseits stehen tragbar sei, – ob man
416 1872 3131 1949 sich so nicht auch in die Isolierung begibt, und nachher sei es dann zu spät, um zu
420 1938 3145 2047 bereuen? – Sehen Sie, es wird ja noch gekämpft, und wenn Einer so genau weiss wie ich,
416 2008 3023 2117 an was er glaubt, und wie er leben will, dann kann und will man sich ja auch auf
423 2075 1403 2187 "Gedeih und Verderb" stellen.\:p\ [space]
416 2127 3159 2281 \p\Vielleicht finden Sie diese ganze peinvolle Fragestellung überhaupt merkwürdig. Als
420 2260 3145 2365 ich heute Ihre Nummern ansah, – die sind wirklich sehr schön, und was Sie da hinstel¬
416 2323 3117 2414 len, ob in Bildern, oder im Text, als schweizerische Forderungen und selbstverständ¬
409 2390 3121 2481 lichen schweizerischen Bestand, ist so eindringlich, kompromisslos, ohne Phrasen und
409 2470 3170 2568 falsche Töne. Da fragte ich mich, ob ich am Ende zu schwarz sehe, oder die Möglichkei¬
416 2537 3096 2631 ten unterschätze die uns geblieben sind. Aber es ist zum ersten Mal, dass ich mich
409 2596 3152 2687 so etwas fragte. Bisher war alles, was ich von dort hörte, zwar nicht krass, aber doch
409 2684 3205 2771 tief deprimierend. Wissen Sie,– nicht \g\dass\:g\ wir diesem oder jenem Zwang unterliegen,
413 2754 3089 2848 wenn wir das nämlich wüssten, und uns klar darüber wären, gut! – Dann bliebe es eine
413 2820 3079 2918 äusserliche Erscheinung, – und dann würde man nämlich seinen Stolz behalten, und es
413 2879 2551 2984 g[e]meinsam auf sich nehmen und sich gegenseitig die Treue halten.\:p\
416 2960 3117 3058 \p\Ich habe einen Aufsatz zum ersten August geschrieben. Gedruckt wurde er wohl nicht
406 3030 3082 3121 mehr. Und das hätte ich auch begriffen, – da ich ja genau darüber schrieb, worin wir
406 3103 3152 3201 und bis zu welchem Grade wir eben auf tragische Weise "mitbesiegt" seien. Aber ich
402 3163 3093 3275 erhielt zu dem Aufsatz ein paar Kommentare, – und sehen Sie, \g\das\:g\ war bitter, \g\das\:g\
399 3226 3142 3334 hat mich stutzig gemacht, – und da erst fragte ich mich, ob ich mich damit abfinden,
406 3303 3152 3394 es ertragen würde, – und ob es einen Zweck habe, es zu versuchen, und ob man dort mich
406 3380 3208 3481 und meinesgleichen überhaupt noch wolle. So ungefähr waren die Kommentare: ich sollte
402 3443 3173 3534 lieber, wie versprochen, in Alaska oder sonst einem möglichst unwichtigen und abgele¬
409 3513 3145 3618 genen Erdenwinkel fleissig sein[fehlender Abstand zwischen Worten]zum Beispiel über Botanik und Fische schreiben oder
402 3600 3138 3691 vielleicht auch Gedichte machen, – statt irgendwo Trübsinn zu blasen, meine Schnauze
409 3667 3173 3751 in Sachen zu stecken die mich gar nichts angehen, und die Schweiz herabzusetzen. Also
423 3744 3173 3835 – die Sachen, die mich heute nichts angehen, sind zum Beispiel die res politica, obwohl
399 3786 3110 3894 ich mich frage, was sonst auf der Welt jeden Einzelnen von uns eigentlich angehen
402 3873 3082 3957 sollte, obwohl man mir vielleicht mein Haus bombardiert, meinen Pass nimmt, mir die
388 3929 2981 4027 Heimat verbietet, wenn ich mich nicht dazu bequemen kann, alles zu verraten was
402 4003 3135 4104 unsereinem bisher das Leben lebenswert machte. Und die Schweiz herabsetzen, – das war
392 4080 3023 4174 also in diesem Fall meine Behauptung, unsere ureigendsten Begriffe von Freiheit,
392 4143 3089 4251 Demokratie, Neutralität, Toleranz, Gewissensfreiheit, Schutz politischer Flüchtlinge,
406 4223 3047 4314 – diese Begriffe hätten \g\Inhalte\:g\, und schlössen gewisse Konzessionen aus, die\fml\\:p\
429 342 3055 457 \fml\\p\nun wohl von uns verlangt würden. Aber solange nicht \g\wir\:g\ es so wollten, – nicht
440 436 3107 510 wir die Begriffe verraten wollten, sondern die Forderung von aussen an uns heran¬
436 506 3139 600 trete, – und solange wir genau wüssten, dass eine Demokratie, der Staatsverband frei¬
436 576 3139 667 er Männer, erst dann wieder echt sein werde, wenn sie sich verteidigen könne statt
429 646 3079 754 durch die Gnade einer Macht zu existieren, einer Macht welche die Grundsätze der
433 712 3051 796 Demokratie unmöglich anerkennen \g\kann\:g\, weil sie aus dem g[Korrektur: grosses G überschrieben]egenteiligen Glauben
426 786 1805 859 heraus entstanden und stark geworden ist.\:p\
440 848 3044 932 \p\Gut, – das ist vielleicht schonungslos gesagt, – und vielleicht muss ich auch ein¬
429 932 3104 1023 sehen, dies habe keinen Zweck. Aber mir sagen lassen: erstens, – die Massen des Volks
433 1002 3093 1086 würden es ja gar nicht merken, wenn solche Grundsätze ein wenig mit Füssen getre¬
436 1065 3104 1159 ten würden, – man sollte sie bloss nicht aufhetzen, – – – und zweitens: es sei auch gar
426 1145 3065 1229 nicht wahr, wir seien nach wie vor frei und stolz und würden jeden bösen Angrei¬
429 1225 3002 1288 fer sofort bekämpfen, bis zum letzten Blutstropfen! – \g\das\:g\, sehen Sie, \g\das\:g\ ist
429 1285 2908 1379 arg. "Die Massen des Volks merken es nicht", – das ist eine Herabsetzung, – und
464 1348 3125 1435 "man sei frei etc etc", – das entwertet den Begriff Freiheit, wenn doch jedes Schul¬
426 1428 3097 1522 kind es merken wird, dass wir nicht mehr so frei sind, und zum Beispiel Dinge tun
433 1491 3041 1602 oder erlauben müssen, die nicht vom Volk beschlossen und gebilligt wurden, – dann
436 1564 2947 1655 genau ist eben "Freiheit" ein leeres Wort, und bald wird kein Bub mehr dafür
429 1627 950 1718 kämpfen wollen.\:p\
426 1676 3201 1812 \p\Während ich doch eben sagte, – äusserlicher Zwang sei vielleicht bitter, aber trotzdem
419 1774 3139 1850 könnte sich in unserem Grund und Boden ein an Bestand an Glauben und Freiheit und
419 1847 2842 1924 Menschenwürde erhalten und nähren, der trotz allem zum ewigen Bestand der
419 1910 2933 2014 Menschheit zähle und für den die Stunde eines Tages wieder reif sein werde.\:p\ [space]
419 2035 3215 2193 \p\Nun also, – ich glaube, Sie verstehen mich schon, – und was ich dann immer tun werde,
426 2168 3135 2276 in der nächsten Zeit, Sie werden es jetzt sicher richtig beurteilen. Das wenigstens
419 2213 1288 2311 hoffe ich, unter Freunden, –\:p\
412 2273 3002 2381 \p\Aber übrigens denken Sie bloss nicht, wegen Alaska und Columbien hätte ich ein
419 2343 3132 2451 unbelastetes Gewissen! – Es ist mir gar nicht recht, dass ich Sie bisher so im Stich
422 2437 3002 2535 liess, – und ich hoffe bestimmt, es noch gut zu machen. Es ist nur mit dem Reisen
429 2496 3100 2601 jetzt schwierig, ich kann gar nicht über die kanadische Grenze, noch überhaupt die
422 2577 3128 2695 USA verlassen, ohne zu riskieren, nicht wieder einreisen zu dürfen. Sonst wäre jetzt
415 2629 2461 2741 Mexiko wieder sehr interessant, auch Südamerikanische Staaten.\:p\
415 2706 3125 2807 \p\Warum ich dann nicht wenigstens Material aus USA geschickt habe? – Und nicht einmal
422 2790 3160 2884 eine Reportage der Insel Nantucket? – Also, ich stecke jeden Vorwurf ein, – ich brachte
419 2852 3174 2950 es nicht fertig, während wir hier jeden Tag vor neuen, schrecklichen Fragen standen,
429 2936 3156 3023 – wegen Flüchtlingen, französischen Freunden, Kindern, – und während ich seit Wochen in
422 2992 3146 3104 Atem gehalten werde, versuchend nach London zu gelangen, – aber bitte, dies muss unter
412 3079 3153 3160 uns bleiben. Die praktischen Schwierigkeiten sind immens, – und andererseits sind die
415 3132 3090 3257 Folgen halsbrecherisch. Sie wissen, dass Vichy die Franzosen, die diesen Entschluss
415 3219 1623 3289 fassen, wie Landesverräter behandelt.\:p\
408 3254 3208 3373 \p\Sehen Sie, – ich weiss wohl dass das Leben weitergeht, und dass die Fische in Alaska u.
408 3348 3181 3446 die Oeltürme in Texas und sogar die Botanik weiterhin wichtig sein werden, und dass
408 3428 3097 3519 die Mönche in Tibet es nicht einmal ahnen, wenn bei uns inzwischen unsere Welt in
405 3495 3188 3586 Flammen aufgeht. Und dass ich von Krieg nichts wissen wollte, nützt auch nichts: jetzt
412 3565 3212 3652 ist es so geworden, wir wurden, in unserer Welt, vor diese Tatsache gestellt, uns bleibt
408 3624 3114 3732 keine Wahl. Und solange es so ist, könnte ich auch in Tibet keine Seligkeit finden,
408 3701 3062 3795 und kann mich vorläufig einfach nicht auf Texasoel konzentrieren. Haben Sie also
408 3778 3114 3875 Geduld. Vielleicht schreiben Sie sogar einmal?, – etwas Hoffnungsvolles, etwa, wie Sie
408 3844 2172 3928 sich die Zukunft der ZI und ihre Aufgaben vorstellen.\:p\
405 3907 3142 4029 Alles, alles Gute Ihnen, der Redaktion, – viele herzliche Grüsse an Ihre liebe Frau u.
398 3990 2151 4120 die Kinder, – u. Empfehlungen an die Herren vom Verlag, –
2004 4064 2245 4221 Ihre [Unterschrift handschriftlich hinzugefügt]
2137 4172 2891 4368 An[n]emarie Clark
