3730 5213
2181 249 3505 532 Sils-Baselgia, Engadine
2522 458 3369 667 Sept. 2d, 1942
1078 766 2750 983 Klaus, dear, old, unchanged one,
649 931 3424 1129 yes, it is strange, and extremely pleasing to be at
642 1067 3358 1254 Sils again at the same table in the same good
642 1192 3446 1401 Stube surrounded by the still marvellous mountain
623 1291 3542 1492 + splendid summer landscape, + the friendly atmos¬
631 1445 3509 1642 phere of the village. And it was strange + an extreme
634 1551 3300 1760 joy to receive your letter – almost from "house to
627 1683 3369 1881 house" + hand to hand – after the long + partly
627 1782 3549 2020 bitter isolation of deep black Africa. But Lisbon has
620 1895 3487 2159 been, meanwhile, a midway station where many lively
631 2057 3487 2280 thinge became real again. I had, then, a letter
627 2163 3578 2420 from Erica, + I heard about her by Mr. Balfour (whom
642 2295 3509 2537 I like very much). Fate, routes + events have been
642 2420 3377 2713 so unexpected + curious, that I am ready to
682 2555 3505 2823 believe we shall see each other again, before not
653 2731 3553 3010 to long, before we are gray + white or changed. May
656 2834 3479 3113 be you have become a soldier, – may be I shall
642 3025 3553 3296 have finished my poem "The Miracle of the Tree"
719 3146 3457 3443 which is more than an entierly new version
675 3311 3534 3553 of the first manuscript, – a novel, – which I had
678 3476 3465 3791 brought back from the hardship + strange
711 3608 3490 3919 paradise of The Congo. I am working at it,
730 3791 3439 4088 sacrifising all I have in strength + love
708 3963 3380 4194 + also the potential "holyday" & meeting
689 4147 3432 4356 with friends etc. I had planned for my
660 4326 3450 4473 3 monts summer at home - But even that
686 4447 3351 4682 this kind of concentration, which is the true
719 4605 3479 4854 parallel of a religious aim or meditation –
733 4773 3267 5026 is hard upon me, I feel that I write
836 327 3444 524 write the first time as I was supposed
844 431 3375 728 to do – giving my best, my whole effort.
836 632 3490 890 The result is very suprising, + far beyond
828 747 3494 994 my own knowledge or thinking – yet I find,
832 982 3471 1163 reading it, that each word + line is true,
844 1110 3471 1348 + comes direct from the common source of
817 1252 3506 1483 experience + innocence. – So, should the Swiss
790 1375 3452 1630 Consul Mr. Orlandi send you the copy of the
766 1583 3436 1757 first novel, dont consider it – it will be
774 1718 1703 1942 burnt + melted.
664 1857 3517 2188 \p\I had news from Carson, and hope she got my
664 2069 3363 2308 last cable from Sils. I wish with all my
664 2200 3356 2462 heart she will be strong enough to finish
728 2350 3544 2604 a new book. News about Margot [von Opel, zu dieser Zeit wohl schon in den USA interniert] are hopeless –
740 2504 3521 2704 I had a long desperate letter from her, all her
720 2647 3591 2897 most charming character hardened + yet sweetened
720 2782 3583 3036 by suffering – I try what I can do but until
709 2951 3533 3198 now without much result. And it is not up to
693 3124 3506 3344 us to say aloud that possibly this – almost
767 3275 3298 3525 com[m]on – experience might be her chance, as
851 3421 2724 3714 "good men improve by suffering" –\:p\
664 3629 3344 3869 I had Giehse for almost 5 weeks. Still a
809 3814 3398 4018 soul + a comrade. In about 6 weeks I
790 3926 3375 4188 have to start again for Lisbon, with a good
682 4072 3440 4338 arrangement with our papers [offenbar sind schon Verträge aufgesetzt?]. I do hope to
751 4249 3506 4492 get more news. Dont be sad about "decision" [KMs zweite Exilzeitschrift überlebte nicht lange] –
774 4415 3483 4592 the time will come when our bit will have
664 4550 3467 4766 another place again – + we have to keep fit
664 4692 3533 4889 + get better + surer, that is all we have to do –
709 4839 3521 5081 the rest is beyond our plans. I would love
592 678 681 4892 to see Erika + you – will she possibly come to Lisbon? Give my love to
452 673 547 4671 your parents, Golo, and all friends, + all my affection + love to E.
296 737 374 4903 How is dear Annette [ev. Annette Kolb]? Write soon, + be sure of our oldest friendship
183 3023 235 4343 + my tenderness. Your
156 4499 186 4827 Miro
