3032 4288
2128 183 2618 355 März 1931 [bleistift]
557 932 1993 1247 Ma très chère Jacqueline,
608 1219 2579 1402 Votre bonne lettre est arrivée
571 1399 2562 1644 hier. Elle semble venir d'un
569 1610 2722 1827 endroit calme et plein de soleil.
543 1728 2812 2063 Que faites-vous là-bas? N'allez
535 1931 2508 2142 vous pas rentrer à Paris?
538 2058 2756 2314 Travaillez-vous en ce moment?
535 2252 2759 2545 Mais vous me demandez de mes
510 2441 1126 2601 nouvelles.
521 2550 2632 2747 Je ne suis pas très contente car
518 2683 2345 2970 je n'ai pas l'énergie de
498 2863 2739 3094 travailler bien. Je travaille, et
507 3057 2511 3268 mes examens commencent en
532 3212 2652 3426 10 jours. Je pense de réussir.
543 3358 2745 3654 Tout sera terminé a la fin du
540 3533 2615 3792 mois d'Avril ou début de
470 3721 2635 3980 Mai. Mais même si je réussis,
594 3888 2846 4175 je ne suis pas vraiment contente
489 376 1422 597 de moi-même.
492 558 2780 825 Peut-être je vais partir pour Rome.
549 751 2535 953 Je vais voir de belles choses,
541 919 2504 1212 des paysages que j'aime, et je
523 1144 2649 1437 me reposerai. J'attendrai avec
546 1266 2694 1607 patience que les idées, l'envie,
549 1471 2242 1753 le courage reviendront.
484 1952 2563 2273 [space] Tout le monde va bien, Hansi a
529 2128 2817 2538 gagné un grand prix en Allemagne,
541 2322 2669 2654 Fredi est au service militaire,
558 2478 2509 2842 Gundi a Berlin chez sa soeur.
495 2757 2629 3090 Je vous embrasse, chère Jaqueline,
515 2953 2495 3229 soyez contente et tranquille –
1627 3391 2421 3605 Annemarie
