5474 6975
893 930 2010 1148 nun alles zum Bets
755 999 4976 1201 \p\am 27. September, lieber Klaus – also erreicht Dich dieser Brief erst im
766 1170 4721 1292 Oktober, und Du musst mir allenfalls telegraphisch anrworten – denn
755 1276 4689 1403 zwischen 15. und 20. Oktober will ich doch nun unbedingt abreisen.
766 1345 4960 1499 – Vermutlich kreuzt sich dies aber mit einem Brief von Dir, worauf ich
755 1473 4896 1632 meinerseits Dir telegraphiere, zusage, abändere, je nach dem – und damit
766 1568 3525 1707 das heute Vorgeschlagene annuliert sein wird.\:p\
771 1653 4955 1855 \p\Jch bin, zunächst, traurig weil Du nicht kommst – aber es ist vernünftig
771 1808 3716 1903 und heisst am Ende, dass ich schneller fort kann –\:p\
755 1887 4843 1999 \p\Die einzige Komplikation ist, dass ich meinen Buick-Wagen mitnehmen
755 2004 5019 2132 möchte – denn ihn hier verkaufen, heisst, dass ich wenig Geld dafür bekom¬
766 2079 4705 2206 me, ihn Claude überlassen aber ist ein Risiko: sein Chauffeur soll
766 2190 4710 2323 lieber den alten Dodge zuschanden fahren, und wozu braucht Claude
771 2265 4928 2472 zwei Wagen? Wir aber können ihn drüben in Europa, Amsterdam, Küssnacht,
771 2392 2068 2541 Wien, Sils, gebrauchen.\:p\
766 2488 4896 2616 \p\Dies bedeutet eigentlich, dass ich nur die Wahl habe, ihn in 8 bis 10
766 2578 4838 2717 Tagen (es ist \g\weit\:g\) über Gebirge und durch die syrische Wüste bis
766 2690 4652 2812 Beyrouth zu kutschieren (oder Haiffa), ihn dort nach Triest oder
755 2807 4928 2982 Marseille verfrachten, und damit dann nach Wien (falls Eri dort ist
766 2908 2807 3046 oder Paris oder Zürich zu fahren.\:p\
766 2977 4907 3131 \p\Aber wie ist es denn mit Deiner grossen Reise bestellt? Die Strassen
781 3099 4965 3238 im Balkan sind doch wohl im Oktober unrauchbar – sonst könnte ich Dich
776 3222 4774 3344 in Konstantinopel treffen, und mit Dir heim fahren – auch Athen wäre
776 3328 1276 3456 denkbar.\:p\
771 3371 4811 3535 \p\Es schwebt auch noch die Frage, ob Barbara Wright, Claudes Freundin,
776 3514 4583 3631 und auch die meine, – mit mir reist – Aber kommen wir zum Schluss:
776 3604 4763 3732 Das Leichteste wäre, Dich in Marseille (oder, immer in Hinsicht auf
760 3721 4779 3849 Eris Aufenthalt) in Triest zu treffen – wir hätten dann eben nur ein
776 3828 4843 3961 Europa-Türchen zusammen) – möchtest Du aber sehr gern doch noch nach
888 3918 4827 4046 Konstantinopel, so mache ich es, irgendwie, möglich. Kable mir also –
766 4019 4710 4157 falls nicht ein Brief dies alles überflüssig macht und mir etwas
766 4083 4960 4237 Anderes vorschlägt) – kable also, ob Du mich Ende Oktober (aber dies ist
771 4221 5024 4418 das früheste was ich machen kann) in Konstantinopel, oder etwa am 25.O
781 4322 4577 4471 Oktober in Beyrouth, oder erste Nov. Woche in Marseille (Triest?)
781 4434 4577 4561 treffen willst. Darauf würde ich das passende Schiff aussuchen –
787 4529 4832 4689 oder wie wäre es mit Aegypten? Beyrouth bietet die Möglichkeit, dass
781 4620 4949 4774 wir einen kleinen Palästina-Ausflug machen und dann zu Schiff zurück
776 4742 1717 4875 reisen könnten.\:p\
781 4779 4896 4992 \p\Barbara ist hinreissend, und sehr klug,und ganz nach unserem Herzen.
766 4955 4604 5098 Ausserdem hat sie mich gern – Du weisst, das wirkt Wunder, und ich
787 5040 4896 5189 gewinne täglich an Lebensmut. Wir fahren noch zusammen nach Persepo¬
781 5141 4907 5279 lis – ich \g\wünschte\:g\, Du wärst hier und [d]abei! – und Persien erhält
776 5263 4955 5401 nochm[a]ls seinen alten Zauber, und Claude wird von mir mit gerechteren
766 5359 1903 5513 Augen betrachtet.\:p\
771 5412 4896 5593 \p\Lieber Klaus Heinrich – aber nächstes Jahr wollen wir doch fast immer
776 5571 5040 5704 zusammen sein, und zusamme etwas Neues (jeder für sich doch) schreiben
787 5678 4891 5800 – Diesen Winter: ich möchte zuerst Eri auffinden, dann Dezember in Bo¬
781 5773 4848 5885 cken zubringen, und ab Januar in Sils sein. Kommst Du einmal hinauf?
776 5874 4790 5997 Jch werde auch gesund werden – Lieber, ich habe, glaube ich, die Hölle
771 5965 5045 6135 an unfasslichen Zuständen hinter mir – Nochmals sei es gesagt: wäre nich[t]
776 6082 4731 6183 – eben noch – Barbara eingetroffen und hätte mich zurückgeholt, ich
781 6172 4769 6305 hätte es hier nicht mehr geschafft, und auch den Entschluss nicht,
781 6278 1659 6433 wegzufahren ...\:p\
766 6364 4864 6560 Lieber, Lieber – und es ist so wenig rühmlich alles – ich hätte es doch
766 6518 994 6725 nun
680 829 4949 1100 nun alles zum Besten haben können – und sollte mich nicht mehr beklagen
665 978 2238 1122 noch ein Sorgenkind sein –
670 1069 4753 1329 \p\Jch werde aber gesund werden. Ich mlchte [recte: möchte] es, manchmal, – etwa wenn ich
659 1228 4684 1409 mich beim Reiten [siehe dazu auch die Reitszenen in "Das glückliche Tal"] in diesen unerhört schönen Gegenden plötzlich so
675 1302 3067 1441 ganz am Leben, wohl, fast fröhlich fühle –\:p\
654 1403 4843 1627 \p\Wir wollen fortan viel zusammen sein. Du brauchst es vielleicht auch,
670 1515 4476 1717 ein wenig – und ich kann nun einmal allein nicht glauben, was wir
665 1621 4907 1813 glauben müssen, um das Leben wert zu finden – Du verstehst was ich meine
670 1744 4859 1919 – Claude weiss es nicht, weil er anders, ohne dies Eigentliche, zu leben
659 1808 1244 2010 versteht.\:p\
1191 2222 4051 2515 Adieu – nun fehlen also nur noch die Telegramme –
2924 2685 5183 2945 Die Deine, u. voller Zärtlichkeit:
4014 3036 4375 3264 Miro
