3485 4403
2052 732 2846 963 Bocken/Horgen
824 1103 2854 1332 Jaqueline, chère ami, ta lettre a
866 1307 2572 1519 longtemps voyage pour me
863 1500 2860 1684 rattraper à Bocken. Pardonne
846 1692 2698 1916 donc que je réponds si tard.
835 1882 2664 2064 Je remercie à Luc et toi de
832 2047 2628 2293 m'inviter encore une fois, je
874 2209 2723 2446 pense (et j’espère surtout) de
866 2413 2670 2583 pouvoir venir à la Redoute.
829 2561 2617 2806 Tu sais bien, Jaqueline que,
832 2742 2896 3024 en ne se voyant pas on s'éloigne
852 2901 2650 3147 forcement l'un de l'autre,
835 3086 2745 3359 mais cela ne veut pas dire que
882 3248 2779 3482 je ne suis pas reconnaissante
801 3404 2968 3731 et contente pour l’amitié qu’on
857 3613 3102 3893 me donne. Parceque on n’aura jamais
868 3722 2971 3990 jamais trop d'affection dans la vie!
1195 3926 2667 4097 Bien à toi et tendrement
1832 4049 2435 4219 Annemarie
