2930 3703
1496 485 2479 696 Zürs am Arlberg
1590 589 2479 847 Hotel Zürser Hof
1706 852 2120 990 19. II. 33
773 1169 1679 1357 Mon cher Claude -
827 1320 2716 1572 Vous n'attendez probablement plus de
832 1466 2679 1699 mes nouvelles – après un si long silence
815 1585 2499 1785 qui vous doit avoir semblé assez
810 1723 2541 1914 incomprehensible et sans raison.
780 1815 2729 2031 Tout de même – ce n'était pas de méchan¬
760 1944 2724 2137 ceté de ma part, ni un désintéressement.
768 2011 2521 2268 J’étais “abwesend” avec toutes mes
755 2169 2692 2451 pensées, préoccupée, troublée et même
760 2352 2687 2620 découragée. Après une grippe avec assez
740 2439 2729 2707 de fièvre je suis partie avec mon amie
733 2553 2726 2840 Maria Daelen (docteur en médecine et femme
745 2707 2719 3024 absolument charmante) pour le Arlberg.
740 2786 2684 3090 Je faits beaucoup de progrès en Skie -
728 2954 2578 3212 chose très serieuse ici – et j'écrits
716 3076 2687 3385 un roman. Voilà mes occupations.
785 750 1994 933 C'est très possible que je
844 850 2150 1036 viendrai, en Mars, pour
801 955 2318 1155 8 jours à Zurich. Je voudrais
819 1081 2302 1293 savoir si vous i êtes. Ecrivez
763 1175 1273 1387 moi donc.
700 1481 2204 1723 En avril où en mai je pense
723 1633 2170 1828 partir avec une jeune amie.
718 1734 2152 1978 excellente photographe pour
727 1862 2446 2159 le pays des basques - Pyrenées etc -
705 2000 2396 2271 En auto - gagnant l’argent qui
729 2126 2510 2419 qu’il nous faudra par des articles
761 2255 1468 2414 et des photos.
696 2381 2504 2710 \p\Haben Sie eventuell Lust u. Möglich-
680 2488 2396 2830 keit diese, oder eine spätere Fahrt
678 2616 2182 2940 (Herbst) zur Donaumündung
763 2795 1472 3030 mit zumachen?\:p\
969 2994 2365 3287 Amitiés sincères, chéry Claude
1817 3336 2269 3482 An[n]emarie
277 3186 1072 3370 P.S. Grüssen Sie sehr
436 3341 1134 3477 herzlich Valerie K.
885 1702 2035 1852 Monsieur Claude Bourdet
877 1894 1630 2057 36 Bolleystrasse
1407 2103 1790 2241 Zürich
1569 2320 1905 2452 Schweiz [halber Poststempel]
1135 1407 1737 1440 HOTEL ZÜRSERHOF
1101 1456 1785 1488 ZÜRS BEI LANGEN AM ARLBERGE
1351 1509 1529 1544 AUSTRIA
