5357 3533
567 1022 605 2478 HIGHLANDER FOLK SCHOOL
416 670 462 2875 MONTEAGLE, TENNESSEE
686 1664 726 1875 [Stempel]
2719 115 3824 420 10. Nov. 37 [handschriftlich ergänzt, Pfeil vom Wort Datum zur Zahl]
985 445 4704 605 \p\Liebster Klaus, – das \g\Datum\:g\ ist mir heute aufgefallen, – und
1000 580 4819 725 wenn wir in der gleichen nachlässig-konzentriert-vergesslichen
995 650 4939 825 Manier unseren Weg fortsetzen, kann es leicht das Ende des Monats
1005 790 4934 910 werden, bevor wir in Washington – und noch nicht in New York – zurück
1005 885 4879 1040 sind. Wir müssten denn – und es ist sogar wahrscheinlich – durch die
1010 995 4694 1110 unheimlich schmelzenden Finanzen gezwungen sein ... und gerade
1005 1095 4684 1210 davon getraue ich mich kaum, zu reden. Aber kurz und schlicht:
1000 1190 4709 1305 Du kennst die Hotels und Gepflogenheiten des Kontinents, – und
1000 1295 4769 1415 weisst, wieviel genau 250 Dollars monatlich bedeuten, von denen
1000 1360 4859 1530 über 25 gleich für den Wagen abgehen. Und vom Rest ernähre ich –
1015 1505 4809 1620 gut und gern – und in jeder Hinsicht berechtigter Weise – Barbara.
1000 1615 4819 1740 Dies, damit Du realistisch und freundlich eingestellt bist, wenn
1010 1705 4814 1835 ich Dich frage, wie es mit dem Retourbillet steht. Jch erfuhr, es
1000 1805 4874 1970 wurde bar bezahlt und als meine Rückfahrt gebucht, – und ich sage
1015 1920 4884 2024 es Dir lieber gleich: ich müsste damit rechnen, – d.h. damit, dass
1000 2009 4849 2144 Du den Schein, den Du irgendwo in der Tasche hast, auf mich über¬
1025 2124 4994 2269 trägst, – \g\irgendwie\:g\, hoffe ich, würde doch die L [gap]ecture Tour
1025 2214 4949 2369 oder der Kunst-Baedeker Deine Heimreise aufbringen? – anderenfalls
1015 2329 4769 2444 ich nicht recht weiss, was ich tun soll, – selbst dritter Klasse
1015 2439 4784 2564 wäre ich zu allerhand peinlichen Sparmassnahmen (!) und Hinter¬
1010 2504 5014 2704 hältigkeiten gezwungen. Und – erstens kann ich nicht mehr sparen als
1010 2644 4769 2759 es schon geschieht – Sandwichs and no drinks – zweitens \g\mag\:g\ ich
1000 2729 5019 2884 nicht wieder dritter Klasse. Aber – dies alles nur, im Falle Du plötz[¬]
1000 2854 4774 3009 lich und vor meiner Rückkehr abreisen willst – was ich ganz und\fml\\:p\
613 259 4748 403 \fml\\p\gar nicht hoffe ...? \g\Viel\:g\ hübscher wäre es, zusammen zu reisen – – und
624 337 4881 536 in diesem casus könnten wir ja alles hübsch zusammen aushecken und be¬
613 480 1126 602 rechnen.\:p\
618 525 4908 674 \p\Jch habe bisher unter betrü[ä]chtlichem Aufwand an Energie und Konzentra¬
624 685 4897 806 tion einen TVA-Artikel für Graeter, eine Labour-Reportage für die Welt¬
629 795 4820 889 woche, – und ein ganz gelungenes (ç[.]..?) Feuilleton als erstes Stückchen
624 883 4759 983 einer Serie für Kleiber gedichtet. Erstens ist es schwierig, weil ich
613 972 4953 1126 mich unter lauter Experten und seriös gesinnten Kennern befinde, die ge¬
629 1077 4743 1209 nau wissen, wie kompliziert die Tatsachen hier liegen, und die an die
629 1193 4908 1325 ganze raffinierte Komplexität der lokal-versus amerikanischen Bericht¬
624 1303 4848 1408 erstattung gewöhnt sind. Zweitens ahnt mir selbst Einiges von der har¬
624 1386 4787 1507 ten, grausig-rohen, und doch wied[handschriftlich ergänzt]er "smarten" Realität des Kampfes, der
629 1474 4881 1612 sich hier zwischen Plantagensystem und Jndustrialisierung, Neger-Vorur¬
629 1590 4881 1739 teilen, und billigen Löhnen, faschistischen Methoden und proletarischen[r]
613 1684 4754 1850 Kampf Zukunft abspielen. Aber wieviel davon kann man in sechs Seiten
629 1794 2595 1938 dem biederen Europäer erklären? –\:p\
629 1866 4986 2004 \p\Was treibst Du, – in der rasch wachsenden Zwischenzeit? – Manchmal wünschte
646 1999 4958 2126 ich doch, Du würdest einmal mitfahren, – weil uns Vieles, was sich hier vor¬
629 2098 4914 2242 bereitet, direkt angeht, und weil es Zukunft bedeutet. Selbst die kommu¬
613 2208 4986 2396 nistischen Führer – eben sass ich mit dreien zusammen – sind hier unten aus
618 2308 2197 2446 anderem Stoff als in N.Y. –\:p\
624 2341 4759 2556 \p\Aber, jetzt ist es auch ein Uhr, und um acht Uhr gibt es schon wieder
635 2501 4914 2678 Haferbrei und Speck. Ueber den Wasser-Kaffee will ich gar nichts sagen,
629 2612 4704 2750 weil wir im Uebrigen hier so durchaus reizend behandelt werden, und
624 2667 5024 2849 ausserdem abreisen, – in die Stadt Birmingham. Hast Du den sehr guten Arti¬
624 2827 5063 3004 kel darüber, in irgendeiner Harper-Nummer, gelesen? – Grüsse alle, den Curtis
629 2937 4897 3153 den Doktor, – und sehr Zärtliches für E. – und Dich, nebst tausend Grüssen
646 3042 1375 3169 von Barbara –\:p\
2645 3125 3114 3368 à toi – [handschriftlich ergänzt]
3324 3213 3743 3401 Miro
