5456 6866
488 171 2506 498 bei Dr. Albers-Schönberg.
765 448 1474 639 Frohnau
3789 322 4357 699 Son[n]tag
896 659 2007 911 Fischgrund 9
458 906 1600 1233 (Tegel 24.13)
996 1434 4558 1786 \p\E. – danke für Deinen Brief den ich erst
961 1680 4568 1922 hier bekam, aber der liebe, sehr liebe u.
991 1887 4835 2199 frisch gemalte Victory ist doch kein schlechter
981 2078 4614 2425 Wagen, ich fuhr z. B. mittags 12 Uhr in
1036 2274 5036 2631 Fulda weg, was um 8 Uhr in Berlin, 420 km,
1006 2485 4835 2797 was doch recht brav von ihm u. mir war.
991 2677 4986 3044 Aber wie Du es gemacht hast gleich in einer
1011 2898 4795 3230 Nacht von hier bis München zu fahren?
1041 3145 5072 3451 Den Klaus sehe ich morgen u. esse mit ihm,
1057 3326 4870 3703 worüber ich sehr befriedigt bin (ihn gefunden
1107 3592 4780 3950 zu haben) Im Übrigen habe ich Halsweh
1067 3799 4991 4136 u. hoffe, dass ich bloss deswegen so abgründig
1067 3975 5122 4322 mutlos bin. Ich habe allerlei erfolglos versucht,
1052 4206 4166 4528 das ist es was man vermeiden sollte –
976 4362 4770 4760 soll, darf, kan[n] ich für 2 Tage nach München
1006 4528 4609 4956 reisen? Das wäre mir f sehr erwünscht,
1001 4729 4835 5107 aber schreibe doch gleich ob Du nicht indessen
1036 4900 4513 5318 weggefahren, mit dem Amerikaner [ev. ist EMs Auto, ein Ford, gemeint] etwa
1107 5253 2088 5479 verreist bist –\:p\
1052 5343 4428 5710 \p\Und wie ich Grippe habe, kann ich auch
1102 5595 4131 5841 nicht reisen – ich habe sie wirklich,
1052 5771 3914 6118 unabänderlich. Grüsse für Medi!\:p\
1041 5987 2757 6324 Sehr u. stets die Deine
2853 6128 3210 6445 A.–
