2568 3332
1343 202 2451 355 Sils-Baselgia, Son[n]tag 19. Februar 40
1563 285 1962 413 Jäger-Haus
693 480 1486 635 Mein lieber Onkel George!
556 563 2203 726 \p\Ich danke Dir herzlich für Deinen Brief, u. für Dein
561 670 2252 774 Interesse an meinen Produktionen. Wie es manchmal so zu
566 756 2205 863 gehen pflegt: Erstens wollte ich Tante Olge u. Dir gerade
577 828 2256 962 schreiben, zweitens hatte ich hierzu einen besonderen Grund
582 909 2307 997 durch ein heute früh erfolgtes Telefongespräch mit einem
575 1011 2282 1113 gewissen Dr. Faist, drittens beschäftigte ich mich gestern –
584 1067 2337 1187 also gerade als Dein Brief eintraf – gerade intensiv mit
575 1141 2270 1292 der Persönlichkeit von Sir Frederic Roberts, dem Sieger
582 1247 1101 1375 von Kandahar ...\:p\
587 1315 1368 1445 \p\Aber alles der Reihe nach:\:p\
577 1370 2374 1510 \p\Zuerst u. vor allem möchte ich Tanti Olga u. Dir sehr danken
612 1465 2421 1593 für den freundlichen Empfang, den ich in Lahar bei Nägelis',
612 1542 2372 1683 in Bombay im Haus von Herr u. Frau Scherrer gefunden
608 1618 2421 1721 habe, u. den ich Euch, – vor allem offenbar Briefen von Tante
584 1704 2300 1825 Olga, zu verdanken habe. Bei Nägelis war ich auch am
605 1785 2372 1885 Heiligen Abend, – u. hätte sonst ein ziemlich trübes Weih¬
635 1867 2430 1973 nachtsfest bei Miss Hotz im Cecil-Hotel in Delhi verbracht.
605 1943 2430 2078 Und bei Scherrers habe ich mehrere Tage gewohnt, wodurch
631 2029 2316 2166 ich zu Bombay ein sehr angenehmes u. freundliches
647 2143 2379 2240 Verhältnis gewann! – In Lahar empfing mich der nette
642 2196 2356 2333 Herr Schürpp [?] mit der überraschenden Frage: „Saged Sie
638 2284 2497 2409 z’erschte, – bruched Sie Geld??” Ich war zwar – bis Bombay –
663 2358 2428 2476 noch steinreich, da man im "Gastfreundlichen Afghanistan"
628 2467 2479 2555 kein Geld los wird, – aber der Empfang rührte mich trotzdem!\:p\
1331 2551 2458 2655 \p\Zweitens: Der Dokter Faist aus Berlin, –
617 2620 2347 2741 rief mich heute mit jüdischer Geduld u. Zähigkeit zum
617 2690 2342 2838 aberzwölften Male an, nachdem ich in [sic] von Bocken aus
605 2796 2451 2905 unerhört grob hatte abfahren lassen, – u. fragte, ob ich ihn
638 2868 2428 2996 nicht doch bei Dir oder Deinem Bruder Oskar einführen
610 2942 2465 3086 kön[n]te. Ich sagte zu, fügte aber offen hinzu, ich würde Dich
640 3024 2395 3174 vor ihm warnen. Den[n] er ist eine unerfreuliche, irgendwo
640 3107 2488 3288 wohl begabte, aber auch wahnsin[n]ige Erscheinung, – ein eben\:p\\fml\
513 131 2333 301 \p\\fml\erst aus Berlin abgerister Pseudo-Emigrant, den ich nur
529 254 2383 377 flüchtig u. aus zweiter Hand ken[n]e, – etwa als Übersetzer
551 325 2331 420 ren „Amphytrion 38‟ u. anderen Girandou-Stücken.
541 439 2445 527 Wohl aber besitzt er eine mir unbekan[n]te, aber in Fachkreisen
560 484 2310 605 sehr berühmte Sam[m]lung – frage mich nicht von was.
558 565 2416 712 Es scheint nun, dass er diese Sammlung freibekommen hat,
579 665 2407 800 unter der Bedingung, bis zum 9. März 1940 einen Teil
584 736 2405 859 davon in Devisen zu verkaufen, – sonst geht sie nach
589 819 2243 968 Deutschland zurück u. er büsst sein Letztes ein.
596 897 2416 1028 – Mir scheint nun, falls Oskar Reinhart sich für Stücke
608 985 2357 1161 dieser Sam[m]lung interessieren würde, so könnte es ihm
598 1104 2395 1239 gleich sein ob der derzeitige Besitzer sympathisch sei
615 1201 2388 1332 oder nicht. Aber – wen[n] Dr. Faist sich meldet u. auf
610 1260 2357 1424 mich beruft (woran ich nicht zweifle) – so weisst Du
624 1344 2371 1474 u. wirst es bitte auch Deinen Bruder wissen lassen,
615 1429 2388 1574 dass ich für diesen Mann in keiner Weise einstehen
639 1545 2452 1673 möchte, u. nicht absolut nicht, mit ihm befreundet bin.\:p\
1298 1647 2246 1757 \p\Endlich zur Sache, d. h. zu
643 1716 2338 1892 Lord Roberts. Wie gesagt, ich beschäftigte mich gerade
658 1821 2523 1954 eingehend mit der Schlacht bei Kandahar vom 1. Sept. 1880,
624 1937 2511 2065 – u. der entsetzliche Unbildung verratende – oder beim Leser der
667 2022 2443 2122 N.Z.Z. voraussetzende Satz in meinem Artikel war mir
669 2084 2466 2222 bereits im Dorn im Auge, als Dein Brief eintraf! – Aber Du
667 2203 2395 2336 musst wissen, dass der betreffende Aufsatz von mir für
660 2281 2419 2407 den Agenten von Ella Maillart u. mir geschrieben wurde, –
665 2360 2481 2504 d. h. für kleinere Zeitungen u. ihr meist völlig ahnungsloses
677 2447 2504 2585 Publikum. Als ich dann kürzlich Dr. Weibel auf der N.Z.Z.
681 2547 2371 2692 besuchte, zeigte er mir zu meiner Überraschung den
703 2642 2397 2765 bereits, u. auch noch als Leitartikel, gedruckten Artikel,
698 2744 2412 2858 den er vom Agenten Wehrle erhalten u. als verwendbar
714 2818 2395 2958 erachtet hatte! – Glücklicherweise gab er mir gleich
724 2901 2378 3050 einen neuen Auftrag, – u. dieser nächste Artikel
714 3008 2502 3157 wird mit einer Bemerkung über die von Dir empfangen
717 3088 2402 3240 wohlverdiente "Zurechtweisung" u. eine ausführliche\:p\\fml\
661 198 1736 378 \p\\fml\Würdigung von Lord Roberts beginnen.\:p\
657 344 2312 439 \p\Ella Maillart ist in Indore geblieben, hat mir ihr ganzes
650 400 2397 502 Photo-Material anvertraut, – u. ich habe, erfreulicher Weise,
666 481 2406 583 mehr als genug zu tun.– Ganz so, als ob mein Bienenfleiss
657 576 2390 700 endlich seine Früchte trage, u. ich in der Schweiz plötzlich
659 652 1268 766 „gewürdigt“ würde!\:p\
650 722 2160 879 \p\Kommt Tante Olga dieses Jahr nicht nach Sils? –
644 842 2151 955 Es ist schön hier oben, – nur fürchterlich kalt.\:p\
1238 905 2306 1068 \p\Zum Schluss: mehr als alles Andere
637 1027 2366 1161 würde es mich interessieren u. freuen, von Dir gelegentlich
633 1131 2158 1227 zu hören, was Du von meinem vor Weihnachten
611 1188 2338 1318 erschienenen Buch "Das Glückliche Tal" denkst. Es ist
629 1290 2358 1383 eine etwas problematische, sehr persönliche, – ja, vielleicht
642 1366 2334 1509 nicht ganz erlaubte Produktion. Aber sie liegt mir sehr
635 1457 987 1562 am Herzen.\:p\
659 1536 2342 1644 Hoffentlich geht es Euch allen gut! Bitte grüsse ganz
672 1638 2175 1788 besonders Tante Olga u. sage ihr meinen Dank –
1416 1814 1627 1936 Deine
1690 1942 2010 2053 Annemarie
