3548 4502
457 337 3348 640 Lieber Herr Pfarrer! Wir reden über Religion.
417 501 3227 809 Es ist eigentlid merkwürdig. Denn Fetan
413 651 3128 970 u. Seine Bevölkerung ist allem, was
377 812 3209 1167 gedanklich ist, abhold. Man kom[t in
435 944 3161 1233 das Fahrwasser des Alltags u. die
351 1123 3300 1474 Gesprächstoffe bleiben beschränkt auf die
381 1346 3231 1603 Gebiete, die möglichst banal u. mög¬
388 1511 2111 1789 lichst oberfladlich sind.
366 1570 3304 1935 ]p] Man lernt hier, sich über Vieles hinweg zu
435 1731 3340 2078 setzen. Ich fürchte nur, dass man sich
381 1851 3322 2225 nicht "hinweg" setzt – sondern man schliesst
1822 1987 1925 2133 de ne
395 2104 3278 2411 sich der Allgemeinheit an. Oder man
395 2210 3348 2561 wird verständnis los u. menschenfeindlich.
399 2386 3073 2729 Ich bin auf dem besten Wege dazu.
424 2539 3256 2857 Früher frug ich Sie einmal, ob man
395 2667 3410 3044 das Recht habe, zu verachten. Ich verachte
428 2843 3406 3205 nichts u. niemand, aber ich gehe auch
421 3011 3212 3384 auf niemand ein. Es ist als ver¬
450 3205 3095 3490 schärfe sich der Gegensalz zwischen
439 3373 3293 3681 meiner Umgebung u. mir von Tag zu
487 3501 3242 3922 Tag trotz allem äusseren Einklang.
479 3761 3099 4061 Ich leide natürlich darunter, m aber
578 3951 3033 4215 ich möchte sagen "glücklicher Weise"
512 4109 3194 4380 bleibt mir keine Zeit, viel über
421 234 3231 479 Dürfte ich Sie bitten, mir eines von Ihren Büchlein
1237 139 3212 333 zu schicken? Ich habe keines mehr.
330 133 3311 386 all dies nachzudenken. Es scheint mir, als
371 278 3289 538 seien alle – auch meine zahlreichen Alters¬
360 430 3129 660 genossen – zurückgeblieben im Stadium
434 564 3237 830 eines Übergang, der mich abstösst. Es
404 693 3274 994 hat einzelne mit denen ich mich ver¬
434 853 3333 1101 stehe. Aber trotz ihrer Zuneigung für mich
419 994 3329 1272 gibt es einen toten Punkt, der regel¬
412 1131 3329 1435 mäßig da einsetzt, wo sie sich wohl
478 1309 3359 1605 fühlen u. wo ich dan[ eine ganz ver¬
415 1483 2454 1750 zweifelte Einsamkeit spüre.
404 1591 3378 1876 [p]Dieser Punkt ist da wo ich irgendwie eine
434 1750 3300 1976 Ahnung der höheren Welt" spüre – wo
467 1898 3248 2169 ich dan[ die Wände sprengen möchte,
441 2039 3426 2328 um Saft zu bekommen – u. wo ich meine
467 2202 3259 2514 Kräfte für etwas Größeres einsetzen
467 2402 3348 2636 möchte. Und es wird eben alles er¬
467 2547 3340 2799 stickt. Wenn ich meine allernötigsten Auf¬
482 2729 3266 2940 gaben gemacht habe – dan[ – muss man
545 2873 3162 3103 schlafen. Der Mensch ist ein un¬
545 3018 3352 3270 vollkom[enes Instrument. Der Geist kan[
589 3166 3340 3489 ein so winziges Teilchen in Wirklichkeit
530 3385 3251 3689 umsetzen! – Was mich erstaunt, ist,
486 3559 3233 3804 dass meine Mitschülerinen ihre eigene
489 3733 3274 4000 Kleinheit nicht anders als selbst verstandlich
486 3904 3407 4204 empfinden – Dies sei eine kurze Darstellung
404 4067 2117 4327 unserer inneren Zustände.
1995 4171 3107 4364 Ihre An[emarie
