5294 3422
2995 274 3237 369 BOCKEN [12. Juli 1929, wegen Vollmoeller, siehe unten]
2858 343 3382 440 OB HORGEN. ZÜRICHSEE.
3119 654 4041 923 Chère Jaqueline,
3137 902 5033 1139 maintenant vous n'avez plus
3111 1041 4967 1310 le cafard, n'est-ce pas?
3082 1202 5064 1458 Cela me rend triste de vous
3119 1350 5064 1642 voir ainsi. Et du reste, ce
3106 1576 5138 1853 n'est pas votre genre – parceque
3084 1766 4787 1990 en vous, tout dout doit
3029 1911 5004 2143 être très clair et donc Tout
3016 2096 4969 2396 s'arrange d'un façon belle
3032 2278 5019 2570 et naturelle, mêgne Voilà ce
3077 2510 4864 2721 que moi je pense de vous.
3024 2686 4872 2942 Seulement je sais, qu' avec
3058 2887 5075 3177 tout ça, on peut quand'même
504 298 2533 601 avoir le cafard. Moi je l'avais
461 514 2541 672 aussi hier. Et en rentrant
493 678 2526 920 il y avait ici un scène très
498 833 2433 1078 laide avec grand'maman.
511 1036 2323 1294 J'ai failli partir, et je
480 1226 2233 1434 voulais venir à Meilen
559 1413 2407 1685 parceque vous y êtes. Mais
448 1627 2520 1890 quand'même, la raison m'est
490 1851 1049 1972 revenue.
488 1946 2549 2180 J'avais peur hier. Je n'aimais
504 2133 2341 2391 pas du tout voir partir
498 2294 2620 2526 Vollmoeller [Notizen Alexis: 11. Juli 1929]: Vollmoeller auf Bocken] , et en même temps
511 2520 2497 2739 je me rends compte que c'est
501 2649 2526 2932 bien et la seule solution.
527 296 2089 499 Le soir des amies sont
976 436 1454 561 nous chercher
601 506 2220 653 venues [nous chercher] et elle Tania [Tania Doukhovetzky vom 1. Juli bis 1. Okt. 1929 in Bocken, Notizen Alexis] et
653 669 2225 824 moi, nous avons dîné
582 805 2409 952 avec toute une bande de
559 960 2291 1212 gens quelqueparts près du
522 1165 2249 1385 lac, c'était très beau! –
543 1356 2364 1600 je voudrais tellement venir
593 1501 2249 1789 à Meilen aujourd'hui
564 1737 2639 2007 et je pense que je l'arrangerai,
606 1955 2254 2222 juste pour une minute. –
506 2249 2201 2493 [space] Vous savez, vous auriez
556 2416 2249 2647 besoin d'être entrainer
585 2626 2343 2889 à faire un tas de chose,
575 2849 2634 3112 vous n'aviez pas l'air bien hier.
3041 352 4607 622 Chère Jacqueline, l'année
3065 561 4542 816 prochaine on partira
3558 737 3983 926 menera (?)
3078 808 4602 1034 et on ferai pendant
3041 997 4613 1210 deux semaines une vie
3023 1191 4733 1448 de sauvages. On fera tout
3002 1425 4796 1645 ce qu'on voudra, on aura
3030 1606 4754 1913 ni règles ni programme,
3009 1876 5072 2159 on ne s'occupera de personne
3007 1984 3839 2225 et de rien.
2986 2217 5101 2511 Nous sommes trop civilés et trop
2986 2382 5080 2679 sages. Quelquefois il faut faire
3036 2571 5011 2800 sortir l'instinct d'aventures
3036 2721 5108 2983 et de liberté, qu'est-ce que' vous
3044 2902 3841 3138 en pensez?
4237 3138 5019 3309 An[emarie
