<?xml version="1.0" encoding="UTF-8"?>
<validation-wrapper>
   <PcGts xmlns="http://schema.primaresearch.org/PAGE/gts/pagecontent/2013-07-15">
      <Metadata>
         <Creator>prov=READ-COOP:name=TrHtr:version=2.27.0:model_id=51170:date=03_07_2025_09:47</Creator>
         <Created>2025-07-03T09:40:58.188+02:00</Created>
         <LastChange>2025-07-15T18:33:53.308+02:00</LastChange>
         <TranskribusMetadata docId="9348398"
                              pageId="99889137"
                              pageNr="1"
                              tsid="249354674"
                              status="NEW"
                              userId="301990"
                              imgUrl="https://files.transkribus.eu/Get?id=EVYOQERWQAMGUQKYJINIBCUI&amp;fileType=view"
                              xmlUrl="https://files.transkribus.eu/Get?id=NLWGWOVOERSOMATEVLMUHYTZ"
                              imageId="83776026"/>
      </Metadata>
      <Page imageFilename="letter_0198_001.jpg"
            imageWidth="5294"
            imageHeight="6748">
         <TextRegion orientation="0.0" id="tr_1" custom="readingOrder {index:0;}">
            <Coords points="728,810 728,6246 5052,6246 5052,810"/>
            <TextLine id="tr_1_tl_1" custom="readingOrder {index:0;}">
               <Coords points="1097,900 1203,889 1304,937 1395,884 1464,921 1656,884 1714,910 1815,900 1815,772 1618,772 1565,735 1464,761 1299,735 1256,767 1208,724 1097,697"/>
               <Baseline points="1128,871 1164,871 1201,871 1238,871 1275,871 1311,870 1348,867 1385,865 1422,865 1459,865 1495,865 1532,865 1569,865 1606,865 1643,865 1679,865 1716,865 1753,864 1790,861 1827,859"/>
               <TextEquiv>
                  <Unicode>12. Oktober – [1931 – nach Niederschrift von Cromwell und vor Ricki Hallgartens Tod]</Unicode>
               </TextEquiv>
            </TextLine>
            <TextLine id="tr_1_tl_2" custom="readingOrder {index:1;}">
               <Coords points="799,1421 4525,1405 4525,1267 4025,1240 799,1246"/>
               <Baseline points="830,1397 1015,1387 1200,1385 1386,1379 1571,1379 1757,1379 1942,1379 2127,1378 2313,1373 2498,1373 2684,1379 2869,1373 3054,1370 3240,1373 3425,1373 3611,1373 3796,1371 3981,1367 4167,1368 4352,1367 4538,1367"/>
               <TextEquiv>
                  <Unicode>\p\Eri-Liebling – die Eva hat sich, laut Telefon, enorm über deinen</Unicode>
               </TextEquiv>
            </TextLine>
            <TextLine id="tr_1_tl_3"
                      custom="readingOrder {index:2;} textStyle {offset:66;length:3;strikethrough:true;}">
               <Coords points="825,1523 4962,1485 4962,1389 825,1416"/>
               <Baseline points="853,1486 1059,1480 1265,1480 1471,1480 1677,1480 1883,1480 2089,1481 2295,1480 2501,1478 2707,1480 2913,1475 3119,1475 3325,1475 3531,1475 3737,1475 3943,1472 4149,1470 4355,1475 4561,1475 4767,1469 4974,1475"/>
               <TextEquiv>
                  <Unicode>und Klausens Brief gefreut. es geht ihr recht ordentlich, und mir sch</Unicode>
               </TextEquiv>
            </TextLine>
            <TextLine id="tr_1_tl_4" custom="readingOrder {index:3;}">
               <Coords points="756,1618 4626,1597 4546,1480 761,1491"/>
               <Baseline points="788,1588 980,1588 1173,1588 1365,1588 1558,1588 1750,1590 1943,1587 2135,1582 2328,1582 2520,1582 2713,1579 2906,1580 3098,1581 3291,1576 3483,1577 3676,1576 3868,1578 4061,1573 4253,1572 4446,1576 4639,1570"/>
               <TextEquiv>
                  <Unicode>schien es auch ganz als ob sie diese Art langwieriger Krankheit</Unicode>
               </TextEquiv>
            </TextLine>
            <TextLine id="tr_1_tl_5" custom="readingOrder {index:4;}">
               <Coords points="745,1736 4626,1688 4594,1586 745,1650"/>
               <Baseline points="776,1689 969,1689 1162,1689 1355,1689 1548,1689 1741,1689 1934,1689 2128,1684 2321,1688 2514,1684 2707,1684 2900,1684 3093,1684 3286,1679 3480,1684 3673,1678 3866,1678 4059,1678 4252,1676 4445,1678 4639,1672"/>
               <TextEquiv>
                  <Unicode>als ein begründendes Ausfluchtmittel mehr oder weniger bewusst</Unicode>
               </TextEquiv>
            </TextLine>
            <TextLine id="tr_1_tl_6" custom="readingOrder {index:5;}">
               <Coords points="761,1826 4578,1821 4882,1794 4882,1693 761,1725"/>
               <Baseline points="788,1803 993,1794 1198,1792 1403,1797 1608,1791 1813,1791 2018,1791 2223,1791 2428,1788 2633,1785 2839,1786 3044,1787 3249,1785 3454,1785 3659,1785 3864,1788 4069,1785 4274,1779 4479,1779 4684,1779 4890,1785"/>
               <TextEquiv>
                  <Unicode>gewählt hätte – es steht ihr auch so gut, und sie ist, gerade in diesem</Unicode>
               </TextEquiv>
            </TextLine>
            <TextLine id="tr_1_tl_7" custom="readingOrder {index:6;}">
               <Coords points="740,1906 4818,1938 4818,1799 740,1837"/>
               <Baseline points="770,1898 973,1898 1176,1898 1379,1898 1582,1898 1785,1893 1988,1893 2191,1893 2394,1893 2597,1893 2800,1887 3003,1891 3206,1888 3409,1887 3612,1887 3815,1887 4018,1887 4221,1881 4424,1881 4627,1881 4831,1881"/>
               <TextEquiv>
                  <Unicode>Zustand sehr lieb – eine seltsame Verbindung von arm und hübsch und</Unicode>
               </TextEquiv>
            </TextLine>
            <TextLine id="tr_1_tl_8" custom="readingOrder {index:7;}">
               <Coords points="761,2055 4696,2002 4696,1895 761,1922"/>
               <Baseline points="788,2006 983,2006 1179,2006 1375,2001 1571,2000 1767,2000 1963,2000 2158,2000 2354,1995 2550,1994 2746,1994 2942,1994 3138,1991 3334,1994 3529,1989 3725,1988 3921,1988 4117,1988 4313,1984 4509,1982 4705,1988"/>
               <TextEquiv>
                  <Unicode>traurig. Die Sybille Binder ist dauernd bei ihr – und natürlich die</Unicode>
               </TextEquiv>
            </TextLine>
            <TextLine id="tr_1_tl_9" custom="readingOrder {index:8;}">
               <Coords points="745,2140 4935,2124 4935,2007 745,2044"/>
               <Baseline points="776,2113 984,2109 1193,2113 1402,2104 1610,2108 1819,2108 2028,2104 2236,2102 2445,2102 2654,2102 2863,2100 3071,2096 3280,2096 3489,2096 3697,2096 3906,2090 4115,2090 4323,2090 4532,2090 4741,2090 4950,2084"/>
               <TextEquiv>
                  <Unicode>andere Sybille aus Bandol – rührendes Geschöpf, und alles zusammen ist</Unicode>
               </TextEquiv>
            </TextLine>
            <TextLine id="tr_1_tl_10" custom="readingOrder {index:9;}">
               <Coords points="745,2252 3838,2209 4307,2305 4712,2252 4717,2119 751,2151"/>
               <Baseline points="776,2215 973,2214 1170,2215 1368,2209 1565,2209 1762,2209 1960,2209 2157,2209 2354,2206 2552,2203 2749,2209 2946,2203 3144,2203 3341,2203 3538,2198 3736,2197 3933,2197 4130,2195 4328,2191 4525,2191 4723,2191"/>
               <TextEquiv>
                  <Unicode>recht grotesk und ein klein wenig betrüblich. Sehr freue ich mich</Unicode>
               </TextEquiv>
            </TextLine>
            <TextLine id="tr_1_tl_11" custom="readingOrder {index:10;}">
               <Coords points="745,2358 1991,2316 1991,2241 1863,2204 1752,2252 1091,2225 1054,2263 852,2225 745,2257"/>
               <Baseline points="776,2328 837,2322 898,2322 959,2322 1020,2322 1082,2318 1143,2317 1204,2317 1265,2317 1326,2314 1388,2312 1449,2316 1510,2317 1571,2317 1632,2317 1694,2313 1755,2311 1816,2311 1877,2311 1938,2309 2000,2305"/>
               <TextEquiv>
                  <Unicode>über Ricki zu lesen –\:p\</Unicode>
               </TextEquiv>
            </TextLine>
            <TextLine id="tr_1_tl_12" custom="readingOrder {index:11;}">
               <Coords points="745,2470 4759,2438 4759,2284 745,2358"/>
               <Baseline points="776,2430 975,2424 1175,2418 1375,2418 1575,2412 1774,2412 1974,2412 2174,2418 2374,2411 2573,2406 2773,2410 2973,2406 3173,2406 3372,2406 3572,2406 3772,2406 3972,2400 4171,2400 4371,2400 4571,2394 4771,2394"/>
               <TextEquiv>
                  <Unicode>\p\Sybille Binder hat übrigens sehr schön und ergreifend gespielt in</Unicode>
               </TextEquiv>
            </TextLine>
            <TextLine id="tr_1_tl_13" custom="readingOrder {index:12;}">
               <Coords points="761,2545 4706,2539 4706,2438 761,2465"/>
               <Baseline points="788,2520 984,2520 1180,2520 1377,2520 1573,2520 1770,2514 1966,2514 2163,2514 2359,2514 2556,2508 2752,2508 2948,2513 3145,2508 3341,2508 3538,2508 3734,2502 3931,2503 4127,2502 4324,2502 4520,2501 4717,2502"/>
               <TextEquiv>
                  <Unicode>dem schrecklich dummen Stück vom 17. April – aber natürlich ist sie</Unicode>
               </TextEquiv>
            </TextLine>
            <TextLine id="tr_1_tl_14" custom="readingOrder {index:13;}">
               <Coords points="761,2646 4642,2635 4642,2518 761,2545"/>
               <Baseline points="788,2621 981,2621 1174,2621 1367,2621 1560,2621 1753,2615 1946,2620 2140,2621 2333,2615 2526,2607 2719,2609 2912,2609 3105,2609 3298,2609 3492,2609 3685,2609 3878,2603 4071,2603 4264,2603 4457,2597 4651,2597"/>
               <TextEquiv>
                  <Unicode>keineswegs so drollig wie du — (Musst du dich gerade so und nicht</Unicode>
               </TextEquiv>
            </TextLine>
            <TextLine id="tr_1_tl_15" custom="readingOrder {index:14;}">
               <Coords points="751,2768 5031,2747 5031,2577 751,2651"/>
               <Baseline points="782,2723 994,2723 1207,2723 1420,2723 1633,2723 1846,2717 2059,2717 2272,2717 2485,2717 2698,2717 2911,2716 3123,2711 3336,2711 3549,2711 3762,2707 3975,2710 4188,2705 4401,2705 4614,2700 4827,2701 5040,2711"/>
               <TextEquiv>
                  <Unicode>anders nennen?) Jch habe, meinerseits, dem Viechelscher ganz anderes und</Unicode>
               </TextEquiv>
            </TextLine>
            <TextLine id="tr_1_tl_16" custom="readingOrder {index:15;}">
               <Coords points="697,2870 4877,2854 4877,2736 697,2763"/>
               <Baseline points="728,2824 936,2824 1144,2819 1352,2821 1560,2824 1768,2818 1976,2824 2184,2818 2392,2818 2600,2818 2809,2818 3017,2817 3225,2812 3433,2812 3641,2818 3849,2810 4057,2810 4265,2806 4473,2804 4681,2800 4890,2806"/>
               <TextEquiv>
                  <Unicode>sehr Vielseitiges von Dir vorerzählt, er muss es glauben, und auch vom</Unicode>
               </TextEquiv>
            </TextLine>
            <TextLine id="tr_1_tl_17" custom="readingOrder {index:16;}">
               <Coords points="745,2933 3232,2960 4706,2816 745,2843"/>
               <Baseline points="776,2920 973,2926 1170,2926 1367,2926 1564,2926 1761,2920 1958,2920 2155,2920 2352,2920 2549,2920 2746,2914 2943,2914 3140,2914 3337,2914 3534,2920 3731,2914 3928,2908 4125,2908 4322,2904 4519,2903 4717,2896"/>
               <TextEquiv>
                  <Unicode>Kinderstück [Jans Wunderhündchen, verfasst 1931, Uraufführung am 14. Dez. 1932] und Darmstadt \g\heute\:g\ noch bringe ich ihm die Pho¬</Unicode>
               </TextEquiv>
            </TextLine>
            <TextLine id="tr_1_tl_18" custom="readingOrder {index:17;}">
               <Coords points="761,3082 3498,3104 4791,3040 4791,2912 761,2939"/>
               <Baseline points="788,3027 999,3030 1211,3027 1422,3022 1634,3027 1845,3021 2057,3027 2268,3023 2480,3021 2691,3021 2903,3019 3114,3015 3326,3015 3537,3016 3749,3015 3960,3009 4172,3009 4383,3009 4595,3009 4807,3009"/>
               <TextEquiv>
                  <Unicode>tographie – Kennst du ihn, nebenbei? Er ist ein grosser Schwätzer, aber</Unicode>
               </TextEquiv>
            </TextLine>
            <TextLine id="tr_1_tl_19" custom="readingOrder {index:18;}">
               <Coords points="745,3168 4946,3168 4946,3019 745,3088"/>
               <Baseline points="776,3141 985,3141 1194,3129 1403,3129 1612,3129 1821,3129 2030,3125 2239,3127 2448,3123 2657,3123 2866,3123 3075,3123 3284,3121 3493,3117 3702,3117 3911,3111 4120,3105 4329,3111 4538,3111 4747,3107 4956,3111"/>
               <TextEquiv>
                  <Unicode>auf gutmütige Weise – und er möchte mich gern "entdecken" – wenn nur ich</Unicode>
               </TextEquiv>
            </TextLine>
            <TextLine id="tr_1_tl_20" custom="readingOrder {index:19;}">
               <Coords points="756,3269 4754,3221 4499,3109 761,3178"/>
               <Baseline points="788,3242 986,3237 1185,3230 1384,3230 1583,3230 1782,3230 1981,3230 2179,3230 2378,3230 2577,3227 2776,3224 2975,3224 3174,3218 3373,3218 3571,3218 3770,3218 3969,3217 4168,3212 4367,3212 4566,3212 4765,3194"/>
               <TextEquiv>
                  <Unicode>meinerseits von der Richtigkeit aller seiner Ratschläge über¬</Unicode>
               </TextEquiv>
            </TextLine>
            <TextLine id="tr_1_tl_21" custom="readingOrder {index:20;}">
               <Coords points="745,3386 4791,3349 4791,3232 745,3279"/>
               <Baseline points="776,3338 977,3338 1179,3335 1380,3332 1582,3332 1783,3332 1985,3332 2186,3332 2388,3326 2589,3326 2791,3326 2993,3326 3194,3326 3396,3325 3597,3320 3799,3320 4000,3320 4202,3315 4403,3314 4605,3314 4807,3314"/>
               <TextEquiv>
                  <Unicode>zeugt wäre – und wenn ich, den Cromwell überlesend, nicht schon wieder</Unicode>
               </TextEquiv>
            </TextLine>
            <TextLine id="tr_1_tl_22"
                      custom="readingOrder {index:21;} sic {offset:51;length:3;}">
               <Coords points="772,3460 4866,3508 4866,3322 772,3354"/>
               <Baseline points="800,3445 1003,3439 1207,3439 1411,3433 1615,3433 1819,3438 2023,3433 2227,3433 2431,3427 2635,3427 2839,3427 3042,3427 3246,3426 3450,3427 3654,3421 3858,3421 4062,3421 4266,3421 4470,3415 4674,3415 4878,3403"/>
               <TextEquiv>
                  <Unicode>trotz grosser Sympathien für Text und Personen und ihe Redensarten –</Unicode>
               </TextEquiv>
            </TextLine>
            <TextLine id="tr_1_tl_23" custom="readingOrder {index:22;}">
               <Coords points="809,3556 3455,3583 4696,3535 4696,3450 809,3460"/>
               <Baseline points="836,3547 1029,3541 1223,3541 1417,3541 1611,3539 1804,3541 1998,3535 2192,3535 2386,3535 2579,3529 2773,3531 2967,3532 3161,3529 3354,3529 3548,3529 3742,3529 3936,3523 4129,3523 4323,3523 4517,3523 4711,3517"/>
               <TextEquiv>
                  <Unicode>überzeugt wäre dass man es eben nicht spielen wird – Und ich kann</Unicode>
               </TextEquiv>
            </TextLine>
            <TextLine id="tr_1_tl_24" custom="readingOrder {index:23;}">
               <Coords points="745,3663 3572,3721 4930,3657 4935,3519 751,3578"/>
               <Baseline points="776,3642 984,3642 1192,3642 1401,3642 1609,3642 1818,3642 2026,3642 2234,3642 2443,3636 2651,3636 2860,3636 3068,3636 3276,3636 3485,3636 3693,3636 3902,3630 4110,3626 4318,3624 4527,3624 4735,3624 4944,3624"/>
               <TextEquiv>
                  <Unicode>mir nicht einmal darüber klar werden ob das nun meine unverzeihliche</Unicode>
               </TextEquiv>
            </TextLine>
            <TextLine id="tr_1_tl_25" custom="readingOrder {index:24;}">
               <Coords points="815,3865 4749,3892 4988,3844 4988,3711 815,3748"/>
               <Baseline points="842,3845 1049,3851 1257,3851 1465,3854 1673,3845 1881,3845 2088,3845 2296,3845 2504,3850 2712,3842 2920,3839 3127,3839 3335,3839 3543,3839 3751,3839 3959,3833 4166,3833 4374,3833 4582,3833 4790,3829 4998,3833"/>
               <TextEquiv>
                  <Unicode>Faulheit gegenüber dem Aerger, den Anpreisungen und Verhandlungen ist</Unicode>
               </TextEquiv>
            </TextLine>
            <TextLine id="tr_1_tl_26" custom="readingOrder {index:25;}">
               <Coords points="825,3977 3865,3993 4520,3961 4520,3854 825,3865"/>
               <Baseline points="853,3953 1036,3953 1220,3953 1403,3953 1587,3953 1771,3948 1954,3951 2138,3947 2322,3947 2505,3947 2689,3944 2873,3944 3056,3947 3240,3941 3424,3941 3607,3941 3791,3946 3975,3935 4158,3935 4342,3935 4526,3935"/>
               <TextEquiv>
                  <Unicode>oder ein halbwegs ernster und kritischer Einwand gegen meine</Unicode>
               </TextEquiv>
            </TextLine>
            <TextLine id="tr_1_tl_27" custom="readingOrder {index:26;}">
               <Coords points="809,4067 4988,4062 4994,3913 815,3966"/>
               <Baseline points="836,4048 1044,4054 1252,4059 1461,4051 1669,4053 1878,4054 2086,4054 2294,4048 2503,4048 2711,4052 2920,4048 3128,4048 3336,4048 3545,4042 3753,4042 3962,4042 4170,4042 4378,4042 4587,4036 4795,4036 5004,4036"/>
               <TextEquiv>
                  <Unicode>Befähigung – Jch möchte deshalb sehr gern, und auch überhaupt, dass ich</Unicode>
               </TextEquiv>
            </TextLine>
            <TextLine id="tr_1_tl_28" custom="readingOrder {index:27;}">
               <Coords points="809,4211 4882,4179 4882,4051 809,4083"/>
               <Baseline points="836,4162 1039,4162 1242,4156 1445,4156 1648,4156 1851,4156 2054,4156 2257,4153 2460,4155 2663,4150 2866,4146 3069,4150 3272,4150 3475,4149 3678,4146 3881,4146 4084,4144 4287,4139 4490,4141 4693,4140 4896,4144"/>
               <TextEquiv>
                  <Unicode>dir das Stück in München vorlese – Wann? Jch denke, in acht Tagen wird</Unicode>
               </TextEquiv>
            </TextLine>
            <TextLine id="tr_1_tl_29" custom="readingOrder {index:28;}">
               <Coords points="820,4270 4823,4302 4770,4153 820,4190"/>
               <Baseline points="847,4269 1046,4263 1246,4263 1445,4257 1645,4261 1844,4263 2044,4257 2243,4257 2443,4253 2642,4257 2842,4251 3041,4251 3241,4251 3440,4251 3640,4251 3839,4246 4039,4245 4238,4241 4438,4245 4637,4240 4837,4245"/>
               <TextEquiv>
                  <Unicode>alles so weit sein – denn schliesslich muss ich ja auch wieder nach</Unicode>
               </TextEquiv>
            </TextLine>
            <TextLine id="tr_1_tl_30"
                      custom="readingOrder {index:29;} textStyle {offset:42;length:1;strikethrough:true;} sic {offset:64;length:2;}">
               <Coords points="815,4408 4121,4403 4610,4381 4765,4259 815,4275"/>
               <Baseline points="842,4359 1038,4369 1235,4365 1432,4365 1629,4365 1825,4365 2022,4365 2219,4365 2416,4365 2612,4365 2809,4359 3006,4358 3203,4353 3399,4359 3596,4354 3793,4347 3990,4347 4186,4347 4383,4347 4580,4341 4777,4335"/>
               <TextEquiv>
                  <Unicode>Berlin um meine Wohnung zeitig zu künden (ç – schon scheint mir nä¬</Unicode>
               </TextEquiv>
            </TextLine>
            <TextLine id="tr_1_tl_31" custom="readingOrder {index:30;}">
               <Coords points="878,4504 4765,4467 4765,4344 878,4381"/>
               <Baseline points="907,4472 1100,4472 1294,4466 1487,4466 1681,4466 1874,4466 2068,4466 2261,4461 2455,4460 2648,4460 2842,4460 3035,4460 3229,4460 3422,4460 3616,4460 3809,4454 4003,4454 4196,4448 4390,4448 4583,4442 4777,4436"/>
               <TextEquiv>
                  <Unicode>lich – trotz reizender Menschen – der dortige Aufenthalt ins Provi¬</Unicode>
               </TextEquiv>
            </TextLine>
            <TextLine id="tr_1_tl_32" custom="readingOrder {index:31;}">
               <Coords points="825,4600 3860,4562 4440,4664 4813,4594 4813,4440 825,4515"/>
               <Baseline points="853,4580 1051,4574 1249,4569 1447,4568 1646,4571 1844,4569 2042,4568 2241,4568 2439,4568 2637,4562 2836,4562 3034,4562 3232,4562 3430,4562 3629,4562 3827,4556 4025,4550 4224,4550 4422,4553 4620,4550 4819,4532"/>
               <TextEquiv>
                  <Unicode>sorische zu neigen – E. – damit unsere Unterhaltungen über die provi¬</Unicode>
               </TextEquiv>
            </TextLine>
            <TextLine id="tr_1_tl_33" custom="readingOrder {index:32;}">
               <Coords points="825,4690 3711,4680 3641,4573 825,4600"/>
               <Baseline points="853,4675 996,4675 1140,4675 1283,4675 1427,4669 1571,4675 1714,4672 1858,4674 2002,4669 2145,4669 2289,4669 2433,4669 2576,4669 2720,4664 2864,4663 3007,4663 3151,4663 3295,4663 3438,4658 3582,4657 3726,4651"/>
               <TextEquiv>
                  <Unicode>sorischen Situationen nur immer recht behalten –\:p\</Unicode>
               </TextEquiv>
            </TextLine>
            <TextLine id="tr_1_tl_34" custom="readingOrder {index:33;}">
               <Coords points="825,4786 4637,4791 4637,4632 825,4690"/>
               <Baseline points="853,4771 1042,4777 1232,4777 1422,4777 1612,4777 1802,4771 1992,4775 2182,4771 2372,4771 2562,4767 2752,4765 2941,4760 3131,4759 3321,4765 3511,4765 3701,4759 3891,4759 4081,4755 4271,4753 4461,4759 4651,4753"/>
               <TextEquiv>
                  <Unicode>\p\Was schreibt der Klaus? Jch habe zwei Gedichte gemacht – ein ganz</Unicode>
               </TextEquiv>
            </TextLine>
            <TextLine id="tr_1_tl_35"
                      custom="readingOrder {index:34;} textStyle {offset:67;length:4;strikethrough:true;}">
               <Coords points="836,4908 4935,4882 4940,4717 841,4802"/>
               <Baseline points="865,4878 1069,4878 1274,4873 1478,4878 1683,4878 1887,4872 2092,4872 2296,4872 2501,4872 2705,4871 2910,4866 3115,4866 3319,4868 3524,4866 3728,4860 3933,4860 4137,4860 4342,4860 4546,4860 4751,4866 4956,4860"/>
               <TextEquiv>
                  <Unicode>dummer Einfall war das – mir scheint aber, ich habe dir das erste, gena</Unicode>
               </TextEquiv>
            </TextLine>
            <TextLine id="tr_1_tl_36" custom="readingOrder {index:35;}">
               <Coords points="841,5026 3684,4972 4642,5068 4642,4893 4435,4871 841,4903"/>
               <Baseline points="871,4992 1060,4986 1249,4980 1438,4975 1627,4979 1816,4974 2005,4977 2194,4974 2383,4974 2572,4979 2761,4969 2950,4968 3139,4968 3328,4968 3517,4968 3706,4965 3895,4965 4084,4962 4273,4961 4462,4962 4651,4962"/>
               <TextEquiv>
                  <Unicode>genannt "Madonna von der Bergung" [das Gedicht ist m.W. nicht erhalten] – schon geschickt? Sonst bringe</Unicode>
               </TextEquiv>
            </TextLine>
            <TextLine id="tr_1_tl_37" custom="readingOrder {index:36;}">
               <Coords points="820,5105 3024,5079 3822,5164 3822,4999 3684,4978 820,5020"/>
               <Baseline points="847,5087 996,5087 1145,5087 1294,5081 1444,5079 1593,5081 1742,5081 1892,5081 2041,5081 2190,5075 2340,5075 2489,5075 2638,5075 2787,5075 2937,5075 3086,5069 3235,5073 3385,5069 3534,5069 3683,5069 3833,5063"/>
               <TextEquiv>
                  <Unicode>ich es mit – wie auch den Branntwein aus dem Baur – [gemeint ist wohl das Hotel/Restaurant Baur auch Lac in Zürich]\:p\</Unicode>
               </TextEquiv>
            </TextLine>
            <TextLine id="tr_1_tl_38" custom="readingOrder {index:37;}">
               <Coords points="831,5329 4935,5276 4030,5111 831,5185"/>
               <Baseline points="859,5278 1063,5284 1268,5284 1472,5284 1677,5284 1881,5284 2086,5284 2290,5278 2495,5278 2699,5279 2904,5277 3109,5278 3313,5278 3518,5272 3722,5268 3927,5272 4131,5267 4336,5267 4540,5267 4745,5267 4950,5261"/>
               <TextEquiv>
                  <Unicode>\p\Jnzwischen sah ich mit Fredi Trudi Schoop samt sehr schweizerischer</Unicode>
               </TextEquiv>
            </TextLine>
            <TextLine id="tr_1_tl_39" custom="readingOrder {index:38;}">
               <Coords points="831,5414 4834,5414 4956,5286 831,5329"/>
               <Baseline points="859,5386 1064,5392 1269,5386 1475,5386 1680,5386 1886,5386 2091,5386 2297,5385 2502,5380 2708,5380 2913,5380 3118,5380 3324,5380 3529,5374 3735,5374 3940,5374 4146,5368 4351,5374 4557,5368 4762,5368 4968,5362"/>
               <TextEquiv>
                  <Unicode>und tatsächlich verdientermassen drollig zu nennender Schülerschar –</Unicode>
               </TextEquiv>
            </TextLine>
            <TextLine id="tr_1_tl_40" custom="readingOrder {index:39;}">
               <Coords points="836,5526 5036,5542 5036,5350 836,5414"/>
               <Baseline points="865,5493 1074,5489 1283,5493 1493,5493 1702,5487 1911,5487 2121,5491 2330,5489 2539,5487 2749,5487 2958,5482 3167,5482 3377,5482 3586,5482 3795,5482 4005,5478 4214,5482 4423,5482 4633,5476 4842,5470 5052,5452"/>
               <TextEquiv>
                  <Unicode>das Kleintheater ist dauernd für sie ausverkauft, und morgen verreist</Unicode>
               </TextEquiv>
            </TextLine>
            <TextLine id="tr_1_tl_41" custom="readingOrder {index:40;}">
               <Coords points="820,5728 4578,5723 4823,5606 2710,5537 820,5643"/>
               <Baseline points="847,5702 1046,5702 1246,5696 1445,5696 1645,5696 1844,5691 2044,5692 2243,5691 2443,5691 2642,5691 2842,5685 3041,5691 3241,5690 3440,5685 3640,5681 3839,5685 4039,5685 4238,5679 4438,5679 4637,5679 4837,5679"/>
               <TextEquiv>
                  <Unicode>sie nach Paris wo sie im Casino weitere sechs Wochen tanzen soll –</Unicode>
               </TextEquiv>
            </TextLine>
            <TextLine id="tr_1_tl_42" custom="readingOrder {index:41;}">
               <Coords points="910,5845 4871,5835 4871,5691 910,5728"/>
               <Baseline points="939,5808 1136,5804 1333,5802 1530,5801 1728,5798 1925,5798 2122,5792 2319,5792 2517,5795 2714,5792 2911,5792 3108,5792 3306,5786 3503,5786 3700,5786 3897,5792 4095,5786 4292,5784 4489,5780 4686,5786 4884,5786"/>
               <TextEquiv>
                  <Unicode>jemand also, den man „arriviert“ nennt, es sei ihr gegönnt –wenn man,</Unicode>
               </TextEquiv>
            </TextLine>
            <TextLine id="tr_1_tl_43" custom="readingOrder {index:42;}">
               <Coords points="889,5936 4680,5925 4680,5819 889,5840"/>
               <Baseline points="919,5905 1107,5905 1296,5900 1485,5900 1673,5901 1862,5900 2051,5900 2239,5900 2428,5900 2617,5900 2806,5894 2994,5894 3183,5894 3372,5889 3560,5894 3749,5891 3938,5891 4126,5890 4315,5888 4504,5883 4693,5888"/>
               <TextEquiv>
                  <Unicode>nach einem solchen Anlass, sich nur nicht wieder Sorgen machen</Unicode>
               </TextEquiv>
            </TextLine>
            <TextLine id="tr_1_tl_44" custom="readingOrder {index:43;}">
               <Coords points="884,6026 4413,6058 4834,6011 4834,5909 884,5920"/>
               <Baseline points="913,6007 1109,6007 1306,6007 1503,6005 1700,6001 1897,6001 2093,6001 2290,6001 2487,6001 2684,6001 2881,5995 3077,5996 3274,5995 3471,5995 3668,5995 3865,5989 4061,5995 4258,5989 4455,5989 4652,5989 4849,5989"/>
               <TextEquiv>
                  <Unicode>müsste über die Geheimnisse dessen was man ein "Ziel" oder innere</Unicode>
               </TextEquiv>
            </TextLine>
            <TextLine id="tr_1_tl_45" custom="readingOrder {index:44;}">
               <Coords points="900,6133 2614,6133 2614,6000 2364,6042 900,6032"/>
               <Baseline points="931,6120 1015,6115 1100,6115 1185,6115 1270,6110 1355,6109 1439,6109 1524,6109 1609,6109 1694,6109 1779,6109 1863,6109 1948,6112 2033,6113 2118,6109 2203,6109 2287,6108 2372,6103 2457,6103 2542,6103 2627,6097"/>
               <TextEquiv>
                  <Unicode>(innere?) Befriedigung nennt –\:p\</Unicode>
               </TextEquiv>
            </TextLine>
            <TextLine id="tr_1_tl_46" custom="readingOrder {index:45;}">
               <Coords points="878,6261 4403,6271 4632,6223 4632,6096 878,6128"/>
               <Baseline points="907,6222 1093,6222 1280,6219 1467,6222 1654,6216 1841,6216 2028,6216 2215,6216 2402,6210 2589,6210 2776,6210 2962,6210 3149,6204 3336,6204 3523,6204 3710,6204 3897,6198 4084,6198 4271,6198 4458,6198 4645,6204"/>
               <TextEquiv>
                  <Unicode>Adieu Eri – lass dich nicht quälen, auch vom Zahnkünstler nicht,</Unicode>
               </TextEquiv>
            </TextLine>
         </TextRegion>
         <TextRegion id="r" custom="readingOrder {index:1;}">
            <Coords points="484,1792 484,3804 438,3804 438,1792"/>
            <TextLine id="l" custom="readingOrder {index:0;}">
               <Coords points="454,1792 438,3804 468,3804 484,1793"/>
               <Baseline points="454,1792 438,3804"/>
               <TextEquiv>
                  <Unicode>und sei geküsst von</Unicode>
               </TextEquiv>
            </TextLine>
            <TextEquiv>
               <Unicode/>
            </TextEquiv>
         </TextRegion>
         <TextRegion id="r_112" custom="readingOrder {index:2;}">
            <Coords points="288,3897 288,4156 250,4156 250,3897"/>
            <TextLine id="l_111" custom="readingOrder {index:0;}">
               <Coords points="250,3898 258,4156 288,4155 280,3897"/>
               <Baseline points="250,3898 258,4156"/>
               <TextEquiv>
                  <Unicode>A.</Unicode>
               </TextEquiv>
            </TextLine>
            <TextEquiv>
               <Unicode/>
            </TextEquiv>
         </TextRegion>
      </Page>
   </PcGts>
</validation-wrapper>
