3647 4646
238 1604 334 1760 dans le
203 3333 298 3498 3 e
2669 570 3178 662 17. Aug. 29
770 1003 3320 1177 Ma Dominique, mille fois merci pour
821 1158 3027 1356 ta lettre qui était tellement
1663 1385 3365 1520 gentille et qui m'a fait énorme¬
746 1564 3418 1816 ment du plaisir! Moi aussi j'ai
806 1797 3365 1982 beaucoup joui du séjour à l'Alpe,
734 1998 3200 2192 seulement je 'a pense que c'était
755 2268 3421 2401 assez longtemps: "KurzeZeit stärkt,
740 2450 3159 2638 lange Zeit schwächt" – et trop
728 2728 3251 2862 de jeunes filles ensemble c'est, au
713 2904 3257 3049 fond, ... assomment, tu ne crois pas!
707 3146 3379 3279 Chérie, je suis triste de t'avoir fait
704 3340 3377 3527 mal, surtout le dernier soir – Mais,
734 3570 2967 3697 car moi, j'aime bien Jaqueline,
710 3794 3403 3948 cela ne m'est pas même venu à l'idée,
734 4006 3162 4145 que je faisais une chose qui devait
779 4236 1561 4375 te blesser!
778 662 2321 825 Maintenant "les affaires":
892 883 3345 1031 1)  Ton bonnet: je te l'ai sorti à Schwyz!
984 1046 2933 1178 Depuis, je n'en sais rien –
969 1250 3288 1401 2) Si maman a trouvé tes Platten,
1050 1459 2846 1592 je les ferai envoyer.
939 1674 3491 1843 3) Hertha u. ich haben einen Brief an
961 1838 3345 1998 Dr. Camenisch aufgestellt für[Mundart-Grammatik] eine
931 2014 3356 2204 Einführung an den jetzigen Direktor
841 2253 3491 2392 zu erhalten. Soll ich ihn schicken
898 2446 3503 2625 an Camenisch schicken, was meinst Du?
892 2695 3085 2836 La lettre à Vollmoeller, voilà
993 2877 2900 3019 "ein nur roher Entwurf", bitte
904 3088 1775 3215 um Bericht!
641 3348 3515 3562 Et zum Schluss je vous souhaite, à Anna
680 3515 2408 3651 et toi, eine schöne Tour, et je
751 3706 3464 3976 voudrais t'embrasser bien herzlich.
2246 4121 2828 4278 An[emarie
919 687 2390 889 Lettre à Vollmoelle :
898 1027 3336 1223 ich möchte Sie noch um Folgendes
823 1208 3303 1420 bitten: ich schrieb Ihnen nach
877 1395 3177 1613 Hollywood von meiner Freundin
850 1592 3309 1808 Dominique Schlumberger die Film¬
814 1752 3094 2001 regisseur werden wird. Sie will
856 1969 3386 2194 jetzt schon, oder in möglichst kurzer
805 2176 3037 2435 Zeit, eine Stelle finden wo sie
877 2370 3407 2620 Gelegenheit hätte bei der Aufnahme
826 2576 3491 2832 eines Films zugegen zu sein, wen[ auch
754 2797 3515 3049 nur als Volontärin. Da eine solche
769 3020 3500 3270 Stelle in Frantekr. trotz guter Verbin¬
751 3245 3416 3464 dungen nicht zu finden ist, möchte
778 3482 3410 3658 sie nach Deutschland. Ich will ihr
853 3674 3157 3852 dabei nach bester Möglichkeit
790 3860 3072 4025 helfen u. bitte Sie, wenn es
823 4047 3106 4198 Ihnen möglich ist, ihr einen
853 503 3203 561 Begleit- oder Empfehlungsbrief an
850 710 3275 794 einen entsprechenden St Regisseur
853 913 2687 1012 oder Direktor zu geben. –
874 2104 2675 2284 Mademoiselle Schlumberger
1501 2496 2206 2579 Kandersteg
1543 2731 1967 2791 Wallis
686 2955 1663 3046 Postlagernd
