5312 6884
665 495 1660 720 Studentenschaft
475 665 1830 925 der Universität Zürich
3181 580 4481 830 Zürich, den 11.XI.30
935 1385 4726 1715 \p\Wenn ich mich nicht irre soll morgen
975 1620 4666 1905 am 12. die Première sein, ich habe
945 1800 4911 2126 schon beinahe einen Ausweg u. Über¬
980 2031 5001 2366 zeugungsgrund gefunden meine Umgebung
1010 2206 4641 2586 von der Notwendigkeit einer Reise
1020 2406 4636 2811 nach der bayrischen Hauptstadt zu
970 2676 4826 3061 überzeugen, aber ich war im Argu¬
980 2826 4916 3211 mentieren immer eher schwach, u.
1005 3036 5006 3466 eine Niederlage fürchtend, kapituliere
1030 3296 4921 3646 ich deshalb 'freiwillig', was meinem
970 3501 3806 3896 Selbstgefühl zuträglicher ist!\:p\
1010 3526 4696 4031 Kind Erika ich hoffe der lyrische Paul,
1040 3906 4781 4236 der intellektuelle Regisseur, der kindliche
1085 4046 4956 4491 Gérard u. auch Agathe haben inzwischen
1120 4276 4811 4651 ihre Fehler abgelegt und agieren zu
1090 4476 4906 4881 Deiner Zufriedenheit, besonders aber Paul
1040 4676 4866 4976 den ich beneide Deinen Bruder spielen
1135 4911 4981 5281 zu dürfen u. den dem ich deshalb nicht
1105 5061 4611 5451 verzeihen würde wenn er Dich ärgert!
1095 5306 4691 5631 Im Übrigen wird schon nichts fehlen
1110 5496 4446 5836 u. ich erlaube mir keineswegs,
1105 5706 4641 6007 irgendwelche blöden Besorgnisse aus
1135 5911 4431 6237 der Ferne zu hegen – abgesehen
998 834 4393 1124 natürlich von meinem persönlichen
989 1013 3718 1360 Kummer welcher gross ist.
940 1437 4726 1808 \p\Der Knabe Bernhard u. sein Freund Gert,
960 1698 4697 2050 welcher noch wichtiger ist, rufen nach
945 1905 4654 2223 Dir. Aber solange Du proben musstest
945 2098 4475 2421 hättest Du sicher keine Zeit gehabt
960 2310 4741 2595 über ihn zu lesen u. ihm Deine Gunst
984 2513 4470 2816 zuzuwenden. Deshalb beschloss ich
974 2710 4789 3096 zu warten. (ich komme mir wohlerzogen
1022 2932 4065 3279 geduldig und lobenswert vor!)\:p\
998 3530 4451 3877 \p\Nun überlasse ich Euch also einem
1013 3790 4321 4109 Schicksal, welches nicht anders als
1008 3964 4244 4311 gütig u. freundlich sein kann.\:p\
1046 4157 4924 4499 Sei indessen geküsst von Deinem Kind A
