2578 1863
1448 248 1703 354 CHUR 1
1501 383 1690 415 30 · XII
1520 444 1627 475 1935
724 766 1930 956 Frl. Marianne Breslauer
995 996 1676 1143 Jägerallee 25
1162 1244 2112 1397 Berlin-Potsdam
2025 717 2793 854 Chur – 30 – 12 – 35
762 1136 3259 1466 \p\Liebste Marianne, nun fahre ich mit Hündchen Doktor
793 1377 3088 1603 nach Sils, u. dort soll u. muss es mir besser
765 1561 3021 1723 gehen. Sicher sehen wir uns bald wieder, Du
781 1707 3212 1873 u. Margot, u. ich – Margot, so hoffe ich, taucht am
759 1809 3234 2038 15. auf. Basel war sehr hübsch, u. wohltuend,
743 1949 3244 2184 ich bin heute früh gar nicht gern weg gefahren.
743 2120 3152 2330 Eri ist sehr gerührt wegen des Körbchens, ich
746 2257 3072 2431 auch wegen Bemühung – leider kan[n] ich keinen
759 2434 3253 2653 Brief schreiben, ich habe solche Rückenschmerzen
797 2599 3272 2761 u. muss mich einfach hinlegen. Pyrenäen ist eben
784 2736 1730 2891 sehr lange her ...\:p\
755 2872 3304 3136 \p\Heute mittags war ich schnell bei Kübler, natürlich
765 3056 2310 3202 sprachung wir reizend von Dir.\:p\
768 3171 3021 3428 Liebste ich wünsche Dir, was Dein Herz für
800 3294 2828 3551 1936 begehrt. Grüsse auch den Guten –
797 3507 2980 3736 Boni würde ich auch sehr gern wiedersehen.
1460 3853 2498 4078 Umarmung, u. Kuss.
2114 4205 2622 4377 Annemarie
632 4437 2748 4669 bitte kom[m] nach Sils oder ganz in unsere Nähe!
