5340 6820
2306 271 3768 515 Siasconset, Nantucket Island,
2462 448 3581 671 am ersten August 1940
1520 869 2811 1114 Mein lieber Freund Klaus,
1005 1072 4804 1265 \p\Du hast Dir die Zeit und Mühe genommen, mir eine kleine Gardinen-Predigt zu
843 1228 4856 1385 halten, – so nennst Du selber Deinen Brief, der mich auch ungemein getroffen, und
864 1338 4903 1489 bestürzt hat, – und den ich nun also beantworten will. Denn Du schreibst es ja: ich
854 1452 4841 1582 sollte, was Dich ungeduldig macht, und was Du mir so gerade heraus sagst, meiner¬
859 1582 4794 1728 seits zu verstehen suchen, und zu verzeihen, (aber zu verzeihen ist hierbei gar
859 1655 5007 1848 nichts). Ueber Nacht, nachdem ich den Brief, und meine ungemein heftige, zur Depres¬
854 1759 4711 1921 sion neigende Reaktion darauf, genau überdacht hatte, war die Bestürzung dann
859 1884 4887 2056 verflogen, – mir scheinen die Gründe Deiner Ungeduld jetzt verständlich, und auch,
854 1994 4809 2155 was daran wirklich stichhaltig und wichtig ist, was von Missverständnissen, von
874 2118 4757 2238 der Entfernung, den getrennten Lebensweisen herrührt. Aber umso mehr drängt es
854 2191 4763 2368 mich, möglichst klar und ohne Umschweife zu antworten, und Du musst, L[Korrektur kleines l]ieber, die
854 2342 2072 2493 Geduld haben, zuzuhören.\:p\
864 2405 4867 2602 \p\Du resüsierst [add: resümierst], was Dich an mir stört, was Dir an meinem Zustand und Lebensgefühl
854 2571 4887 2738 unverständlich ist, einmal – undetailliert – als "morbiden Trotz", und erwähnst auch,
874 2686 4914 2858 dass ich am Ende schon wieder von den Mohnfeldern träume (was in dieser Form, ein
874 2795 4658 2936 für alle Mal, nicht stimmt), – ferner als "Alaska, die Wüstenei, Margot, und die
854 2884 4846 3066 Schweiz, in die ich zurück möchte, die Feuilletons für die Schweiz, die mir keine
864 3019 4716 3170 rechte Freude machen". Auf die detaillierte Aufzählung kann ich Dir ziemlich
885 3102 4872 3258 leicht antworten, – sie stimmt, und enthält Faktoren, die für ein Leben keineswegs
880 3196 4997 3378 belanglos sind. Allerdings gibt es auch \g\die\:g\ Ansicht, es seien heute Kriegszeiten,
885 3352 4914 3487 für uns selbstverständlich auch, – viele Menschen würden getötet oder hätten kein
880 3472 4914 3581 Dach mehr über dem Kopf, – und unsereins müsste schlichthin fähig sein, mit seinem
864 3550 4716 3722 "privaten"Leben in aller Stille und sozusagen mit der linken Hand fertig zu
885 3597 4893 3794 werden, um als Kämpfer so einsatzbereit und frei zu sein wie ein Soldat Hitlers.
880 3779 4945 3909 Ferner gäbe es auch im heutigen Weltgeschehen kein Problem, sondern nur die radi¬
874 3883 4955 4029 kale Wahl zwischen zwei Fronten – (und wäre dem so, dann allerdings hätte ein Jeder
885 4003 4919 4133 von uns sich ja problemlos entschieden), – und nun gelte es nur noch, sich täglich
874 4091 4893 4247 und stündlich einzusetzen. Dabei erinnere ich mich an einen alten Gedankengang, –
880 4185 5023 4336 ich glaube, er tauchte in mir während des spanischen Bürgerkriegs auf, als man sich
864 4299 4950 4471 die sonderbare Lage überlegen musste, dass dort Liberale und Kommunisten Schulter
864 4445 4908 4575 an Schulter kämpften. Ich sagte mir damals, der eigentliche Kompromiss, und Gewis¬
885 4539 4872 4664 sensverrat, werde für jeden Einzelnen von uns erst und genau dann beginnen, wenn
880 4632 4997 4773 man sich scheinbar "kompromisslos" auf \g\eine\:g\ Seite stellen, und über alle Beden¬
885 4742 4934 4898 ken hinweg \g\handeln\:g\ müsse. Ich, ganz private Miro, – bringe es aber heute noch
885 4861 4940 4976 nicht fertig, in sogenannten "privaten" Fällen ein glattes Urteil abzugeben, einem
890 4950 5075 5106 Menschen nein zu sagen, und es weg zu leugnen, dass eine Tat immer eine Verschuldung
880 5059 4971 5195 ist, und ebenso eine Wahl immer auch ein Unrecht enthält. Ich weiss, dieser Gedanke
885 5179 4830 5309 führt sehr weit, bis zur Erbsünde nämlich. Aber ich weiss auch, dass die meisten
880 5273 4809 5413 Menschen sich mit dieser Verschuldung durch die Tat, mit diesem Kompromiss, der
900 5398 5007 5528 "condition humaine", leichter abfinden, andere schwerer, – – und dass ich, ganz privat,
880 5502 4960 5642 mich noch jedes Mal ins schreiende Unrecht gesetzt habe, wenn ich aus guten Grün¬
874 5585 4908 5731 den, aber ohne rechte Ueberzeugung, ich sei ein Gerechter, – ein Urteil fällte, dar¬
880 5726 4882 5861 nach handelte, – entschlossen, die "condition", die entstehende Schuld, auf mich zu
880 5804 4960 5965 nehmen. – Auf unser Gesprächsthema bezogen, bedeutet das: dass ich zu wissen glaube,
890 5939 4919 6053 was gut und böse ist, – sicher weiss, dass ich niemals und in keiner Form zur Welt
880 6017 4924 6173 Hitlers gehöre, – und dass dies kein freier, denkender, anständiger Mensch tut. Dass
900 6131 4929 6277 ich folglich legitim zu Euch gehöre, das ist ganz einfach selbstverständlich, ist
874 6241 4960 6402 nicht einmal eine "Wahl". Anders und schwieriger hingegen wird es, wenn[Tüpfchen über e, Überschreibung eines ä] ich daraus
880 6387 4825 6501 solche Konsequenzen ziehe wie: wir seien nun gezwungen, zu kämpfen, und zwar so,
895 6449 5002 6673 dass tausend Dinge nicht mehr zählen dürfen, – also im Sinne des blinden Gehorsams.\:p\
818 409 4980 587 \p\Zum Beispiel widerstrebt es mir nach wie vor, Menschen zu töten. Hingegen frage ich
828 561 4781 723 mich, ob nicht jeder Einzelne, wenn er ganz entschlossen ist zu "handeln", nicht
844 671 2684 797 versuchen müsste, Hitler umzubringen.\:p\
849 702 4870 933 \p\Nun, das ist sehr weit gegangen, ist Theorie. Denn Du wirst mir antworten, dass wir
844 875 4876 1043 ja liberale Menschen seien, und jeder nur aufgefordert sei, auf seinem Platz, nach
828 1001 4834 1153 Massgabe seiner Fähigkeiten, zu handeln. Als Schriftsteller (ich kann jetzt nicht
834 1101 4970 1253 darauf eingehen, ab[e] r ich bin nur davon überzeugt dass ich nur hierzu tauge) – weiss
844 1216 4959 1384 ich heute schon genau, dass ich vermutlich in der Schweiz so wenig wie in Deutsch¬
823 1326 4881 1452 land gedruckt werden kann. Und jetzt sind wir wieder bei den "detaillierten", von
818 1436 4912 1573 Dir genannten Punkten angelangt, von denen ich behap[Überschreibung: p durch u ersetzt]ptete, sie seien für ein Leben
823 1536 4881 1704 nicht belanglos, – solange man noch an den Sinn und Wert eines Lebens auch im
834 1651 4052 1809 absoluten, vom unmittelbar Kämpferisch unabhängigen Sinn glaubt.\:p\
823 1788 5012 1929 \p\Erledigen wir dies rasch, – denn es ist wirklich einfach. Siehst Du, für Euch, Dich und
828 1919 4917 2039 E., (aber auch für die meisten Freunde, mit denen Ihr zusammen seid) ist die Frage
844 2018 4876 2139 längst entschieden, die ich mit Golo, oder mit Margot, noch ernstlich diskutierte:
823 2113 5017 2260 die Frage, ob man in der Emmigrati[Korrektur: doppeltes O durch I überschrieben]on nicht den Zusammenhang mit der Heimat so stark
834 2239 4917 2349 einbüsse, dass man dann, in vielleicht entscheidenden Momenten von Aenderungen, die
828 2333 5017 2469 S[hochgestellt]timme nicht mehr erheben könne, nicht mehr dazu gehöre. Zweierlei werdet Ihr darauf
844 2453 4954 2579 erwidern, denke ich: dass der Zug des Faschismus ja keine lokale, etwa deutsche, oder
828 2564 5049 2710 auch nur europäische Angelegenheit mehr sei, man also überall mitten in den Gescheh¬
828 2647 4813 2810 nissen sei. Und dass man als Schriftsteller von vornherein die Wahl nicht habe,
844 2768 4965 2946 weil man ja, um eine Funktion zu erfüllen, reden müsse, und genau das könne man,
828 2868 4876 3025 dort, nicht. Gut, und trotzdem – ich stehe gerade erst heute, oder gar übermorgen, vor
834 2983 4959 3114 der Entscheidung, durch meine Arbeiten Emmigrant zu werden. Und bis jetzt hatte ich
818 3098 4860 3229 mir in der Schweiz, unter den nahe verwandten Schweizern, einen Boden und ein Pu¬
834 3214 4907 3366 blikum geschaffen, das war die einzige bescheidene Realisation der letzten Jahre.
834 3308 4917 3476 Hingegen kann ich mich noch nicht damit abfinden, in USA und \g\nur\:g\ hier zu publi¬
834 3450 4786 3560 zieren. Wobei ja die weitere gigantische Frage hineinspielt, ob man dieses Volk
959 3518 4865 3670 für "besser" halte als die Deutschen und Franzosen, und überhaupt glaube, ein von
818 3638 4849 3790 hier geschicktes Expeditionskorps wüsse besser, für was es, drüben, kämpfe, als es
828 3743 4965 3906 die jungen Europäer wussten. Ich traue dem Frieden hier nicht, noch seinem demokra¬
834 3853 4828 3974 tischen Gehalt. – Aber lassen wir dies, und bleiben nur dabei: dass auf jeden Fall
834 3953 4891 4079 in einer gewissen, kulturell bewussten Schicht das gegenseitige Einvernehmen uni¬
834 4073 4813 4215 versal sei, folglich jeder von uns hier noch leben und arbeiten könne, – das wür¬
828 4168 2485 4336 dest Du mir doch entgegenhalten?\:p\
834 4262 4765 4404 \p\Dass meine jetzige äussere Lebensweise mich überhaupt beschäftigt, – wundert es
818 4388 4813 4524 Dich wirklich? – Aus den Mohnfeldern einer dauernden Abwesenhe it[Lücke zwischen e und i], beinahe Umnach¬
834 4493 4818 4645 tung, zurückgekehrt, finde ich mich vor der Frage, die einfach eine Existenzfrage
844 4613 4723 4734 ist: ob ich fähig sei, ein Gefühl zu erwidern, eine Liebe zu halten, irgendeinen
823 4687 4938 4886 Einsatz zu leisten, – ohne dabei diese innere Freiheit einzubüssen, die ich brauche,
818 4839 4807 4986 um zu schreiben, – oder ob ich für dieses mich-in-die-Wüste begeben von anderen
823 4928 4729 5069 Menschen Verzeihung und Verständnis verlangen kann, – oder auf jede Form eines
844 5022 4860 5164 irgendwie freundlichen, zivilen Lebens, auf jede Bindung verzichten muss (was mich
818 5143 4886 5284 sehr ängstigt) – Mitten in diesem Leben, dass einerseits privaten Einsatz verlangt,
823 5242 4855 5400 andererseits viele Aufgaben bereit hat, wie etwa die, an einer Zeitschrift mitzu¬
818 5358 4849 5489 arbeiten, – habe ich Augenblicke, da ich mich als Verräter oder Hochstapler fühle,
834 5463 4907 5583 und weiss dann keinen Ausweg als "wegzugehen", – allein zu sein: dafür brauchte ich
823 5578 2773 5725 das Wort "Mongolei" (oder Indochina?) –\:p\
828 5620 4896 5793 \p\Ich könnte es auch anders ausdrücken. Wären wir zum Beispiel in New York, in einer
870 5777 4865 5935 Redaktion, in irgendwelchen aktuellen Aufgaben gefangen, – und ich würde ein Buch
823 5903 5017 6029 schreiben wollen, so sehr, wie ich das "Glückliche Tal“ schreiben wollte, – ? hätte ich
823 6008 4818 6134 denn jederzeit das Recht, \g\"weg zu gehen"\:g\, (und da gibt es ja kaum auch
818 6092 2516 6254 nur den äusserlichen Kompromiss) –\:p\
813 6149 4661 6333 \p\Du aber bezeichnest diese ganze Gefährdung, als solche empfinde ich sie, – als
855 6317 4807 6469 "morbiden Trotz", und als Sucht, leiden zu wollen. Das traf mich sehr, weil es mir
828 6427 4792 6579 schon oft und immer von kompetenter und wohlmeinender Seite, vorgeworfen wurde.\:p\
803 464 4810 662 \p\Ella Maillart, als sie sah, dass ich zwar (damals erst vorübergehend) durch eine
797 636 4873 797 akrobatische Anstrengung die Droge überwand, aber noch dünner und nervöser wurde,
797 735 4727 865 und die Gesundheit gar nicht zu werten, gar nicht recht zu gebrauchen wusste, –
813 844 4862 985 in Kabul schrieb ich mehr denn je in einem abwegigen Zustand der Konzentration –,
797 943 4925 1105 als sie das also sah, warf sie mir vor, ich nähre mich so oder so von Katastrophen.
808 1058 4763 1214 Wenn Margot mir morgen sagen würde, ich könne wohl die Freude, das ruhige Leben,
803 1188 4654 1298 und die äussere Geborgenheit nicht ertragen, sondern brauche die romantische
818 1282 4727 1433 Unsicherheit der Landstrasse, – was soll ich ihr erwidern? Uebrigens wird sie es
803 1391 4919 1543 mir nicht vorwerfen,– aber ich werde sie, in irgendeinem "totalen" Sinne, einbüssen.\:p\
803 1558 4706 1751 \p\Es hilft nichts, mir zu sagen, dies alles fange an, stillos zu werden. Schau, ich
797 1715 4883 1860 setze mich ernstlich damit, mit mir also, auseinander. Ich weiss, dass wir dringende
797 1834 4779 1939 Aufgaben haben, die dringenden Einsatz verlangen. Ich verstehe deshalb auch, dass
803 1933 4680 2048 auf Dich, und wie sehr erst auf Erika! – meine Unruhe so wirken muss, wie früher
797 2048 4674 2184 meine mangelnde Verfügbarkeit, weil ich den Mohnfeldern erlag. Aber halten wir
808 2147 4685 2293 es doch fest, dass immerhin der Unterschied prinzipiell ist, ob ich krank bin,
803 2256 4732 2371 oder aber, ob ich es nicht fertig bringe, meine Art, zu schreiben, mit den Forde¬
797 2366 4549 2538 rungen des normalen Lebens zu vereinen. Du siehst, den Vorwurf des morbiden
797 2470 2236 2590 Trotzes möchte ich ablehnen.\:p\
797 2642 4680 2814 \p\Ist nun, mit einem so langen Brief, etwas gewonnen? – Ich bin mir natürlich auch
782 2788 4685 2924 klar darüber, dass – was ich auch dazu glaube, beitragen oder nicht beitragen zu
797 2913 4732 3028 können – die Gründung einer Zeitschrift, die Erhaltung eines Forums, die Existenz
803 2991 4826 3153 einiger für uns geeigneter Verlage, dies alles für mich genau so lebensnotwendig
797 3127 4596 3257 sein wird wie für Dich, und dass, würde ich mich abseits stellen wollen, dies
813 3226 4586 3356 frecher Luxus und auch verwöhnte Ahnungslosigkeit gegenüber den Realitäten
803 3330 4482 3465 wäre. Ich bin Dir deshalb recht sehr dankbar, lieber Klaus, dass Du mir den
808 3434 4768 3575 Prospekt geschickt hast. An der Richtigkeit des Projekts ist nicht zu zweifeln,
797 3544 4727 3721 mir scheint auch, es sollte durchzuführen sein. Lass mir ein wenig Zeit für die
803 3653 3205 3794 reichen Bekannten, ich berichte Dir bald wieder.\:p\
808 3789 4878 3929 \p\Und ob ich mich trotz der riesenhaften Entfernung noch entschliessen kann, in der
803 3919 4972 4060 zweiten Augusthälfte (was \g\sehr\:g\ bald ist) und doch für so kurze Zeit – nach Califor¬
803 4023 4992 4190 nien zu kommen, – ich trage mich mit der Absicht, möchte es natürlich äusserst
797 4133 4648 4273 gern. Aber da sind lästige Erschwernisse, – mein Wagen ist hier, mein Gepäck in
797 4252 4690 4383 New York, – das Geld knapp, – und wegen der First papers muss ich eventuell auch
797 4346 4784 4492 noch ins Ausland, all dies sozusagen vor dem Herbst. Wobei Ihr ja auf jeden Fall
808 4471 4919 4591 schon bald in New York zu treffen seid. – Kurz, der Entschluss ist schwer zu fassen.
803 4575 4784 4701 Nun aber kann ich nicht mehr, ich fiel ja heute früh schon wieder vom Pferd, und
782 4669 4648 4826 bin arg beschädigt und ermattet, auch vom Wellengang. Nun, nimm den Brief als
797 4784 4680 4951 unvollständigen Versuch, – natürlich würde man, wäre man beisammen, viel weniger
797 4888 4622 5029 ins Uferlose geraten und nie aneinander vorbeireden. Und vergiss auch nicht,
782 5003 4638 5117 dass – was ich auch immer falsch oder richtig ausdrücken mag – es immer von der
782 5107 3294 5269 verpflichtenden Zärtlichkeit diktiert wird Deiner\:p\
3340 5321 3778 5566 Miro[handschriftlich hinzugefügt]
