3530 4511
2321 199 2781 378 9. X. 29
756 672 1933 971 Ma chère Jaqueline
747 910 3077 1196 En retournant de l'Engadine j'ai
704 1102 3068 1353 trouvé votre lettre qui m'a tout
724 1294 3048 1568 remplie de joie – avec votre lettre
681 1483 2934 1770 d'aujourd'hui vous n'avez pas
691 1705 2986 1972 réussi de faire disparaître cette
685 1904 2745 2171 joie, même que vous n'écrivez
685 2096 3038 2344 d'une façon pas du tout gentille
678 2305 2892 2546 et qui ne va pas du tout avec
691 2494 3117 2804 Votre sourire!! Pardonnez-moi que je
649 2729 3068 2973 parle du votre sourire mais je vous
655 2931 3214 3231 avouerai que j'ai toujours une photo
639 3100 3139 3348 de vous sur ma table de travail.
642 3306 3257 3583 Vous êtes debout dans le pré de notre
639 3550 3182 3798 pic-nic, et vous avez ce chic sourire
610 3791 3178 4049 qui m'encourage chaque fois que je le
662 4000 926 4170 vois –
672 321 3067 551 Donc, retournons à votre dernière lettre.
682 525 2987 809 1) Vous écrivez que je vous ai fait un
715 728 3251 946 peu mal avec une phrase très insigni –
692 909 3091 1129 fiante: je l'ai écrit sans réfléchire,
705 1079 2930 1360 tout simplement parceque je suis
728 1286 2934 1574 habituée de vous voir brune, jolie
678 1470 3181 1741 sans chapean et sans bras, et, car je
738 1677 3238 1911 Vous aime ainsi, j'ai des cela m'est
672 1824 3218 2108 difficile de m'imaginer une Jagueline
668 2045 2145 2382 habillée pour la ville!
591 2269 3218 2589 2) Vous écrivez à propos de Tania. C'est
688 2493 2994 2747 un chapitre un peu difficile, et je
655 2593 3188 2957 vous assure que cela me décourage
682 2830 3081 3077 souvent. Je suis attristée de voir
611 2987 3081 3378 que Tania est si faible et presque
698 3234 3124 3508 incapable de se forme une vie –
642 3358 3325 3719 Mais je lui aiderai: ˩j'ai été tellement
698 3572 3181 3852 gâtée toute ma vie par l'amitié
722 3779 3147 3999 et l'amour de tout le monde,
692 3956 3171 4253 pourquoi je ne ferai pas moi-même
672 4173 2336 4374 un effort pour quelqu'un
205 192 333 417 2
656 397 3111 649 Voyez-vous je suis une personne assez
690 568 3014 824 normale sans beaucoup de côtés
713 747 3162 1009 dingues, et peut-être égoïste : car
716 915 3229 1191 je suis très ambitieuse. Je ne mérite
720 1039 2990 1420 donc nullement une affection
703 1342 2990 1615 spéciale. Et quand'mène [sic] j'ai
747 1547 3172 1813 toujours trouvé et tant d'amour
656 1759 3360 2045 parmis mes amis, et encore toute jeune
804 1924 2984 2234 j'étais gàté par une tendresse
713 2180 1342 2378 touchante.
572 2345 3135 2654 Alors vous comprenez que je suis pleine
639 2573 3017 2782 de reconnaissance contre tout le
622 2741 2980 3095 monde, et c'est pourquoi je ne
585 2970 2234 3266 déteste presque jamais. –
632 3428 3048 3740 Vous écrivez que vous avez envie de
605 3629 3037 3976 dire des choses dures. Pourquoi ne
666 3831 3256 4191 l'avez-vous pas fait?  Vous m'avez
533 376 3214 656 bien écrit des choses bonnes et tendres
639 584 3097 878 pourquoi vous vous arrêtez quand
680 751 3207 1120 une fois l'envie vous prend d'être
680 1011 1386 1178 méchante?
598 1165 3005 1421 Méchant et bon, c'est comme froid et
632 1363 3121 1581 chaud: c'est toujours quelquechose
632 1530 2957 1807 de fort, – ra la seule chose
697 1748 2937 2015 importante c'est de ne jamais
608 1974 2814 2213 être mauvais, parce que mauvais
598 2162 2090 2428 c'est tiède et faible –
570 2367 3313 2657 Je vous avais écrit, je crois, que j'ai parlé
427 2503 3333 2800 f avec un rédacteur, M. Korradi. Maintenant
563 2729 3111 2944 il m'a donné un travail à écrire,
601 2913 3299 3162 et en plus, il va publier une de mes
577 3067 3323 3319 nouvelles. Je suis si contente de ce petit
635 3268 3234 3459 succes. Mes cours commencent lundi.
628 3425 3292 3681 J'ai un très grand programme (34 cours
611 3620 3084 3852 par semaine) : Histoire, Géographie, et
639 3784 3111 4060 littérature moderne. Car il ns faut 3
458 3917 2223 4166 matières pour l'examin.
526 4091 3159 4347 Ecrivez bientôt, n'est-ce pas. Ne dites
403 549 433 4089 pas que je me suis éloignée de vous. Cela me ferait
255 623 304 2912 trop de peine.
213 1897 263 2903 Toujours à vous
163 3102 230 3785 An[emarie
