5131 6559
1146 1004 4632 1378 Heute ist trotz Rigiexkursion [ev. im Zusammenhang mit Piper-Artikel] u. Zirkus
1141 1273 4199 1634 Hagenbeck [Alexis entziffert 'Hagenbuch' und vermutet ein Hinweis auf den Prozess gegen Hagenbuch im Zusammenhang mit Ully - das ist aber angesichts des Kontextes und des PS am Ende unwahrscheinlich] ein besonders arger Tag,
1132 1488 4710 1853 dass ich kurz vor Torschluss, eine Minute
1114 1748 4609 2022 vor unheimlicher Mitternacht, Deinen
1082 1981 4714 2328 Brief fand hat aber Vieles gutgemacht.
1086 2218 4486 2560 Alles verhält sich wie Du sagst, ich
1095 2483 4482 2802 weiss es, ich bin schon 50% weniger
1013 2725 4641 2989 unsicher, ich bin beinahe sicher. Aber
1063 3012 2752 3336 das ist es ja nicht,
1068 3181 4692 3532 es handelt sich doch um Mama, u. das
1072 3405 4582 3761 ist, Du wirst es gleich verstehen, ein
1091 3656 4509 4021 arger, arger Fall. Für mich, für uns,
1141 3897 4413 4290 gibt es stets ein Möglichkeit zu
1127 4158 4797 4518 leben. Für sie nicht, u. weil ich grotesker
1091 4459 4650 4737 Weise daran schuld bin, an trifft es
1095 4637 4682 5011 mich besonders hart. Kan[n]st Du Dir den[n]
1059 4947 4377 5225 auch nur entfernt denken, welche
1063 5143 4600 5540 Szenen sich abspielen, zu nichtig u.
1123 5463 4463 5796 zugleich zu absurd, um berichtet zu
1150 5732 4491 6093 werden? Papa ist abgereist, aber was
1123 5988 4217 6325 ist das für ein Leben für ihn!
941 568 4371 887 Er sagte mir, Mama versuche, mich zu
1009 813 4586 1044 "isolieren". Dieser Versuch kostet ihr und
941 1005 4822 1441 uns jede ruhige Stunde. Sie lauert ständig
970 1250 4812 1607 ob jemand mit mir spricht, ob jemand
990 1519 4812 1867 in mein Zimmer kom[m]t, mir hinter jedem
907 1779 4851 2122 Wort vermutet sie einen versteckten Angriff.
916 2063 4851 2401 Meinen Schwager fordert sie etwa auf, meine
975 2278 4390 2538 Schwester von mir fern zu halten. Wen[n]
911 2524 4831 2866 Hansi sich für mich verwendet (!) sagt sie
936 2808 4866 3141 dass er ein ahnungsloser Erpl [?] sei. Alldas
882 3062 4743 3381 klingt kindisch u. wäre es, wen[n] sie nicht
916 3322 4778 3700 daran, an meine "moralische Verworfenheit"
936 3538 4822 3920 glauben würde: Wen[n] jemand zu vermitteln,
1009 3778 4748 4170 sucht, rast sie einfach u. empfindet
951 4092 4557 4430 es allen Ernstes als Verrat gegen sie
931 4420 4420 4812 dann weint sie, Eri, heute morgen,
995 4719 4694 5003 hat sie geweint, das kan[n] ich nicht
960 4964 4292 5223 sehen. Ihr Herz wird auch nicht
995 5223 1642 5512 gesund.
946 5410 4038 5748 Ein Fremder würde sie vielleicht
1034 5689 4297 6233 für verfolgungswahnsinnung hatten
1008 890 4156 1204 Aber man kann ihr überhaupt,
1022 1145 3878 1570 nicht helfen, verstehst Du,
908 1474 3983 1880 weil sie wie von fixen Ideen
890 1834 4134 2163 besessen ist, von einer tollen
995 2140 4348 2623 Unduldsamkeit u. Reizbarkeit –
890 2587 4156 2988 Meistens erschrickt sie nachher,
949 2888 4353 3381 ahnt vielleicht die Absurdität
940 3180 4485 3682 ihres Verhaltens. Dann glaubt sie aber
862 3527 4531 3974 man habe sie zu diesem Verhalten
876 3810 4289 4225 getrieben u. tue ihr jetzt Unrecht,
922 4138 4353 4531 sie versteift sich in einer miss¬
949 4490 4366 4905 trauisch-verbitterten Einsamkeit.
908 4754 4239 5174 Nein, der Konsul [AS Hund?] gedeiht nicht in
926 5101 4147 5470 dieser Luft, das ganze Haus ist
949 5329 4321 5858 überreizt, ausweglos u. trostlos.
885 5667 4220 6091 Ich schreibe das Schweizerbuch, auch
912 5927 4047 6356 dies z bereitet Mama Ärgernis.
1066 822 4149 1176 Du musst gütig verzeihen, E.–,
1056 1152 4331 1453 dass ich Dir soviel Privates u.
1076 1405 4503 1783 Unerfreuliches mitten in der Nacht
1032 1740 4426 2036 mitteile, ich nehme Deine Geduld
1095 2012 4531 2395 einfach in Anspruch, ich bin ein
1104 2314 4020 2658 ganz u. gar unbrauchbares u.
1056 2572 2619 2930 reizloses Stück
989 2882 4833 3231 und denke so an Dich, an Euch, Therese
985 3155 4670 3609 u. Dich, weil man doch etwas haben
1061 3456 4541 3915 muss, siehst Du, einen Ausweg, einen
1009 3795 4699 4240 Menschen, einen Menschen eben. (Mama
1071 4034 4125 4450 ist wohl einer der unglücklichsten
1028 4245 1955 4622 Menschen) [vertical space]
411 4555 4364 5177 P.S. ich weiss genau dass man solche Briefe
923 4900 4068 5325 nicht schreibt, ich klebe ihn gleich
1023 5148 4307 5573 zu. Und bei Hagenbeck gefiel es mir
1157 5387 2576 5683 in einer Weise –
989 5569 3666 5946 Du hast heute Carlos gehabt,
980 5875 4488 6195 Erika-Liebling, auch daran habe ich
989 6042 4460 6396 gedacht u. ob Du gleich jetzt noch an
956 6252 2863 6458 du Achensee fährst.
281 1207 356 4103 Ich bitte dass Du mir für heute noch Einiges
382 1201 535 5137 nachsiehst. Seid Beide [sic] umarmt
