5231 6667
3442 747 4192 1035 Mittwoch
1071 1446 3659 1731 Es kann ja nicht angehen,
1031 1695 3679 1999 E.-Liebling, dass Du Dich
1031 1924 3837 2292 so langweilen und ärgern
1023 2177 3813 2509 lässt – was sagst Du wenn
1039 2418 3868 2679 sie Dich am 6. noch nicht
1035 2612 3797 2880 gehen lassen wollen, u. was
1027 2880 3789 3177 sagen wir alle dazu? Den
1004 3074 3864 3355 Klaus habe ich gesehen, weil
1015 3268 4188 3611 er mit Eltern und Geschwistern
1039 3493 3552 3928 uns am leften Feiertag
1031 3694 1774 3999 besuchte
1035 3951 3813 4319 Aber heute sind wir dafür
1106 4200 3860 4512 zum Mittagstisch eingeladen
1059 4453 3793 4745 u. da will ich ihn gleich
1023 4599 3722 4947 fragen was er wegen dem
1055 4876 4003 5156 Walchensee meint u. wünscht.
1059 5109 3959 5413 Bert Fischl war über Nacht
1079 5346 3920 5642 hier u. ist für Oberfilsen.
1043 5552 4011 5903 Aber darauf kom[m]ts nicht an,
1071 5793 3856 6120 u. Therese war auch hier
1059 6014 4125 6334 u. hat uns recht verwöhnt.
1376 702 4435 1041 – ich liebe sie von Herzen, dass
1403 981 3298 1316 Dus gleich weisst.
1399 1165 4838 1555 Ich weiss noch nicht wer zu Sven [?] kom[m]t
1403 1435 4838 1743 wen[n] ich (solange ich) nicht hier bin,
1353 1651 4802 1981 aber das wird schon alles richtig.
1413 1812 4751 2160 Und Du musst mir ja an meinem
1445 2032 4600 2344 Buch helfen:, [sic] lesen, ja u. nein
1435 2192 4485 2555 sagen, loben wen[n] im[m]er möglich.
1390 2417 4761 2811 Ich bin so fleissig daran wie ich
1344 2710 2628 3013 es sein kann
1394 2834 4806 3174 und das ist eigentlich nicht viel. [vertical space]
1371 3233 4838 3531 Zuerst war ich auch so traurig und
1371 3453 4806 3724 von Kinderheimweh geplagt. Mama
1358 3641 4683 3949 ist übrigens krank u. musste mit
1339 3930 4903 4201 Em[m]y Krüger gleich auf die Alp ziehen
1371 4031 4935 4403 u. das Reiten soll sie für den ganzen
1339 4224 5031 4595 Som[m]er lassen. Ein rechter Kum[m]er für sie. –
1348 4449 4683 4692 W Von Papa höre ich nichts, was
1335 4678 3862 4944 denken sie sich bloss von mir
1335 4889 4646 5127 Wie weit das alles führt u. wie es mir
1385 5040 4683 5348 weh tut, kan[n] ich Dir nicht so aus¬
1358 5182 3064 5559 führlich schreiben. [vertical space]
1312 5531 4962 5861 Eva schläft nebenan, aber sicher grüsst
1348 5760 4949 6095 sie sehr. Es geht ihr besser hier draussen,
1321 5912 4903 6219 und Pasternek erreichst Du Stephan 11.21
796 905 954 6315 Vielleicht musst Du doch noch einen ausführlich ernsthaften
656 943 782 6073 Brief von mir lesen, aber komm lieber bald u. jetzt
491 854 552 4071 habe ich auch keine Tinte mehr
293 2733 329 4160 Sei sehr umarmt
178 4396 208 4785 A. –
