<?xml version="1.0" encoding="UTF-8"?>
<validation-wrapper>
   <PcGts xmlns="http://schema.primaresearch.org/PAGE/gts/pagecontent/2013-07-15">
      <Metadata>
         <Creator>prov=READ-COOP:name=TrHtr:version=2.30.0:model_id=265149:date=06_08_2025_11:20</Creator>
         <Created>2025-08-06T11:09:53.436+02:00</Created>
         <LastChange>2025-08-07T18:15:53.718+02:00</LastChange>
         <TranskribusMetadata docId="9940500"
                              pageId="101355818"
                              pageNr="1"
                              status="IN_PROGRESS"
                              userId="194245"
                              imgUrl="https://files.transkribus.eu/Get?id=WOOAPRQVJZVAGGLSEIHZSFBG&amp;fileType=view"
                              imageId="85007673"/>
      </Metadata>
      <Page imageFilename="letter_0227_001.jpg"
            imageWidth="5268"
            imageHeight="6694">
         <TextRegion orientation="0.0" id="tr_1" custom="readingOrder {index:0;}">
            <Coords points="1146,1738 1146,6293 4759,6293 4759,1738"/>
            <TextLine id="tr_1_tl_1" custom="readingOrder {index:0;}">
               <Coords points="1121,1895 1834,1838 2091,2008 2334,1843 2556,1934 3499,1873 3764,2012 4233,1925 4233,1817 3633,1765 3364,1630 3147,1752 2521,1695 2025,1773 1556,1634 1117,1721"/>
               <Baseline points="1146,1839 1309,1834 1472,1833 1635,1833 1798,1833 1961,1833 2124,1833 2287,1837 2450,1845 2613,1851 2777,1857 2940,1863 3103,1863 3266,1869 3429,1872 3592,1873 3755,1881 3918,1875 4081,1885 4245,1886"/>
               <TextEquiv>
                  <Unicode>E.-liebling, also schon Samstag ein</Unicode>
               </TextEquiv>
            </TextLine>
            <TextLine id="tr_1_tl_2" custom="readingOrder {index:1;}">
               <Coords points="1217,2160 1386,2112 1565,2286 1730,2156 2056,2117 2521,2238 2947,2138 4059,2169 4059,2060 3864,1956 3703,2038 3073,1999 2682,2086 2338,1960 1782,2034 1369,1917 1217,1999"/>
               <Baseline points="1242,2095 1383,2093 1524,2095 1665,2095 1806,2103 1948,2107 2089,2104 2230,2101 2371,2105 2512,2108 2654,2113 2795,2119 2936,2125 3077,2122 3218,2113 3360,2119 3501,2118 3642,2118 3783,2119 3924,2130 4066,2125"/>
               <TextEquiv>
                  <Unicode>Brief von Dir, u. dass ich Dir</Unicode>
               </TextEquiv>
            </TextLine>
            <TextLine id="tr_1_tl_3" custom="readingOrder {index:2;}">
               <Coords points="1230,2486 1512,2338 1830,2447 1991,2369 2460,2403 2603,2503 3633,2330 4085,2403 4085,2264 2782,2221 2603,2295 2160,2195 1230,2269"/>
               <Baseline points="1254,2316 1396,2326 1538,2335 1680,2340 1822,2352 1964,2358 2106,2358 2248,2364 2390,2364 2532,2368 2675,2354 2817,2349 2959,2352 3101,2358 3243,2352 3385,2347 3527,2335 3669,2328 3811,2325 3953,2323 4096,2340"/>
               <TextEquiv>
                  <Unicode>jemals, überhaupt jemals einen</Unicode>
               </TextEquiv>
            </TextLine>
            <TextLine id="tr_1_tl_4" custom="readingOrder {index:3;}">
               <Coords points="1230,2634 1508,2760 1778,2643 2030,2782 2277,2629 2643,2764 3103,2612 4294,2612 4294,2477 3021,2456 2569,2564 2191,2447 1921,2560 1395,2417 1230,2512"/>
               <Baseline points="1254,2597 1406,2581 1559,2579 1711,2591 1864,2591 2016,2585 2169,2592 2321,2597 2474,2591 2626,2593 2779,2609 2932,2603 3084,2606 3237,2610 3389,2605 3542,2594 3694,2584 3847,2579 3999,2579 4152,2581 4305,2603"/>
               <TextEquiv>
                  <Unicode>Satz wie jenen geschrieben haben</Unicode>
               </TextEquiv>
            </TextLine>
            <TextLine id="tr_1_tl_5" custom="readingOrder {index:4;}">
               <Coords points="1200,2877 2608,2912 3507,2816 4185,2903 4185,2764 3677,2660 3334,2786 2938,2682 2634,2764 2456,2660 2030,2803 1912,2695 1200,2682"/>
               <Baseline points="1224,2860 1372,2856 1521,2848 1669,2854 1818,2854 1967,2848 2115,2842 2264,2836 2413,2836 2561,2836 2710,2832 2859,2828 3007,2824 3156,2824 3305,2818 3453,2818 3602,2815 3751,2825 3899,2835 4048,2848 4197,2866"/>
               <TextEquiv>
                  <Unicode>soll ist natürlich undenkbar.</Unicode>
               </TextEquiv>
            </TextLine>
            <TextLine id="tr_1_tl_6" custom="readingOrder {index:5;}">
               <Coords points="1182,3116 3981,3129 4233,3090 4238,2964 3825,2886 3442,2977 2925,2921 2721,3012 2495,2899 2256,3016 2056,2886 1734,2921 1560,3047 1187,2951"/>
               <Baseline points="1206,3081 1365,3076 1525,3077 1685,3081 1845,3075 2005,3069 2165,3074 2325,3074 2485,3067 2645,3056 2805,3057 2965,3047 3125,3045 3285,3045 3445,3045 3605,3050 3765,3055 3925,3066 4085,3063 4245,3069"/>
               <TextEquiv>
                  <Unicode>Nun liesest Du dass ich nach Berlin</Unicode>
               </TextEquiv>
            </TextLine>
            <TextLine id="tr_1_tl_7" custom="readingOrder {index:6;}">
               <Coords points="1187,3286 1591,3420 1804,3321 2095,3460 2729,3281 4099,3299 4099,3164 3534,3242 3212,3103 3012,3234 2669,3129 2199,3134 2021,3273 1852,3190 1673,3268 1460,3164 1187,3216"/>
               <Baseline points="1212,3284 1356,3291 1501,3302 1646,3302 1791,3308 1936,3308 2080,3300 2225,3294 2370,3290 2515,3290 2660,3283 2804,3273 2949,3272 3094,3272 3239,3272 3384,3272 3528,3272 3673,3281 3818,3283 3963,3282 4108,3284"/>
               <TextEquiv>
                  <Unicode>reise, u. findest es, sicher, recht</Unicode>
               </TextEquiv>
            </TextLine>
            <TextLine id="tr_1_tl_8" custom="readingOrder {index:7;}">
               <Coords points="1247,3673 1612,3551 2960,3607 3577,3512 3768,3660 3999,3542 4177,3673 4285,3629 4285,3394 3503,3347 3229,3464 3103,3368 2955,3447 2551,3355 2056,3499 1656,3364 1247,3399"/>
               <Baseline points="1271,3487 1422,3503 1573,3515 1724,3523 1875,3529 2026,3538 2177,3540 2328,3540 2479,3535 2630,3534 2782,3524 2933,3517 3084,3506 3235,3505 3386,3505 3537,3505 3688,3511 3839,3515 3990,3517 4141,3517 4293,3517"/>
               <TextEquiv>
                  <Unicode>zwecklos. Aber: wen[n] Du, berufstätig,</Unicode>
               </TextEquiv>
            </TextLine>
            <TextLine id="tr_1_tl_9" custom="readingOrder {index:8;}">
               <Coords points="1243,3807 2317,3764 2673,3938 3021,3738 4333,3799 4338,3638 3829,3677 3390,3551 3203,3655 3012,3586 2851,3712 2425,3555 2086,3707 1695,3612 1247,3712"/>
               <Baseline points="1265,3756 1419,3762 1573,3762 1727,3762 1881,3762 2035,3762 2189,3762 2343,3762 2497,3762 2651,3762 2806,3761 2960,3745 3114,3730 3268,3718 3422,3714 3576,3720 3730,3729 3884,3739 4038,3750 4192,3756 4347,3756"/>
               <TextEquiv>
                  <Unicode>dorthin im Laufe des Winters ab</Unicode>
               </TextEquiv>
            </TextLine>
            <TextLine id="tr_1_tl_10" custom="readingOrder {index:9;}">
               <Coords points="1313,3955 1582,4116 1756,3990 4359,4003 4285,3829 3990,3894 3364,3777 3194,3881 2430,3955 2143,3829 1313,3846"/>
               <Baseline points="1337,3935 1488,3951 1640,3955 1792,3965 1943,3970 2095,3976 2247,3983 2398,3988 2550,3991 2702,3988 2854,3982 3005,3973 3157,3957 3309,3953 3460,3943 3612,3947 3764,3954 3915,3959 4067,3965 4219,3965 4371,3971"/>
               <TextEquiv>
                  <Unicode>u. zu fahren musst (das ist doch</Unicode>
               </TextEquiv>
            </TextLine>
            <TextLine id="tr_1_tl_11" custom="readingOrder {index:10;}">
               <Coords points="1295,4198 1760,4238 1965,4377 2112,4255 2647,4290 3959,4146 4238,4220 4281,4064 3881,3999 2386,4107 2099,4033 1834,4164 1730,4077 1295,4090"/>
               <Baseline points="1319,4185 1467,4194 1615,4204 1764,4209 1912,4206 2061,4205 2209,4210 2357,4209 2506,4203 2654,4198 2803,4186 2951,4180 3099,4181 3248,4178 3396,4167 3545,4156 3693,4150 3841,4150 3990,4144 4138,4156 4287,4156"/>
               <TextEquiv>
                  <Unicode>denkbar) so sollst Du doch nicht bei</Unicode>
               </TextEquiv>
            </TextLine>
            <TextLine id="tr_1_tl_12" custom="readingOrder {index:11;}">
               <Coords points="1256,4464 3407,4455 3938,4346 4298,4420 4298,4246 4151,4203 3321,4329 3012,4242 2086,4277 1960,4385 1260,4268"/>
               <Baseline points="1283,4389 1434,4399 1585,4406 1736,4414 1887,4412 2038,4414 2189,4410 2340,4400 2491,4395 2642,4392 2794,4393 2945,4384 3096,4383 3247,4382 3398,4372 3549,4362 3700,4352 3851,4347 4002,4347 4153,4353 4305,4359"/>
               <TextEquiv>
                  <Unicode>Buschi Amendt wohnen, weder bei</Unicode>
               </TextEquiv>
            </TextLine>
            <TextLine id="tr_1_tl_13"
                      custom="readingOrder {index:12;} textStyle {offset:24;length:2;underlined:true;}">
               <Coords points="1278,4624 2438,4624 2625,4711 2973,4642 3116,4742 3277,4642 4424,4637 4424,4524 4120,4411 3473,4542 2769,4429 1691,4572 1465,4446 1278,4477"/>
               <Baseline points="1301,4609 1457,4609 1613,4612 1770,4615 1926,4615 2083,4611 2239,4609 2396,4609 2552,4609 2709,4603 2865,4603 3021,4603 3178,4603 3334,4609 3491,4603 3647,4603 3804,4603 3960,4603 4117,4612 4273,4616 4430,4615"/>
               <TextEquiv>
                  <Unicode>ihm noch bei Gründgens: So kom¬</Unicode>
               </TextEquiv>
            </TextLine>
            <TextLine id="tr_1_tl_14" custom="readingOrder {index:13;}">
               <Coords points="1308,4959 1482,4863 1691,4963 2182,4833 2599,4929 2977,4859 3155,4994 3377,4829 3764,4846 3994,4989 4459,4937 4459,4759 4177,4703 3547,4755 3273,4646 2964,4790 1308,4668"/>
               <Baseline points="1331,4830 1488,4836 1645,4842 1802,4840 1959,4830 2116,4835 2273,4827 2430,4832 2587,4836 2744,4830 2901,4824 3058,4818 3215,4818 3372,4824 3529,4818 3686,4818 3843,4824 4000,4829 4157,4839 4314,4856 4472,4872"/>
               <TextEquiv>
                  <Unicode>pliziert sind meine Gedankengänge.</Unicode>
               </TextEquiv>
            </TextLine>
            <TextLine id="tr_1_tl_15" custom="readingOrder {index:14;}">
               <Coords points="1321,5089 2243,5046 2638,5194 2973,5076 3177,5172 3342,5076 4046,5076 4385,5163 4459,4976 3494,4924 2899,5016 2238,4890 2069,5003 1317,4959"/>
               <Baseline points="1345,5049 1501,5051 1657,5054 1814,5056 1970,5051 2126,5045 2283,5045 2439,5045 2595,5045 2752,5039 2908,5050 3064,5051 3221,5051 3377,5051 3533,5057 3690,5065 3846,5075 4002,5076 4159,5089 4315,5100 4472,5111"/>
               <TextEquiv>
                  <Unicode>Und, um tüchtig, erspriesslich, sin[n]¬</Unicode>
               </TextEquiv>
            </TextLine>
            <TextLine id="tr_1_tl_16" custom="readingOrder {index:15;}">
               <Coords points="1308,5272 1847,5363 2034,5259 2916,5281 3547,5437 3699,5307 4068,5450 4459,5402 4455,5242 4342,5302 3820,5142 3603,5229 3034,5098 2725,5211 1752,5211 1617,5124 1304,5198"/>
               <Baseline points="1331,5260 1487,5266 1644,5263 1801,5254 1958,5254 2114,5254 2271,5254 2428,5261 2585,5266 2741,5270 2898,5272 3055,5271 3212,5266 3368,5269 3525,5284 3682,5293 3839,5320 3995,5330 4152,5350 4309,5369 4466,5392"/>
               <TextEquiv>
                  <Unicode>voll zu meinem Wolfgang Helpach [?]</Unicode>
               </TextEquiv>
            </TextLine>
            <TextLine id="tr_1_tl_17" custom="readingOrder {index:16;}">
               <Coords points="1304,5620 1482,5511 1882,5628 2064,5507 2530,5589 3560,5520 4416,5689 4411,5433 3281,5420 3016,5311 2782,5446 2225,5311 1991,5411 1300,5359"/>
               <Baseline points="1325,5445 1488,5468 1651,5479 1814,5481 1977,5484 2140,5493 2303,5499 2466,5501 2629,5508 2792,5505 2956,5510 3119,5505 3282,5505 3445,5505 3608,5517 3771,5525 3934,5536 4097,5547 4260,5558 4424,5565"/>
               <TextEquiv>
                  <Unicode>zurückzukehren (ich bren[n]e darauf)</Unicode>
               </TextEquiv>
            </TextLine>
            <TextLine id="tr_1_tl_18" custom="readingOrder {index:17;}">
               <Coords points="1252,5763 3468,5733 4029,5941 4155,5820 4577,5863 4577,5720 3477,5581 2968,5702 2647,5585 1247,5637"/>
               <Baseline points="1271,5720 1436,5720 1602,5724 1768,5723 1934,5722 2099,5726 2265,5726 2431,5732 2597,5738 2762,5738 2928,5732 3094,5732 3260,5731 3425,5732 3591,5737 3757,5743 3923,5754 4088,5767 4254,5796 4420,5819 4586,5852"/>
               <TextEquiv>
                  <Unicode>muss ich vor allem die hem[m]ungsreiche,</Unicode>
               </TextEquiv>
            </TextLine>
            <TextLine id="tr_1_tl_19" custom="readingOrder {index:18;}">
               <Coords points="1260,6002 3034,5989 3407,6115 3686,5993 4746,6137 4629,5989 3616,5811 2977,5815 2686,5954 2299,5811 1639,5928 1256,5863"/>
               <Baseline points="1283,5935 1456,5946 1630,5963 1804,5971 1978,5965 2152,5971 2325,5977 2499,5980 2673,5983 2847,5977 3021,5979 3194,5987 3368,5985 3542,5989 3716,5996 3890,6008 4063,6031 4237,6055 4411,6071 4585,6089 4759,6114"/>
               <TextEquiv>
                  <Unicode>in Wohlleben u. Nichtigkeit verkom[m]ene</Unicode>
               </TextEquiv>
            </TextLine>
            <TextLine id="tr_1_tl_20" custom="readingOrder {index:19;}">
               <Coords points="1230,6206 1756,6193 1930,6315 2069,6215 3473,6289 3468,6137 3077,6063 2825,6128 2021,6020 1226,6076"/>
               <Baseline points="1254,6186 1365,6186 1476,6186 1588,6186 1699,6186 1810,6180 1922,6186 2033,6196 2144,6198 2256,6205 2367,6213 2478,6220 2590,6222 2701,6222 2812,6222 2924,6218 3035,6221 3146,6229 3258,6234 3369,6238 3481,6246"/>
               <TextEquiv>
                  <Unicode>Stadt Zürich verlassen.</Unicode>
               </TextEquiv>
            </TextLine>
         </TextRegion>
      </Page>
   </PcGts>
   <PcGts xmlns="http://schema.primaresearch.org/PAGE/gts/pagecontent/2013-07-15">
      <Metadata>
         <Creator>prov=READ-COOP:name=TrHtr:version=2.30.0:model_id=265149:date=06_08_2025_11:21</Creator>
         <Created>2025-08-06T11:09:53.545+02:00</Created>
         <LastChange>2025-08-07T22:25:29.580+02:00</LastChange>
         <TranskribusMetadata docId="9940500"
                              pageId="101355918"
                              pageNr="2"
                              status="IN_PROGRESS"
                              userId="194245"
                              imgUrl="https://files.transkribus.eu/Get?id=LMYQCVKTDPSSAOURORWBIVAK&amp;fileType=view"
                              imageId="85007530"/>
      </Metadata>
      <Page imageFilename="letter_0227_002.jpg"
            imageWidth="5268"
            imageHeight="6694">
         <TextRegion orientation="0.0" id="tr_3" custom="readingOrder {index:0;}">
            <Coords points="1134,218 1134,6611 4896,6611 4896,218"/>
            <TextLine id="tr_3_tl_3" custom="readingOrder {index:0;}">
               <Coords points="1228,927 3938,918 4157,1066 4435,959 4431,784 4032,735 3804,802 2858,668 2016,824 1223,712"/>
               <Baseline points="1254,871 1413,866 1572,862 1732,865 1891,865 2051,870 2210,867 2369,862 2529,858 2688,853 2848,864 3007,874 3166,879 3326,889 3485,889 3645,895 3804,907 3963,908 4123,913 4282,923 4442,937"/>
               <TextEquiv>
                  <Unicode>In Berlin sind Bibliotheken, Verleger,</Unicode>
               </TextEquiv>
            </TextLine>
            <TextLine id="tr_3_tl_4" custom="readingOrder {index:1;}">
               <Coords points="1295,1219 1595,1129 1837,1228 2182,1093 2769,1196 3011,1084 3459,1142 3674,1304 4032,1169 4883,1250 4847,1142 3844,968 1286,959"/>
               <Baseline points="1313,1062 1492,1080 1671,1080 1850,1080 2029,1086 2208,1086 2387,1086 2567,1080 2746,1080 2925,1086 3104,1086 3283,1098 3462,1104 3641,1116 3821,1134 4000,1158 4179,1164 4358,1194 4537,1212 4716,1230 4896,1224"/>
               <TextEquiv>
                  <Unicode>Zeitungsschreiber, u. – vorläufig, "neutraler"</Unicode>
               </TextEquiv>
            </TextLine>
            <TextLine id="tr_3_tl_5" custom="readingOrder {index:2;}">
               <Coords points="1326,1389 1429,1393 1510,1331 1774,1398 1846,1348 1904,1362 1891,1254 1801,1272 1689,1192 1631,1245 1577,1254 1429,1142 1304,1214"/>
               <Baseline points="1337,1277 1365,1281 1394,1285 1422,1288 1451,1297 1480,1307 1508,1316 1537,1320 1566,1322 1594,1324 1623,1326 1652,1328 1680,1330 1709,1333 1738,1337 1766,1340 1795,1343 1824,1343 1852,1343 1881,1343 1910,1343"/>
               <TextEquiv>
                  <Unicode>Boden.</Unicode>
               </TextEquiv>
            </TextLine>
            <TextLine id="tr_3_tl_6"
                      custom="readingOrder {index:3;} textStyle {offset:11;length:10;underlined:true;}">
               <Coords points="1281,1590 3176,1653 3387,1779 3526,1649 4386,1729 4377,1550 3624,1595 3338,1452 3163,1532 2598,1402 2182,1483 1272,1398"/>
               <Baseline points="1301,1534 1455,1522 1610,1525 1764,1541 1919,1551 2074,1558 2228,1568 2383,1582 2538,1593 2692,1609 2847,1621 3002,1636 3156,1636 3311,1642 3466,1642 3620,1647 3775,1652 3930,1660 4084,1672 4239,1677 4394,1677"/>
               <TextEquiv>
                  <Unicode>Paris wäre vielleicht richtiger, aber ich</Unicode>
               </TextEquiv>
            </TextLine>
            <TextLine id="tr_3_tl_7" custom="readingOrder {index:4;}">
               <Coords points="1259,1801 1877,1765 2110,1913 2728,1823 4148,1913 4175,1765 3373,1796 2975,1662 2522,1747 2204,1604 2088,1680 1474,1559 1250,1635"/>
               <Baseline points="1277,1725 1422,1725 1568,1728 1714,1737 1859,1752 2005,1762 2151,1772 2296,1787 2442,1785 2588,1796 2734,1817 2879,1826 3025,1833 3171,1832 3316,1836 3462,1845 3608,1851 3753,1861 3899,1866 4045,1880 4191,1886"/>
               <TextEquiv>
                  <Unicode>habe die feste Absicht nicht so</Unicode>
               </TextEquiv>
            </TextLine>
            <TextLine id="tr_3_tl_8" custom="readingOrder {index:5;}">
               <Coords points="1259,2007 1420,1971 1613,2097 1850,1985 2356,2003 2849,2173 3194,2043 3862,2110 3889,1989 3575,1886 3405,1967 3248,1882 3096,1985 2594,1868 2115,1917 1541,1756 1254,1900"/>
               <Baseline points="1277,1940 1408,1934 1539,1934 1671,1945 1802,1962 1934,1970 2065,1975 2196,1990 2328,1994 2459,2001 2591,2010 2722,2012 2853,2012 2985,2024 3116,2033 3248,2036 3379,2045 3510,2054 3642,2065 3773,2077 3905,2095"/>
               <TextEquiv>
                  <Unicode>entfernt von Dir zu hausen. [vertical space]</Unicode>
               </TextEquiv>
            </TextLine>
            <TextLine id="tr_3_tl_9" custom="readingOrder {index:6;}">
               <Coords points="1192,2392 2576,2509 2804,2679 3257,2554 4157,2616 4140,2442 4041,2410 3311,2428 3163,2343 2782,2419 2634,2316 2513,2388 1841,2325 1357,2115 1174,2173"/>
               <Baseline points="1212,2358 1359,2358 1507,2368 1654,2387 1802,2401 1949,2416 2097,2435 2244,2451 2392,2461 2539,2466 2687,2481 2834,2496 2982,2505 3129,2519 3277,2532 3424,2543 3572,2551 3719,2561 3867,2571 4014,2587 4162,2603"/>
               <TextEquiv>
                  <Unicode>Schreibt mir doch, kurz aber sehr bald,</Unicode>
               </TextEquiv>
            </TextLine>
            <TextLine id="tr_3_tl_10" custom="readingOrder {index:7;}">
               <Coords points="1223,2621 1716,2710 1931,2648 2339,2840 2495,2706 3476,2778 3754,2921 3978,2854 3969,2706 3468,2701 3239,2572 2804,2684 2563,2509 1913,2549 1465,2419 1210,2477"/>
               <Baseline points="1242,2579 1379,2585 1516,2598 1653,2609 1790,2622 1927,2631 2064,2647 2201,2666 2338,2673 2475,2696 2612,2707 2749,2720 2886,2728 3023,2733 3160,2734 3297,2740 3434,2746 3571,2746 3708,2752 3845,2758 3982,2752"/>
               <TextEquiv>
                  <Unicode>den[n] Samstag fahre ich hier weg –</Unicode>
               </TextEquiv>
            </TextLine>
            <TextLine id="tr_3_tl_11" custom="readingOrder {index:8;}">
               <Coords points="1174,2872 4036,3033 4028,2885 3790,2934 3606,2818 3194,2903 2554,2769 2289,2863 1801,2692 1160,2710"/>
               <Baseline points="1194,2824 1336,2818 1479,2822 1622,2851 1764,2862 1907,2872 2050,2881 2192,2892 2335,2911 2478,2924 2621,2942 2763,2940 2906,2949 3049,2953 3191,2961 3334,2966 3477,2964 3619,2973 3762,2977 3905,2993 4048,3009"/>
               <TextEquiv>
                  <Unicode>ob Du demnächst nach Berlin</Unicode>
               </TextEquiv>
            </TextLine>
            <TextLine id="tr_3_tl_12" custom="readingOrder {index:9;}">
               <Coords points="1192,3118 1985,3091 2661,3261 3006,3163 3476,3190 3718,3329 3884,3203 4122,3252 4117,3140 3602,3020 2827,3087 2244,2939 1174,2908"/>
               <Baseline points="1206,2991 1352,3017 1498,3042 1644,3062 1791,3078 1937,3088 2083,3103 2230,3114 2376,3129 2522,3147 2669,3156 2815,3152 2961,3162 3107,3165 3254,3175 3400,3182 3546,3183 3693,3188 3839,3202 3985,3218 4132,3230"/>
               <TextEquiv>
                  <Unicode>reisen willst, das wüsste ich gern. [vertical space]</Unicode>
               </TextEquiv>
            </TextLine>
            <TextLine id="tr_3_tl_13" custom="readingOrder {index:10;}">
               <Coords points="1120,3687 1720,3656 2536,3799 4166,3880 4153,3705 3064,3548 2854,3651 2339,3535 1913,3611 1317,3463 1111,3557"/>
               <Baseline points="1140,3600 1291,3618 1442,3634 1594,3643 1745,3659 1897,3669 2048,3679 2199,3694 2351,3708 2502,3721 2654,3737 2805,3750 2956,3758 3108,3762 3259,3775 3411,3789 3562,3803 3713,3813 3865,3824 4016,3834 4168,3851"/>
               <TextEquiv>
                  <Unicode>Wen[n] es mit Krach u. Pleite so weiter</Unicode>
               </TextEquiv>
            </TextLine>
            <TextLine id="tr_3_tl_14" custom="readingOrder {index:11;}">
               <Coords points="1147,3992 1501,3920 1680,4005 1949,3898 4144,4095 4131,3965 3732,3830 3584,3924 2867,3790 2567,3898 2397,3790 1604,3790 1308,3674 1129,3759"/>
               <Baseline points="1164,3845 1313,3861 1462,3865 1611,3875 1761,3879 1910,3889 2059,3899 2209,3915 2358,3919 2507,3929 2657,3943 2806,3961 2955,3971 3104,3988 3254,4002 3403,4018 3552,4032 3702,4056 3851,4066 4000,4082 4150,4084"/>
               <TextEquiv>
                  <Unicode>geht, ziehen wir alle in die Schweiz</Unicode>
               </TextEquiv>
            </TextLine>
            <TextLine id="tr_3_tl_15" custom="readingOrder {index:12;}">
               <Coords points="1124,4243 1805,4131 2388,4287 2975,4198 3924,4337 3916,4238 3732,4162 3100,4086 2809,4144 2289,3969 2209,4036 1676,4059 1452,3965 1111,4036"/>
               <Baseline points="1140,4090 1279,4105 1418,4126 1558,4126 1697,4126 1837,4126 1976,4130 2116,4143 2255,4147 2395,4150 2534,4159 2673,4163 2813,4178 2952,4192 3092,4202 3231,4211 3371,4220 3510,4245 3650,4257 3789,4276 3929,4287"/>
               <TextEquiv>
                  <Unicode>– z. B. nach Lugano wo es warm</Unicode>
               </TextEquiv>
            </TextLine>
            <TextLine id="tr_3_tl_16" custom="readingOrder {index:13;}">
               <Coords points="1133,4359 1398,4476 1676,4390 1922,4511 2092,4390 2356,4502 2899,4444 4001,4596 3987,4426 3826,4453 3557,4278 2979,4350 2679,4247 2451,4368 2285,4247 1913,4198 1124,4247"/>
               <Baseline points="1152,4317 1294,4321 1437,4331 1580,4341 1722,4349 1865,4359 2008,4368 2150,4378 2293,4383 2436,4395 2579,4406 2721,4424 2864,4437 3007,4446 3149,4456 3292,4460 3435,4484 3577,4497 3720,4512 3863,4520 4006,4514"/>
               <TextEquiv>
                  <Unicode>u. prächtig ist [Schwarzenbach hat mit Freude einen Artikel über Lugano für 'Was nicht im Baedeker steht' geschrieben, vgl. letter...], oder – wie Hanna</Unicode>
               </TextEquiv>
            </TextLine>
            <TextLine id="tr_3_tl_17" custom="readingOrder {index:14;}">
               <Coords points="1120,4677 1281,4565 1940,4753 2280,4637 2643,4807 2804,4677 4032,4771 4023,4623 3750,4579 3575,4561 3436,4668 3252,4543 2760,4579 2504,4449 1908,4520 1102,4453"/>
               <Baseline points="1134,4544 1279,4560 1424,4569 1570,4574 1715,4595 1861,4598 2006,4602 2151,4617 2297,4627 2442,4637 2588,4639 2733,4644 2878,4660 3024,4676 3169,4685 3315,4701 3460,4717 3605,4723 3751,4742 3896,4752 4042,4753"/>
               <TextEquiv>
                  <Unicode>plant, auf die Lenzerheide. Soll ich</Unicode>
               </TextEquiv>
            </TextLine>
            <TextLine id="tr_3_tl_18" custom="readingOrder {index:15;}">
               <Coords points="1174,4843 1671,4829 1967,5009 2253,4865 3127,4919 3409,5067 3696,4968 4054,5027 4041,4852 3907,4816 3772,4888 3432,4794 3239,4883 2867,4726 2648,4812 2083,4655 1868,4780 1577,4641 1160,4632"/>
               <Baseline points="1194,4796 1337,4804 1480,4813 1623,4822 1767,4824 1910,4824 2053,4836 2197,4843 2340,4852 2483,4862 2627,4866 2770,4878 2913,4891 3056,4911 3200,4918 3343,4926 3486,4938 3630,4957 3773,4962 3916,4970 4060,4992"/>
               <TextEquiv>
                  <Unicode>Dir etwa Geld nebst den geplanten</Unicode>
               </TextEquiv>
            </TextLine>
            <TextLine id="tr_3_tl_19" custom="readingOrder {index:16;}">
               <Coords points="1174,5139 1801,5053 2634,5116 2818,5228 3069,5148 4036,5219 4028,5071 3311,5107 2513,4897 1962,5009 1801,4906 1555,4968 1272,4829 1156,4879"/>
               <Baseline points="1188,5021 1331,5025 1474,5034 1617,5044 1760,5045 1903,5045 2046,5045 2189,5058 2332,5063 2475,5067 2618,5087 2761,5100 2904,5118 3047,5123 3190,5127 3333,5146 3476,5153 3619,5160 3762,5174 3905,5181 4048,5189"/>
               <TextEquiv>
                  <Unicode>Zigaretten mitbringen, das wäre</Unicode>
               </TextEquiv>
            </TextLine>
            <TextLine id="tr_3_tl_20" custom="readingOrder {index:17;}">
               <Coords points="1196,5367 1586,5389 2083,5264 2374,5425 2522,5300 2813,5403 3315,5336 3638,5457 3844,5421 3830,5251 3678,5219 3270,5268 3082,5156 2818,5228 2549,5143 1183,5134"/>
               <Baseline points="1212,5225 1350,5230 1489,5226 1628,5244 1767,5255 1906,5260 2045,5264 2184,5265 2323,5274 2462,5284 2600,5293 2739,5302 2878,5319 3017,5327 3156,5332 3295,5332 3434,5337 3573,5350 3712,5378 3851,5398"/>
               <TextEquiv>
                  <Unicode>jetzt gerade möglich, damit Du</Unicode>
               </TextEquiv>
            </TextLine>
            <TextLine id="tr_3_tl_21"
                      custom="readingOrder {index:18;} textStyle {offset:11;length:2;underlined:true;}">
               <Coords points="1165,5564 2294,5501 2809,5613 2925,5533 4059,5640 4054,5466 3463,5461 3015,5345 2401,5425 2258,5331 2088,5421 1908,5345 1160,5394"/>
               <Baseline points="1188,5481 1332,5481 1476,5487 1620,5492 1764,5493 1909,5505 2053,5503 2197,5503 2341,5504 2485,5505 2630,5512 2774,5521 2918,5525 3062,5535 3206,5538 3351,5548 3495,5558 3639,5561 3783,5565 3927,5586 4072,5595"/>
               <TextEquiv>
                  <Unicode>es weisst. So eindrücklich war Dein</Unicode>
               </TextEquiv>
            </TextLine>
            <TextLine id="tr_3_tl_22" custom="readingOrder {index:19;}">
               <Coords points="1120,5739 1201,5685 1452,5748 1613,5725 1680,5748 1743,5721 1734,5537 1613,5560 1559,5519 1478,5564 1402,5524 1362,5560 1219,5546 1116,5613"/>
               <Baseline points="1140,5666 1170,5668 1201,5671 1231,5673 1262,5675 1293,5677 1323,5679 1354,5682 1385,5684 1415,5686 1446,5688 1477,5690 1507,5692 1538,5694 1569,5696 1599,5696 1630,5696 1661,5696 1691,5695 1722,5695 1753,5694"/>
               <TextEquiv>
                  <Unicode>Artikel! –</Unicode>
               </TextEquiv>
            </TextLine>
            <TextLine id="tr_3_tl_23" custom="readingOrder {index:20;}">
               <Coords points="1133,5936 1980,5891 2213,5999 2849,5932 3024,6061 3252,5958 4180,6026 4175,5864 3624,5793 2446,5864 1886,5730 1496,5802 1129,5734"/>
               <Baseline points="1158,5881 1309,5885 1461,5893 1612,5893 1764,5893 1916,5887 2067,5893 2219,5893 2371,5902 2522,5912 2674,5917 2826,5927 2977,5923 3129,5923 3281,5929 3432,5937 3584,5948 3736,5958 3887,5965 4039,5971 4191,5977"/>
               <TextEquiv>
                  <Unicode>Leider habe ich Dir so ergebnislos viel</Unicode>
               </TextEquiv>
            </TextLine>
            <TextLine id="tr_3_tl_24" custom="readingOrder {index:21;}">
               <Coords points="1165,6187 1384,6084 1519,6142 2003,6102 2271,6232 2643,6133 3020,6164 3212,6299 3373,6182 3548,6178 3544,6075 3275,5999 3149,6088 2822,5954 2652,6066 2442,5999 2271,6061 2007,5918 1702,5999 1568,5927 1456,6035 1151,5967"/>
               <Baseline points="1182,6049 1300,6068 1419,6072 1538,6084 1657,6086 1776,6090 1894,6090 2013,6098 2132,6102 2251,6113 2370,6122 2488,6126 2607,6131 2726,6138 2845,6141 2964,6144 3082,6150 3201,6150 3320,6150 3439,6151 3558,6156"/>
               <TextEquiv>
                  <Unicode>zu berichten, ich Schwätzer –</Unicode>
               </TextEquiv>
            </TextLine>
            <TextLine id="tr_3_tl_25" custom="readingOrder {index:22;}">
               <Coords points="1160,6406 1322,6321 2630,6451 4588,6406 4583,6205 3911,6308 3490,6173 3199,6312 2916,6200 1156,6223"/>
               <Baseline points="1182,6305 1352,6317 1523,6333 1694,6335 1865,6341 2036,6344 2206,6350 2377,6359 2548,6363 2719,6365 2890,6371 3060,6371 3231,6370 3402,6376 3573,6377 3744,6371 3914,6374 4085,6383 4256,6385 4427,6396 4598,6401"/>
               <TextEquiv>
                  <Unicode>Grüsse an Medi u. Bibi – an Theres u. Ricki</Unicode>
               </TextEquiv>
            </TextLine>
            <TextLine id="tr_3_tl_26" custom="readingOrder {index:23;}">
               <Coords points="1201,6590 1819,6518 4162,6595 4162,6487 3593,6411 3320,6496 2692,6424 2361,6500 1994,6362 1196,6411"/>
               <Baseline points="1224,6484 1371,6506 1519,6514 1666,6520 1814,6520 1961,6520 2109,6520 2256,6529 2404,6545 2551,6550 2699,6550 2846,6538 2994,6543 3141,6544 3289,6544 3436,6548 3584,6550 3731,6556 3879,6560 4026,6568 4174,6550"/>
               <TextEquiv>
                  <Unicode>(wohnt Eva noch am Am[m]ersee?)</Unicode>
               </TextEquiv>
            </TextLine>
         </TextRegion>
         <TextRegion id="r" custom="readingOrder {index:1;}">
            <Coords points="123,1746 996,1746 996,6195 123,6195"/>
            <TextLine id="l" custom="readingOrder {index:0;}">
               <Coords points="846,1794 691,6100 721,6101 876,1795"/>
               <Baseline points="846,1794 691,6100"/>
               <TextEquiv>
                  <Unicode>Hast Du daran gedacht, dass ich allerdringlichst</Unicode>
               </TextEquiv>
            </TextLine>
            <TextLine id="l_1" custom="readingOrder {index:1;}">
               <Coords points="629,1892 454,6085 484,6086 659,1893"/>
               <Baseline points="629,1892 454,6085"/>
               <TextEquiv>
                  <Unicode>eines jener Bilder von Dir haben möchte? Bestell</Unicode>
               </TextEquiv>
            </TextLine>
            <TextLine id="l_2" custom="readingOrder {index:2;}">
               <Coords points="469,1877 376,3909 406,3910 499,1878"/>
               <Baseline points="469,1877 376,3909"/>
               <TextEquiv>
                  <Unicode>es bitte gleich per Telefon –</Unicode>
               </TextEquiv>
            </TextLine>
            <TextLine id="l_3" custom="readingOrder {index:3;}">
               <Coords points="258,1820 165,4687 195,4688 288,1821"/>
               <Baseline points="258,1820 165,4687"/>
               <TextEquiv>
                  <Unicode>Sei sehr umarmt u. meiner versichert</Unicode>
               </TextEquiv>
            </TextLine>
            <TextLine id="l_4" custom="readingOrder {index:4;}">
               <Coords points="165,4966 160,5435 190,5435 195,4966"/>
               <Baseline points="165,4966 160,5435"/>
               <TextEquiv>
                  <Unicode>A. –</Unicode>
               </TextEquiv>
            </TextLine>
            <TextEquiv>
               <Unicode/>
            </TextEquiv>
         </TextRegion>
      </Page>
   </PcGts>
</validation-wrapper>
