5240 7290
3481 551 4339 780 Farmanieh
3598 760 4105 956 19. Mai
990 1438 4602 1711 \p\Mein liebster Klaus, ich vergesse leicht, wen[n] ich
1038 1658 4514 1930 viel u. oft an Eri berichte, dass Ihr nicht
1048 1857 4851 2155 mehr zu dritt u. viert die Wochenende verbringt,
1009 2082 4734 2282 weder im Amstel noch auch in der heimischen
999 2218 4919 2486 Passage – u. ich, wen[n] Du mich nicht vergessen
1024 2447 4831 2686 sollst, also hie u. da ein Briefchen an Dich u.
985 2613 4690 2906 den Friedrich aufsetzen muss [den[n] auch er, der
1043 2828 4734 3091 Friedrich, soll mich nicht vergessen, so wünsche
1014 3008 2057 3271 ich's mir ...]\:p\
1029 3218 4738 3568 \p\Die neue "Sam[m]lung" ist eingetroffen. Gefiel Dir
1014 3408 4841 3715 das Narrenstückchen von Gide besser als mir? Ich
1038 3598 4690 3968 fand es so langweilig, – aber auch gleich alle
1068 3798 4875 4197 Personen, die auftraten, sind von abscheulicher
1063 3958 2301 4275 Gleichgültigkeit.\:p\
1077 4154 4573 4514 \p\– Du fährst nun bald nach Zürich – War Süd¬
1082 4378 4977 4748 frankreich schön, erholsam, vertraut u. liebenswert
1097 4558 4782 4880 wie ehedem? Le Lavandou – gehört zu meinen
1082 4685 4768 5026 liebsten Erin[n]erungen – aber, ich bin nun schon
1087 4929 4792 5206 wieder in jenem Zustand beständigen, leicht
1136 5133 5021 5377 erregbaren Heimwehs welches wie eine physische
1112 5280 4807 5572 Krankheit ist, u. Europa sieht so aus, wie
1146 5450 4660 5752 in der kleinen Novelle [vermutlich aus der Falkenkäfig-Sammlung] die Du ken[n]st: Du
1121 5684 4709 5948 warfst mir vor, von Europa leichtfertig nur
1121 5874 4753 6064 den Lido u. den blauen Engadiner Him[m]el,
1077 6016 4553 6338 die Autostrassen u. Ferienaufenthalte u.
1072 6211 4582 6572 die Brun[n]en von Salzburg in erwähnen ...\:p\
859 617 4161 818 Eri wird Dir, in Küsnacht, erzählen dass ich
864 730 4367 1044 vorläufig nicht nach Sils kom[m]e: ich müsste,
844 941 4346 1224 kaum hier eingetroffen, wieder abreisen, was
813 1204 4851 1440 nicht nur den Claude kränken u. ihm u. jederman[n]
849 1353 4784 1610 absurd erscheinen würde, es wäre für mich auch
823 1538 4753 1764 einfach zu viel der Anstrengung – und Eri wird
838 1708 4753 2006 nur bis Mitte Juli in Sils bleiben, damit fällt
849 1924 4599 2243 der einzige Grund weg, der mir den Som[m]er dort
849 2119 4881 2407 fast um jeden Preis wert schien. Die Dinge stehen
900 2351 4624 2623 nämlich so, dass Claude ungefähr im März des
864 2562 4460 2793 nächsten Jahres erst Urlaub haben wird –
823 2711 4959 3045 dan[n] aber um seine Versetzung nach London oder
874 2942 4681 3169 Paris einkom[m]en [Fleischmann transkribiert 'herkommen', das gibt das Schriftbild aber nicht] u. gleich gar nicht mehr
838 3148 4902 3349 nach Persien zurückkehren wird. Ich meinerseits,
849 3333 4444 3565 wie ich den Som[m]er u. Herbst über hier
859 3529 4660 3837 aushalten kan[n], würde dann schon endgültig
874 3745 4871 4038 zurück kom[m]en, den Winter teils in Sils u. teils
885 3966 4768 4233 in Eris Nähe verbringen u. Claude erst wen[n] er
859 4151 4825 4480 Urlaub hat wiedertreffen. Ich denke, das hört
890 4377 4604 4686 sich vernünftig an – zumal ich hier zwar
880 4573 4501 4809 sehr einsam aber in einem friedlichen
864 4809 4671 5118 Garten so ungestört leben kan[n] wie ich mag,
916 4984 4784 5319 u. schon mit Fleiss, wen[n] auch noch nicht so
977 5236 4887 5591 ganz erfolgerich an meinem Buch [Tod in Persien] schreibe –
916 5468 4624 5740 Nicht erfolgreich – das liegt eben an der
931 5679 4614 5982 Krankheit, an der Überempfindlichkeit, die
952 5910 4660 6203 mich beständig quält – der Claude ahnt es
1013 6172 4696 6445 wenigstens nicht, das hat sein Gutes –
998 6399 4429 6661 u. wen[n] er da ist, gibt es sich auch – –
922 723 4562 1069 Ob Du, lieber Klaus, Dich wohl entschliessen
911 1049 4399 1283 magst, herzukom[m]en? Nicht während der
881 1166 4714 1502 drei heissen Monate, aber gleich nachher, u. wenn
886 1380 4735 1736 das Schicksal der "Sam[m]lung" sich entscheiden
911 1619 4613 1904 hat – Ich glaube, das dass du den Claude
901 1874 4791 2123 mögen würdest, wie er Dich – u. da wir keine
896 2077 4893 2357 wilde Afghanistan-Fahrt machen, wäre nur der
855 2250 4837 2571 Ärger dass Du allein bis Baghdad oder Baku
860 2459 4944 2795 kom[m]en müsstest – bis wohin ich Dir entgegen¬
871 2714 4490 2994 eilen würde. Aber darüber später u. mehr –
881 2912 4821 3218 Siehst Du, jetzt erst realisiere ich es ganz, wie
916 3101 4664 3416 selten u. fast unmögliches es ist, mit einem
957 3304 4852 3630 "neuen" Menschen so zu leben, wie ich es mit
978 3523 4944 3900 Dir ohne jeden Zweifel u. ohne Schwierigkeit u.
927 3747 4877 4083 wie gern vermöchte [bei Fleischmann 'vermochte' - Präsens hier entscheidend, da noch Hoffnung]. Ich sehe aber, dass Claude
957 3951 4939 4251 davon nichts ahnt u. ich ihn also auch nicht
957 4165 4837 4389 leiden mache – ich bin froh darüber, nur
967 4394 4781 4577 muss ich mich manchmal wundern dass er
932 4552 4867 4852 nicht darauf verfällt, dass ich vielleicht, weit
957 4765 4786 5045 von Erika entfernt, nicht eben sehr glücklich
942 4974 5005 5259 sein könnte? Er hat die Gabe, alles mit Gleichmut
947 5152 5040 5488 so hinzunehmen, wie es sich ergibt – d.h., er lebt
932 5269 4862 5651 ganz u. gar in der Wirklichkeit u. quält sich
896 5555 4776 5896 deshalb wenig um das Vorher oder Weitentfernte –
911 5753 4740 6048 überhaupt: während wir so zusammen in den Tag
932 5952 4730 6222 hinein leben, ganz allein u. ohne Nachbarn,
922 6094 4786 6456 frühstücken u. spazieren gehen u. uns ein wenig
896 6318 4602 6695 um das "Hauswesen" küm[m]ern u. lange Abend¬
927 6568 4414 6899 gespräche führen – so, ganz an seiner
996 476 4447 803 liebenswerte Gegenwart gewöhnt, gibt er mir
1021 679 4581 1056 plötzlich, nicht recht fassbar, Rätsel auf
1011 942 4452 1165 die es zwischen uns, Dir u. mir etwa, nie
1031 1086 4457 1358 gegeben hat: als empfinde, merke, ken[n]e
1066 1348 4288 1562 er gewisse Dinge nicht, Dinge die mein
1066 1487 4561 1750 Gefühl vor allem betreffen – u. so kom[m]t es,
1081 1710 4601 1988 dass ich schon, auf zu früh, irgendetwas
1101 1928 4382 2171 aufgebe u. verschleisse, weil ich es für
1110 2077 4834 2350 aussichtslos halte ... Ich sollte es vielleicht nicht
1096 2325 4819 2513 niederschreiben, es nim[m]t, auf dem Papier, gleich
1086 2494 4853 2732 zu viel Raum ein – aber Du weisst, wieviel es
1061 2682 4834 2935 zur Klarheit verhilft, etwas dem man in Gedanken
1096 2846 3852 3108 nicht beikom[m]t, in Worte in fassen –
1091 3054 4888 3282 \p\Ich habe jetzt oft den Eindruck dass, in irgendeinem
1046 3232 4928 3515 Kontakt (einer liebenden Abhängigkeit in meinem
1071 3445 4888 3664 Fall) mit E.- zu leben, uns in besonderer Weise
1061 3594 5032 3882 formt, ähnlich wie gewisse Erziehungen, Kadetten-
1071 3817 4997 4120 oder Jesuitenschulen, besondere Prägungen für das
1066 3986 5047 4333 ganze Leben zurücklassen – Mir erscheinen, beispielsweise,
1066 4159 4739 4477 fast alle üblichen Beziehungen zwischen den
1061 4348 4784 4720 Leuten, auch hier wieder, so durchaus ober¬
1051 4581 4883 4948 flächlich u. ungenügend, dass ich nicht begreifen
1036 4843 4784 5166 kan[n] von was die Leute leben mögen. Und ihre
1016 5047 4511 5359 Einstellungen u. Urteile gegenüber allgemein
1056 5305 4948 5592 moralischen, ethischen Erscheinungen kom[m]en mir,
1046 5433 4789 5771 wen[n] nicht immer falsch, so doch kühl u.
1016 5666 5007 6028 ohne Konsequenz vor, sowohl auf dem politischen
987 5800 4913 6217 Felde, wie gegenüber einzelnen Leuten, von denen
977 6098 4804 6440 man etwa Abscheulichkeiten weiss ohne darüber
991 6286 4358 6658 irgendwelche ernstere Entrüstung zu zeigen.\:p\
972 6494 4759 6831 Endlich: die Beziehung zum Beruf, zur Arbeit –
977 6638 4729 7035 der Arbeiter kan[n] den Griff den er 8 Stunden
977 6856 4368 7178 lang an seiner Maschein tut, kaum
913 687 4606 969 indifferenter gegenüber stehen als die anspruchs¬
944 908 4565 1144 vollsten Leute ihren Tätigkeiten, die sie nach
892 1082 4600 1328 Annehmlichkeit, Einträglichkeit, u. im Falle
954 1344 4842 1595 Ehrgeiziger, etwa noch nach Aufstiegsmöglichkeit
918 1533 4888 1851 bewerten u. sonst nach gar nichts ... Mein Freund
913 1708 4806 2016 Claude ist hierbei nicht gemeint – (es ist hübsch,
923 1964 4913 2246 dass er zuweilen Berichte über die gleichen Themata
872 2103 4960 2472 schreibt wie ich einen Artikel) – wohl aber gilt für
882 2323 4821 2611 ihn die Indifferenz, die umso erstaunlicher ist,
810 2534 4811 2770 als er sie mit einem grossen Interesse u. einem
836 2728 3703 3021 klugen u. gerechten Urteil verbindet.
836 2903 4488 3200 \p\Dass ich aber, selbst wen[n] das Leben geregelt,
857 3108 4457 3385 die Umstände angenehm, u. alles in bestem
800 3293 4775 3570 Ablauf sich befindet – dass ich dan[n] erst an das
857 3477 4683 3770 Eigentlich denke – das ist Erikas Schule. Es
908 3682 4744 3980 ist schwer, richtig darzustellen, ich weiss nicht
877 3836 4785 4139 ob Du daraus klug wirst was ich meine u. wie
898 4057 4954 4380 im[m]ens wichtig es ist: etwa, dass ein anregender
872 4231 4908 4667 u. netter Bekanntenkreis (den es hier sogar gibt!)
831 4472 4954 4857 in keiner Weise die Isolierung vermindert, solange
913 4662 4785 4960 ich von Euch getren[n]t bin – dass ich keinerlei
867 4883 4949 5272 "Beschäftigungen" suche, weil nur die Tätigkeit des
939 5093 4960 5529 Schreibens zählt u. ich mich, auch indirekt, nur
898 5288 2744 5529 darum allein bemühe –\:p\ [vertical space]
831 5611 4221 5996 Du wirst finden, Kläuschen, dass ich lauter
821 5842 4144 6170 Selbstverständlichkeiten wie kostbar schwer
836 6165 4211 6442 errungene Wahrheiten behandle – aber, was
872 6283 4031 6601 man theoretisch längst weiss, bekommt
815 6503 4026 6831 aus der Nähe besehen u. erlebt, wirklich
841 6734 4047 7098 einen neuen u. gewichtigren Gehalt.
746 539 4340 909 Und wie ich mich hier mit allem abquäle, wie
727 801 3989 1097 schwerfällig ein Schweizer sich gleich im
756 1033 4419 1330 Dschungel verirrt u. zum grässlichsten Grübler
791 1226 4424 1596 wird – wie ich mich um einen Standpunkt
781 1428 4340 1725 bemühe, u. wie aussichtslos — u. wie man, mit
781 1676 4567 2007 allem Mut, allem Vorsatz, nicht an sich, sondern
761 1898 4344 2175 an Claude, nicht an das kleine Jetzt sondern
801 2106 4567 2422 das lange Morgen, nicht an das persönliche
786 2293 4750 2659 Wohlsein sondern an das gemeinsame Erstrebenswerte
801 2521 4419 2802 zu denken – wie man trotz allem es nicht
751 2773 4572 3109 fertig bringt, sich nicht unglücklich zu fühlen –
791 3059 3504 3311 das spricht gegen mich, Klaus... [vertical space]
825 4389 4349 4740 \p\Gute Nacht, ich mute Dir einfach zu, ein
855 4562 4428 4933 Selbstgespräch in übermüdeter nächtlicher
885 4863 4597 5195 Stunde zu lesen – Du musst hierin (wie auch
860 5036 4735 5481 Eri) Geduld haben, es ist einer der Auswege
870 5288 1918 5541 aus Persien —\:p\
835 5506 4730 5921 \p\Claude schläft schon, ich sollte es auch tun ...
870 5704 4463 6134 Gehst Du mit nach Sils? Ich hoffe es sehr –
885 5946 2901 6326 u. dass es Euch gefällt.\:p\
1789 6297 4003 6707 Sei sehr gegrüsst, liebsvollst –
3450 6653 3929 6895 Miro -
143 6860 2956 7112 P.S. Wie aber steht es mit meinen Manuskripten? [gemeint sind wohl die Novellen der Sammlung Falkenkäfig]
331 7008 1611 7181 Hast Du sie gefunden? –
