2391 3049
871 394 1568 540 KULM HOTELS
1380 491 1937 603 ST.GORITZ
1791 570 2082 683 ENGADIN
1369 676 1822 840 3 Oct. 29
380 894 2047 1101 Chère Jaqueline – un bon hasard
413 1052 2127 1263 m’a envoyé encore à l’Enga¬
345 1185 1934 1385 dine: Namen a envoyé eu
347 1301 2099 1465 l'idée de le montrer à Grand¬
333 1425 2085 1596 maman, Tante Isi d’ Erlach,
350 1575 2042 1718 et à mes deux cousines (les
359 1686 2108 1885 soeurs de Felicitas) - et elle
352 1838 2240 1953 m' a demandé de les accom¬
357 1927 2150 2146 pagner parceque j’ai toutes
362 2092 2049 2265 les qualités de guide pour
373 2202 2103 2416 ce petit pays que j’aime
373 2366 2068 2531 comme on aime une belle
362 2472 2139 2669 femme. Je suis sûre de vous
470 2601 2028 2789 avoir raconté de Fetan
363 155 2198 372 aussi bien que de St. Moritz –
331 347 1101 510 n'est-ce pas !
322 452 2127 649 Pour le moment je suis dans
352 587 1853 722 mon lit dans un chalet
359 713 2164 900 absolument charmant, apparte¬
313 836 2127 1012 ment à des gens charmants.
343 1003 2068 1149 Le soleil tombe sur moi, exacte¬
361 1115 2011 1316 ment comme à Fetan le
304 1254 2141 1430 dimanche matin, ou, comme
363 1378 2164 1533 au Suvrettahouse pendant que
379 1497 2175 1679 je regardais patiner Mme Franssen.
354 1643 1990 1842 C’est fou, ce soleil : voilà le
352 1780 2166 1940 moi d’octobre, et il a encore
356 1929 2072 2088 cette force splendide qui vous
347 2059 1974 2237 rappelle l’Italie – qui – en
304 2194 1540 2386 effet – n’est pas loin.
354 2333 2098 2539 [p] Nous rentrons aujourd'hui. Mais je
347 2502 2116 2651 n’aurai pas le cafard, parceque
370 2614 1935 2788 le pays, on le retrouve,
334 2728 2166 2923 toujours. Et moi j'y retourne
327 205 1461 426 presque fatalement.
311 502 1834 719 [space] J’ai eu votre lettre il y a
316 663 2221 894 quelques jours. Merci chère Jacqueline –
313 834 2062 1032 vous pouvez être sûre que je
316 949 1804 1143 vous ecrirais toujours très
316 1106 1986 1283 franchement et très simple,
364 1260 1933 1470 parceque c’est ainsi que je
357 1401 2124 1610 vous connais. Je pense que
385 1530 2207 1744 vous êtes à Rouen – et je vous
387 1693 2013 1898 prie de dire bien des choses
369 1848 2113 2027 à vos parents – (est-ce qu’on dit
376 2000 2009 2207 ainsi?) – vous êtes donc
376 2110 1924 2327 maintenant la bonne et
346 2295 2170 2513 aimable Mlle Nougarède – querelle
366 2451 2221 2649 envers tout le monde – Avez-vous
2562 217 4050 431 des amis entre "tout le
2534 403 3011 534 monde?
2550 590 4262 792 [space] Il faut que je me lève. Je vous
2564 751 4276 928 dis encore que Tania est partir
2594 862 4347 1074 pour Paris – j'espère tant qu’elle
2573 1009 4237 1191 va bien – et que Jutta a
2566 1156 4253 1306 eu la charmante idée de me
2610 1279 4294 1495 prendre avec en Espagne, ce
2578 1428 4156 1636 que je ne peux pas faire
2525 1596 4273 1744 car l’Université commence le
2532 1712 2771 1880 15 –
2504 1859 3840 2055 Et enfin les négatifs.
2677 2110 4036 2343 Ecrivez bientôt . J’espère
2686 2276 4055 2504 qui vous êtes contente
3419 2663 4091 2817 Annemarie.
