5195 7299
744 438 1737 627 Studentenschaft
540 601 1895 835 der Universität Zürich
3250 525 3846 739 Zürich, den
3224 728 4274 1080 Ostersonntag
947 1492 4814 1849 E.-Liebling, das Telefon von gestern war, des
927 1742 4895 2043 Mittagessens wegen, natürlich viel zu kurz u.
968 2002 4783 2282 ich habe Dir nichts von dem gesagt was
968 2165 4758 2470 wir in Sargans hätten besprechen sollen.
947 2374 5048 2664 Ich wäre auch lieber morgen dorthin gefahren
993 2588 5017 2847 u. hätte Dich gesehen, wenn nicht der Bruder
953 2791 4793 3097 Hansi endlich vom Stalldienst [Militärdienst?] befreit nach
932 3041 4961 3265 Hause kom[m]en könnte. Lili ist inzwischem nach
963 3255 4941 3596 Frankreich weitergefahren. In Berlin hat sie
953 3469 4987 3795 aber alles gut vorbereitet u. ihrem Partner
953 3683 5048 4019 u. Nachfolger Dr. Kühle geschildert wie begabt
963 3887 4768 4207 wir alle schreiben können. Sie sagt dass er
937 4090 4768 4467 geschäftstüchtig, nur geschäftlich orientiert,
907 4299 4992 4691 aber zuverlässig u. eifrig sei, u. dass wir uns
917 4574 4992 4926 Sicher zu unserem Vorteil mit ihm einigen
942 4758 4992 5038 könnten. Dass er, wen[n] wir ihm alles schicken,
963 5028 4931 5354 planmässig Propaganda machen u. mehr
983 5236 4824 5573 Zeitungen erreichen kan[n] als wir, erscheint
1049 5460 5053 5878 mir auch einleuchtend [vermutlich geht es um die publizistische Planung der gemeinsamen Persienreise]. Natürlich müssten
963 5725 4875 5995 wir alles mit ihm selbst noch bereden, u.
998 5950 4778 6225 ich will ihn in Berlin gleich aufsuchen.
988 6179 4997 6515 Dan[n] schreibe ich Dir genau, u. Du berichtest
1065 6357 4778 6642 ob Du damit einverstanden bist oder
998 6596 4518 6943 ob Du meinst wir sollten lieber auf
1039 6795 4788 7096 freiem Fusse leben. Wen[n] Du Dich aber zu
965 1037 4767 1457 einem Vertrag entschliessen würdest, wäre
929 1334 4782 1647 es, Deiner überlegenen Erfahrung wegen,
949 1565 4972 1801 besser, zu würdest selbst mit Kühle einmal
908 1775 4890 2109 konferieren. Glaubst Du dass es möglich ist?
918 2011 4916 2345 Was das Geld anbelangt, so werde ich ohne
898 2242 5023 2540 Mühe am 20. April 1500 frs. bekom[m]en können,
913 2519 4757 2781 u. im Laufe der nächsten 6 Wochen noch
852 2684 4880 3017 einmal die gleiche Sum[m]e. Wie aber steht es
893 2868 4557 3212 mit Ricki u. dem Ford? sind wie mit
893 3151 2063 3397 dem Datum?
908 3325 4623 3715 \p\Der Victory hat in Berlin neue Kolben
877 3556 4839 3838 bekom[m]en, ich freue mich sehr, ihn wieder¬
893 3715 4618 4110 zusehen! Sonst lockt mich Berlin nicht
908 3977 4746 4269 sehr, aber hier weiss ich noch weniger,
965 4228 4926 4521 was anzufangen u. komme mir, genau wie ich
898 4367 4947 4767 es Dir geschrieben u. erzählt habe, recht dum[m]
934 4644 4628 4982 u. energielos vor. Meine Mama hat ganz
867 4849 4798 5244 einfach zuviel Initiative u. Energie für sich
944 5111 4957 5603 gepachtet, u. man fühlt sich überhaupt
1047 5342 4716 5737 nicht veranlasst, selbst noch etwas
944 5629 3022 6004 davon aufzubringen.\:p\
918 5942 4418 6224 Ich habe sehr hübsche u. orientierende
975 6183 4459 6491 Bücher über Bulgarien, Jugoslawien
990 6342 4485 6645 u. Griechenland bekom[m]en. Aber alles
965 6604 4567 6989 ist ganz öde schulmeisterlich gemacht,
1068 1073 4486 1487 nur die Photographien von im Buch
1083 1346 4686 1726 von Josef Ponten über Griechenland
1053 1634 4598 1892 sind schön u. nachahmenswert. Ist
1019 1868 4735 2199 Dein Hundebild schon reproduziert? Hast
1068 2092 4662 2443 Du, von der Lenzerheide, von Hanna
1073 2311 4535 2648 u. Dir, ein paar Bilder für mich?
1078 2560 4198 2872 Sonst lass sie doch bitte kopieren.
1058 2809 4574 3126 \p\Ich glaube dass wir uns auf jeden
1112 3009 4511 3330 Fall in 3 Wochen sehen werden, ich
1097 3228 3613 3589 bei darüber ungemein froh.\:p\
1068 3482 4925 3779 \p\Ich habe heute Klaus einen Artikel über den
1058 3711 4979 4052 Cocteau-Film [smallform_0033] geschickt – die neue Züricher wird
1053 3945 4915 4194 ihn zwar drucken, aber ein Käufer ist
1107 4135 3355 4501 damit nicht gefunden [ev. sucht AS einen Vertreiber des Filmes in der Schweiz].–\:p\
1136 4359 4642 4788 Adieu liebste Erika, grüsse Hanna sehr,
1156 4652 4647 4940 vielleicht telefonieren wir heute oder
1200 4881 4545 5159 morgen noch einmal. Viel Zärtlich¬
1141 5003 3565 5432 keit inzwischen von Deiner
3545 5169 3916 5520 A. –
