3636 4515
245 278 1217 462 ROMAS VIESNICA
545 419 913 534 RESTORANS
426 516 1043 621 OTTO SCHWARZ
462 718 993 827 TEL. ADR.: ROMASVIESNICA
617 787 848 856 TEL. CENTR.
617 830 852 960 RIGA 3525
2365 267 3332 458 HÔTEL DE ROME
2657 426 3043 542 RESTAURANT
2545 491 3162 621 OTTO SCHWARZ
2570 715 3137 834 TEL. ADR.: ROMEHOTEL RIGA
2754 787 2960 848 TEL. CENT.
2747 830 2978 957 RIGA 3525
2231 1097 2902 1242 RIGA, 20. Mai
906 1206 3188 1455 \p\Liebste Suz, – ich bekam hier einen Brief von Claude, – sein
668 1386 3253 1588 neuer Minister ist – wirklich – – eingetroffen, Claude traut sich aber
657 1505 3188 1722 bis Anfang Juni nicht, von seinem wohlverdienten Urlaub zu spre¬
664 1632 3231 1845 chen, wird also wohl erst am 20. oder später in Europa eintreffen.
657 1801 3231 1971 Jch bin fast froh, – weil es auf zehn Tage auch nicht ankommt, wäh¬
657 1902 3184 2069 rend es inbezug auf Besuch bei Euch, und für meine beiden Ameri¬
329 2054 3184 2213 kaner, ganz katastophal geworden wäre, wenn ich keine Zeit gehabt hätte,
321 2188 3144 2343 in Schweden etwas zu bleiben. Die Amerikaner haben mir nämlich telegra¬
325 2332 3235 2502 phiert, dass sie am 10. in Götaborg einlaufen, und mich in Stockholm zu tre¬
318 2444 3184 2624 fen gedenken. Und in einem Brief von Barbara schreibt sie mir von lauter
325 2624 3220 2783 entsetzlich seriösen Plänen und Aufträgen in Schweden ... und flucht schon
321 2700 3105 2884 im Voraus, falls \g\ich\:g\ meine Zeit und Kräfte sollte im Baltikum veraus¬
314 2863 3177 3043 gabt haben! Also höre – Du \g\musst\:g\ mir da ein wenig helfen, – beide, Michel
310 2971 3000 3159 und Barbara, sind ja reizende Menschen – und auch völlig anspruchslos –
292 3123 3105 3260 wirst Du sie denn kurze Zeit (eine Woche längstens) beherbergen können?\:p\
1523 3238 3083 3401 \p\Jch bearbeite inzwischen mein Baltikum
289 3318 3087 3491 fleissig wie ein Pferd – gestern habe ich noch in Kaunas, Litauen, ein be-
289 3480 3177 3697 merkenswertes Gespräch mit dem Grafen Keyserling gehabt (bemerkenswert v.
285 3585 3025 3780 \g\seiner\:g\ Seite!) – und heute habe ich schon irgendwo auf dem Rigaer
285 3700 3119 3920 Land stundenlang lettische Bauern und Schulkinder geknipst – und übermor¬
292 3848 3036 4108 gen reise ich an den Peipus-See. Eigentlich ist es ja viel zu schnell
318 4054 1260 4256 – aber auch „lehrreich“!\:p\
1217 4087 3004 4368 Tschau – und gell, Du berichtest nach Talinn, wie ich
428 396 3340 537 Dich in Helsinki erreichen kann? – Wahrscheinlich schicke ich von hier aus
483 559 3347 722 einen Koffer nach Stockholm, es ist so heiss, dass ich doch nichts ausser
443 675 1819 839 ein paar alten Hemden tragen kann –
588 780 2933 947 Dieser Brief (siehe vorige Seite) ist im Halbschlaf getippt –
1485 944 2479 1114 Grüüs[add in lin: s]e den lieben Torgny –
1768 1347 2004 1543 Deine
2024 1524 2154 1557 A
