<?xml version="1.0" encoding="UTF-8"?>
<validation-wrapper>
   <PcGts xmlns="http://schema.primaresearch.org/PAGE/gts/pagecontent/2013-07-15">
      <Metadata>
         <Creator>prov=READ-COOP:name=TrHtr:version=2.30.2:model_id=265149:date=26_08_2025_08:52</Creator>
         <Created>2025-08-26T08:44:12.835+02:00</Created>
         <LastChange>2025-08-27T09:52:56.766+02:00</LastChange>
         <TranskribusMetadata docId="10285659"
                              pageId="102125677"
                              pageNr="1"
                              status="IN_PROGRESS"
                              userId="194245"
                              imgUrl="https://files.transkribus.eu/Get?id=CJZDVYWKRFCQHXTNUBIQVDHP&amp;fileType=view"
                              imageId="85653631"/>
      </Metadata>
      <Page imageFilename="letter_0289_001.jpg"
            imageWidth="5330"
            imageHeight="6739">
         <TextRegion orientation="0.0" id="tr_1" custom="readingOrder {index:0;}">
            <Coords points="1104,1104 1104,6682 5151,6682 5151,1104"/>
            <TextLine id="tr_1_tl_1" custom="readingOrder {index:0;}">
               <Coords points="1347,1317 1868,1372 2163,1262 3205,1517 3460,1437 3430,1167 3180,1187 3070,1267 2689,1157 2263,1197 1637,1077 1522,991 1317,1017"/>
               <Baseline points="1360,1187 1465,1182 1570,1189 1676,1199 1781,1209 1886,1221 1992,1229 2097,1236 2202,1243 2308,1254 2413,1268 2518,1277 2624,1290 2729,1298 2834,1312 2940,1327 3045,1345 3150,1354 3256,1369 3361,1386 3467,1396"/>
               <TextEquiv>
                  <Unicode>Schiethalde, am 23. Sturmtag –</Unicode>
               </TextEquiv>
            </TextLine>
            <TextLine id="tr_1_tl_2" custom="readingOrder {index:1;}">
               <Coords points="1257,1713 2539,1798 2904,1933 3425,1893 3781,2033 4076,1963 4852,2138 4832,1943 4492,1883 4056,1923 3070,1667 2328,1718 1833,1502 1242,1532"/>
               <Baseline points="1277,1665 1456,1689 1635,1713 1814,1725 1993,1748 2172,1766 2351,1778 2530,1796 2709,1808 2888,1820 3067,1844 3246,1862 3425,1886 3604,1904 3783,1922 3962,1951 4141,1963 4320,1987 4499,2005 4678,2041 4858,2071"/>
               <TextEquiv>
                  <Unicode>liebes Kläuschen, nun hör ich es schon durch ein</Unicode>
               </TextEquiv>
            </TextLine>
            <TextLine id="tr_1_tl_3" custom="readingOrder {index:2;}">
               <Coords points="1282,1913 4772,2213 4757,2063 4156,1978 4026,2068 3500,1908 3260,1993 2539,1798 1257,1713"/>
               <Baseline points="1301,1826 1475,1844 1649,1867 1823,1879 1998,1901 2172,1914 2346,1929 2521,1947 2695,1966 2869,1987 3044,2005 3218,2022 3392,2039 3566,2061 3741,2080 3915,2097 4089,2114 4264,2131 4438,2149 4612,2184 4787,2220"/>
               <TextEquiv>
                  <Unicode>zweites Telegram[m] seit gestern, dass das Gift schon</Unicode>
               </TextEquiv>
            </TextLine>
            <TextLine id="tr_1_tl_4" custom="readingOrder {index:3;}">
               <Coords points="1272,1993 4306,2394 4702,2359 4692,2238 3881,2113 1953,1988 1397,1843 1262,1928"/>
               <Baseline points="1295,1963 1465,1980 1636,2009 1807,2032 1977,2048 2148,2071 2319,2092 2489,2097 2660,2114 2831,2132 3002,2155 3172,2178 3343,2195 3514,2217 3684,2230 3855,2248 4026,2259 4196,2285 4367,2302 4538,2318 4709,2327"/>
               <TextEquiv>
                  <Unicode>wider u. aufs Neue bis zum Fieber geführt</Unicode>
               </TextEquiv>
            </TextLine>
            <TextLine id="tr_1_tl_5" custom="readingOrder {index:4;}">
               <Coords points="1232,2223 4972,2599 4952,2399 3655,2354 3100,2183 2178,2183 1207,1968"/>
               <Baseline points="1253,2136 1439,2155 1625,2179 1811,2199 1998,2216 2184,2232 2370,2253 2556,2265 2743,2278 2929,2290 3115,2313 3301,2343 3488,2369 3674,2387 3860,2406 4046,2431 4233,2456 4419,2479 4605,2498 4791,2527 4978,2548"/>
               <TextEquiv>
                  <Unicode>hat, das klingt gar nicht gut u. wir sind ziemlich</Unicode>
               </TextEquiv>
            </TextLine>
            <TextLine id="tr_1_tl_6" custom="readingOrder {index:5;}">
               <Coords points="1237,2379 4572,2644 4081,2444 1222,2223"/>
               <Baseline points="1259,2310 1425,2319 1591,2335 1757,2348 1924,2372 2090,2384 2256,2401 2422,2417 2589,2434 2755,2445 2921,2459 3087,2470 3254,2491 3420,2507 3586,2524 3752,2541 3919,2557 4085,2579 4251,2601 4417,2622 4584,2638"/>
               <TextEquiv>
                  <Unicode>besorgt. Hast Du Dich de[n] zu spät erst darum</Unicode>
               </TextEquiv>
            </TextLine>
            <TextLine id="tr_1_tl_7" custom="readingOrder {index:6;}">
               <Coords points="1232,2574 1522,2499 3781,2684 5053,2929 5033,2739 4667,2764 4331,2619 1217,2394"/>
               <Baseline points="1247,2465 1437,2478 1628,2497 1819,2514 2009,2527 2200,2546 2391,2560 2581,2583 2772,2596 2963,2610 3154,2630 3344,2649 3535,2671 3726,2688 3916,2702 4107,2726 4298,2746 4488,2776 4679,2801 4870,2837 5061,2865"/>
               <TextEquiv>
                  <Unicode>geküm[m]ert in Deinem Unverstand, oder war es nicht</Unicode>
               </TextEquiv>
            </TextLine>
            <TextLine id="tr_1_tl_8" custom="readingOrder {index:7;}">
               <Coords points="1227,2714 4907,3020 4892,2859 4001,2719 3545,2784 2369,2584 1217,2579"/>
               <Baseline points="1247,2626 1430,2645 1614,2663 1797,2680 1981,2688 2164,2704 2348,2723 2531,2735 2715,2753 2898,2772 3082,2784 3266,2802 3449,2818 3633,2839 3816,2849 4000,2868 4183,2886 4367,2910 4550,2935 4734,2959 4918,2996"/>
               <TextEquiv>
                  <Unicode>gleich zu merken? Versäume nur ja nichts, es sind</Unicode>
               </TextEquiv>
            </TextLine>
            <TextLine id="tr_1_tl_9" custom="readingOrder {index:8;}">
               <Coords points="1212,2809 5083,3220 5068,3070 4186,2924 1202,2714"/>
               <Baseline points="1235,2799 1427,2807 1620,2819 1813,2829 2006,2845 2199,2862 2391,2887 2584,2900 2777,2921 2970,2938 3163,2945 3355,2962 3548,2988 3741,3002 3934,3021 4127,3034 4319,3055 4512,3081 4705,3106 4898,3143 5091,3193"/>
               <TextEquiv>
                  <Unicode>so widerliche Geschichten — u. ich habe auch gerade</Unicode>
               </TextEquiv>
            </TextLine>
            <TextLine id="tr_1_tl_10" custom="readingOrder {index:9;}">
               <Coords points="1197,3025 5008,3330 4992,3205 4362,3085 1187,2884"/>
               <Baseline points="1217,2960 1406,2972 1596,2985 1786,2996 1976,3002 2166,3015 2355,3034 2545,3049 2735,3067 2925,3103 3115,3116 3304,3125 3494,3142 3684,3148 3874,3163 4064,3180 4253,3198 4443,3229 4633,3256 4823,3287 5013,3324"/>
               <TextEquiv>
                  <Unicode>ein sehr verknaxtes [sic], geschwollenes, unschönes Bein,</Unicode>
               </TextEquiv>
            </TextLine>
            <TextLine id="tr_1_tl_11" custom="readingOrder {index:10;}">
               <Coords points="1152,3205 1282,3130 1773,3275 2444,3215 2794,3340 4852,3475 4837,3295 4622,3265 2384,3170 1998,3025 1783,3120 1142,3055"/>
               <Baseline points="1175,3103 1359,3128 1543,3152 1727,3164 1911,3181 2095,3187 2279,3197 2464,3210 2648,3228 2832,3247 3016,3268 3200,3280 3384,3292 3568,3310 3753,3329 3937,3341 4121,3353 4305,3371 4489,3396 4673,3421 4858,3450"/>
               <TextEquiv>
                  <Unicode>an Knie u. Fuss verletzt, u. wäre lieber gesund. Es</Unicode>
               </TextEquiv>
            </TextLine>
            <TextLine id="tr_1_tl_12" custom="readingOrder {index:11;}">
               <Coords points="1152,3340 5068,3665 5058,3505 4452,3405 1142,3235"/>
               <Baseline points="1175,3276 1370,3302 1565,3320 1760,3333 1955,3342 2151,3353 2346,3360 2541,3374 2736,3389 2931,3409 3127,3425 3322,3438 3517,3468 3712,3477 3907,3497 4103,3505 4298,3526 4493,3552 4688,3579 4883,3610 5079,3635"/>
               <TextEquiv>
                  <Unicode>handelt sich um einen mutigen Skie-Sturz, unter</Unicode>
               </TextEquiv>
            </TextLine>
            <TextLine id="tr_1_tl_13" custom="readingOrder {index:12;}">
               <Coords points="1152,3500 5073,3841 5058,3665 4822,3620 1137,3335"/>
               <Baseline points="1175,3450 1370,3467 1565,3483 1760,3500 1955,3503 2151,3520 2346,3533 2541,3541 2736,3554 2931,3573 3127,3598 3322,3617 3517,3643 3712,3662 3907,3679 4103,3686 4298,3705 4493,3737 4688,3761 4883,3791 5079,3820"/>
               <TextEquiv>
                  <Unicode>der Devise "Ich hab's gewagt." Nun, vielleicht schrieb</Unicode>
               </TextEquiv>
            </TextLine>
            <TextLine id="tr_1_tl_14" custom="readingOrder {index:13;}">
               <Coords points="1172,3665 5083,4011 5073,3886 4046,3826 3836,3706 2964,3726 1157,3500"/>
               <Baseline points="1193,3629 1388,3643 1583,3662 1778,3680 1973,3704 2169,3711 2364,3724 2559,3739 2754,3757 2949,3770 3145,3788 3340,3802 3535,3828 3730,3848 3925,3867 4121,3883 4316,3902 4511,3928 4706,3948 4901,3974 5097,3999"/>
               <TextEquiv>
                  <Unicode>ich es Dir schon von Sils aus, als Maria mich</Unicode>
               </TextEquiv>
            </TextLine>
            <TextLine id="tr_1_tl_15" custom="readingOrder {index:14;}">
               <Coords points="1147,3906 1838,3871 5133,4211 5118,4036 4912,4001 4812,4081 4071,3911 1808,3811 1127,3660"/>
               <Baseline points="1169,3802 1367,3827 1566,3847 1765,3865 1964,3884 2163,3898 2361,3917 2560,3930 2759,3948 2958,3969 3157,3982 3355,3989 3554,4013 3753,4033 3952,4058 4151,4064 4349,4079 4548,4097 4747,4123 4946,4168 5145,4202"/>
               <TextEquiv>
                  <Unicode>gerade verbunden hatte u. meine etwas amere Ge¬</Unicode>
               </TextEquiv>
            </TextLine>
            <TextLine id="tr_1_tl_16" custom="readingOrder {index:15;}">
               <Coords points="1127,4011 4982,4407 4967,4261 4637,4161 3495,4031 2994,4096 1257,3846 1122,3936"/>
               <Baseline points="1152,3981 1343,3995 1535,4013 1726,4034 1918,4049 2110,4068 2301,4080 2493,4088 2684,4113 2876,4136 3068,4159 3259,4175 3451,4188 3642,4207 3834,4220 4026,4238 4217,4250 4409,4266 4600,4294 4792,4323 4984,4345"/>
               <TextEquiv>
                  <Unicode>kränktheit über Maud [siehe Brief über Mauds Präferenz eines Jungen mit Bootsschein etc.] ihren Höhepunkt erreicht</Unicode>
               </TextEquiv>
            </TextLine>
            <TextLine id="tr_1_tl_17" custom="readingOrder {index:16;}">
               <Coords points="1202,4216 5118,4617 5093,4392 1187,4066"/>
               <Baseline points="1223,4172 1418,4185 1613,4204 1808,4229 2003,4236 2199,4254 2394,4273 2589,4288 2784,4314 2979,4334 3175,4365 3370,4393 3565,4411 3760,4423 3955,4449 4151,4466 4346,4482 4541,4495 4736,4527 4931,4567 5127,4590"/>
               <TextEquiv>
                  <Unicode>hatte – Ja, dan[n] fuhr ich also, zum ersten Mal seit</Unicode>
               </TextEquiv>
            </TextLine>
            <TextLine id="tr_1_tl_18" custom="readingOrder {index:17;}">
               <Coords points="1127,4437 4427,4687 5153,4917 5123,4617 3510,4507 2864,4316 2519,4407 1107,4261"/>
               <Baseline points="1146,4345 1346,4366 1546,4387 1746,4403 1947,4411 2147,4430 2347,4451 2547,4472 2748,4499 2948,4525 3148,4540 3348,4570 3549,4599 3749,4614 3949,4627 4149,4646 4350,4670 4550,4703 4750,4732 4950,4775 5151,4828"/>
               <TextEquiv>
                  <Unicode>7 Wochen, zu Tal u. traf Eri u. Theres im Schnellzug.</Unicode>
               </TextEquiv>
            </TextLine>
            <TextLine id="tr_1_tl_19" custom="readingOrder {index:18;}">
               <Coords points="1147,4647 1482,4572 1923,4702 3200,4727 4967,4997 4977,4802 4707,4862 4111,4672 3170,4557 2944,4662 2654,4512 1853,4567 1277,4392 1132,4472"/>
               <Baseline points="1163,4542 1355,4561 1547,4574 1739,4593 1931,4611 2124,4624 2316,4636 2508,4655 2700,4675 2892,4699 3085,4721 3277,4731 3469,4750 3661,4780 3853,4799 4046,4812 4238,4834 4430,4864 4622,4890 4814,4921 5007,4966"/>
               <TextEquiv>
                  <Unicode>Der Sturm weht über den See, ich bewohne eines</Unicode>
               </TextEquiv>
            </TextLine>
            <TextLine id="tr_1_tl_20" custom="readingOrder {index:19;}">
               <Coords points="1132,4722 5053,5143 5038,5002 4336,4882 3796,4942 3120,4772 2739,4842 2464,4692 1122,4642"/>
               <Baseline points="1152,4703 1347,4722 1543,4735 1739,4758 1935,4786 2130,4810 2326,4823 2522,4848 2718,4873 2913,4892 3109,4900 3305,4919 3501,4945 3696,4969 3892,4982 4088,5001 4284,5019 4479,5045 4675,5073 4871,5113 5067,5133"/>
               <TextEquiv>
                  <Unicode>der Stübchen neben Eris Gelass, u. wir wollen Dir</Unicode>
               </TextEquiv>
            </TextLine>
            <TextLine id="tr_1_tl_21" custom="readingOrder {index:20;}">
               <Coords points="1112,4897 2228,5113 2529,5023 2839,5173 3210,5113 3590,5278 5058,5348 5038,5178 4657,5118 1092,4747"/>
               <Baseline points="1134,4870 1330,4888 1527,4893 1723,4910 1920,4929 2117,4960 2313,4986 2510,5014 2707,5046 2903,5070 3100,5079 3297,5092 3493,5107 3690,5134 3887,5150 4083,5163 4280,5189 4477,5214 4673,5246 4870,5277 5067,5312"/>
               <TextEquiv>
                  <Unicode>am Abend telefonieren. Es ist gut u. schön für mich,</Unicode>
               </TextEquiv>
            </TextLine>
            <TextLine id="tr_1_tl_22" custom="readingOrder {index:21;}">
               <Coords points="1102,5143 2173,5163 3090,5393 3731,5338 5043,5553 5018,5318 3590,5273 2979,5098 2534,5158 1077,4887"/>
               <Baseline points="1116,5007 1312,5052 1508,5072 1705,5095 1901,5118 2097,5139 2294,5167 2490,5198 2686,5227 2883,5257 3079,5270 3275,5284 3472,5311 3668,5325 3864,5345 4061,5366 4257,5386 4453,5413 4650,5434 4846,5453 5043,5473"/>
               <TextEquiv>
                  <Unicode>Eri zu sehen. Man muss ja auch nachdenken, weil</Unicode>
               </TextEquiv>
            </TextLine>
            <TextLine id="tr_1_tl_23" custom="readingOrder {index:22;}">
               <Coords points="1152,5343 1412,5248 2454,5518 3004,5448 3220,5563 4892,5689 4867,5498 2879,5388 2684,5263 1577,5113 1132,5163"/>
               <Baseline points="1163,5222 1349,5234 1536,5259 1723,5271 1910,5284 2097,5308 2284,5333 2470,5371 2657,5409 2844,5430 3031,5442 3218,5466 3405,5491 3592,5522 3778,5540 3965,5560 4152,5577 4339,5598 4526,5619 4713,5638 4900,5652"/>
               <TextEquiv>
                  <Unicode>jetzt bald März u. der Termin erreicht ist: dan[n]</Unicode>
               </TextEquiv>
            </TextLine>
            <TextLine id="tr_1_tl_24" custom="readingOrder {index:23;}">
               <Coords points="1147,5498 4952,5939 4942,5819 4261,5643 3926,5714 3145,5518 1132,5363"/>
               <Baseline points="1163,5419 1352,5445 1542,5483 1732,5517 1922,5527 2112,5549 2302,5566 2491,5590 2681,5615 2871,5640 3061,5659 3251,5682 3441,5711 3631,5740 3820,5762 4010,5781 4200,5789 4390,5807 4580,5833 4770,5858 4960,5885"/>
               <TextEquiv>
                  <Unicode>wird das Schweigelöbnis gebrochen, u. wir besprechen</Unicode>
               </TextEquiv>
            </TextLine>
            <TextLine id="tr_1_tl_25" custom="readingOrder {index:24;}">
               <Coords points="1097,5829 1627,5754 1963,5894 2444,5839 4021,6154 4907,6129 4882,5914 2278,5754 1062,5478"/>
               <Baseline points="1104,5652 1294,5672 1484,5709 1675,5743 1865,5772 2056,5787 2246,5798 2436,5818 2627,5843 2817,5869 3008,5900 3198,5917 3388,5939 3579,5966 3769,5985 3960,6004 4150,6010 4340,6012 4531,6037 4721,6069 4912,6094"/>
               <TextEquiv>
                  <Unicode>meine Zukunft. Weisst Du, ich halte es ja doch</Unicode>
               </TextEquiv>
            </TextLine>
            <TextLine id="tr_1_tl_26" custom="readingOrder {index:25;}">
               <Coords points="1182,6069 4972,6415 4952,6209 4722,6114 3245,6109 2439,5854 2058,5939 1157,5859"/>
               <Baseline points="1187,5897 1376,5928 1566,5966 1755,5992 1945,6016 2134,6037 2324,6052 2513,6074 2703,6088 2892,6107 3082,6134 3272,6167 3461,6179 3651,6201 3840,6217 4030,6236 4219,6248 4409,6267 4598,6287 4788,6343 4978,6374"/>
               <TextEquiv>
                  <Unicode>aus Verstand wie Überzeugung für das Richtigste,</Unicode>
               </TextEquiv>
            </TextLine>
            <TextLine id="tr_1_tl_27" custom="readingOrder {index:26;}">
               <Coords points="1232,6390 2243,6279 2904,6455 3095,6385 4992,6600 4972,6455 4782,6410 4076,6430 1197,6059"/>
               <Baseline points="1235,6165 1423,6172 1611,6205 1800,6229 1988,6254 2176,6273 2365,6295 2553,6318 2741,6337 2930,6356 3118,6386 3306,6405 3495,6417 3683,6424 3871,6443 4060,6461 4248,6484 4436,6509 4625,6540 4813,6559 5002,6583"/>
               <TextEquiv>
                  <Unicode>ja fast das Unumgängliche, meinen Claude zu</Unicode>
               </TextEquiv>
            </TextLine>
         </TextRegion>
      </Page>
   </PcGts>
   <PcGts xmlns="http://schema.primaresearch.org/PAGE/gts/pagecontent/2013-07-15">
      <Metadata>
         <Creator>prov=READ-COOP:name=TrHtr:version=2.30.2:model_id=265149:date=26_08_2025_08:52</Creator>
         <Created>2025-08-26T08:44:12.947+02:00</Created>
         <LastChange>2025-08-27T10:48:25.313+02:00</LastChange>
         <TranskribusMetadata docId="10285659"
                              pageId="102125658"
                              pageNr="2"
                              status="IN_PROGRESS"
                              userId="194245"
                              imgUrl="https://files.transkribus.eu/Get?id=VIHTKWJNXBZGWZFAPDEHMWJH&amp;fileType=view"
                              imageId="85653650"/>
      </Metadata>
      <Page imageFilename="letter_0289_002.jpg"
            imageWidth="5330"
            imageHeight="6739">
         <TextRegion orientation="0.0" id="tr_1" custom="readingOrder {index:0;}">
            <Coords points="984,798 984,6601 5216,6601 5216,798"/>
            <TextLine id="tr_1_tl_1"
                      custom="readingOrder {index:0;} textStyle {offset:10;length:7;underlined:true;}">
               <Coords points="973,973 4793,1105 4777,716 3757,905 2652,726 1578,815 968,721"/>
               <Baseline points="1002,883 1191,889 1381,895 1571,901 1761,910 1951,923 2141,935 2330,943 2520,949 2710,949 2900,955 3090,961 3280,963 3470,969 3659,982 3849,984 4039,990 4229,1002 4419,1021 4609,1040 4799,1050"/>
               <TextEquiv>
                  <Unicode>heiraten. Dagegen spräche lediglich sein Beruf, aber er</Unicode>
               </TextEquiv>
            </TextLine>
            <TextLine id="tr_1_tl_2" custom="readingOrder {index:1;}">
               <Coords points="1026,1173 1473,1089 3083,1289 3751,1184 4630,1242 4619,1036 3720,1094 3225,979 2489,1073 1021,963"/>
               <Baseline points="1050,1062 1229,1068 1409,1086 1588,1092 1768,1104 1948,1116 2127,1134 2307,1140 2487,1146 2666,1145 2846,1146 3026,1157 3205,1157 3385,1157 3565,1163 3744,1164 3924,1176 4104,1182 4283,1188 4463,1200 4643,1205"/>
               <TextEquiv>
                  <Unicode>ist so richtig gesin[n]t u. gescheit, dass er ihn wohl,</Unicode>
               </TextEquiv>
            </TextLine>
            <TextLine id="tr_1_tl_3" custom="readingOrder {index:2;}">
               <Coords points="1036,1310 1626,1289 1836,1421 2415,1342 2710,1463 4814,1447 4809,1173 4356,1294 3799,1189 2983,1294 2673,1173 2052,1263 1799,1152 1031,1173"/>
               <Baseline points="1068,1247 1256,1266 1444,1278 1632,1289 1820,1301 2008,1310 2196,1326 2384,1331 2572,1336 2760,1338 2948,1348 3136,1348 3324,1354 3512,1360 3700,1360 3888,1366 4076,1366 4264,1376 4452,1383 4640,1401 4828,1426"/>
               <TextEquiv>
                  <Unicode>wen[n] die Zeiten zum Äussersten gelangten, aufgeben</Unicode>
               </TextEquiv>
            </TextLine>
            <TextLine id="tr_1_tl_4" custom="readingOrder {index:3;}">
               <Coords points="1026,1494 2473,1610 3462,1536 4093,1673 4283,1584 4451,1715 4967,1647 4956,1463 4814,1442 4672,1531 3572,1378 2710,1457 1015,1352"/>
               <Baseline points="1050,1420 1246,1439 1442,1452 1639,1463 1835,1477 2032,1492 2228,1499 2424,1512 2621,1519 2817,1532 3014,1534 3210,1533 3406,1530 3603,1540 3799,1545 3996,1556 4192,1569 4388,1583 4585,1605 4781,1637 4978,1653"/>
               <TextEquiv>
                  <Unicode>würde – oder es wäre dan[n] immer noch die Möglichkeit</Unicode>
               </TextEquiv>
            </TextLine>
            <TextLine id="tr_1_tl_5" custom="readingOrder {index:4;}">
               <Coords points="1026,1673 4446,1789 4440,1578 4104,1668 3609,1557 2741,1647 1021,1494"/>
               <Baseline points="1056,1623 1225,1629 1395,1641 1565,1651 1735,1660 1905,1665 2074,1671 2244,1673 2414,1678 2584,1689 2754,1701 2923,1701 3093,1701 3263,1701 3433,1704 3603,1713 3772,1721 3942,1731 4112,1737 4282,1748 4452,1760"/>
               <TextEquiv>
                  <Unicode>sich von ihm zu tren[n]en. Ich habe ihm alles</Unicode>
               </TextEquiv>
            </TextLine>
            <TextLine id="tr_1_tl_6" custom="readingOrder {index:5;}">
               <Coords points="1042,1926 1636,1836 3372,1994 3604,1894 4909,2047 4903,1899 4162,1752 1031,1689"/>
               <Baseline points="1068,1790 1260,1816 1453,1832 1646,1835 1839,1844 2032,1849 2224,1855 2417,1856 2610,1863 2803,1864 2996,1871 3188,1874 3381,1878 3574,1892 3767,1898 3960,1898 4152,1909 4345,1925 4538,1944 4731,1968 4924,1999"/>
               <TextEquiv>
                  <Unicode>geschrieben, wie ich zu leben gedenke, wir ich nach</Unicode>
               </TextEquiv>
            </TextLine>
            <TextLine id="tr_1_tl_7" custom="readingOrder {index:6;}">
               <Coords points="1047,2078 2710,2194 3362,2068 4356,2257 4814,2199 4809,2041 4209,1931 1042,1926"/>
               <Baseline points="1074,1993 1261,2006 1448,2018 1635,2026 1822,2035 2009,2032 2196,2029 2383,2029 2570,2031 2757,2034 2945,2052 3132,2053 3319,2059 3506,2065 3693,2073 3880,2083 4067,2092 4254,2107 4441,2125 4628,2144 4816,2172"/>
               <TextEquiv>
                  <Unicode>jahrelanger Bemühung, Euch näher zu kommen, das</Unicode>
               </TextEquiv>
            </TextLine>
            <TextLine id="tr_1_tl_8" custom="readingOrder {index:7;}">
               <Coords points="1021,2268 1636,2341 2504,2226 3073,2347 3820,2252 5019,2441 5014,2178 1015,2115"/>
               <Baseline points="1044,2196 1243,2203 1442,2214 1642,2214 1841,2220 2040,2220 2240,2216 2439,2226 2638,2232 2838,2244 3037,2250 3236,2247 3436,2248 3635,2250 3834,2257 4034,2273 4233,2284 4432,2308 4632,2328 4831,2355 5031,2393"/>
               <TextEquiv>
                  <Unicode>am Wenigstens [recte: wenigsten] u. auch die Arbeit nicht aufgeben</Unicode>
               </TextEquiv>
            </TextLine>
            <TextLine id="tr_1_tl_9" custom="readingOrder {index:8;}">
               <Coords points="1047,2441 3104,2536 3604,2441 5172,2631 5119,2378 3862,2399 3225,2247 2936,2383 2504,2226 1599,2352 1042,2241"/>
               <Baseline points="1074,2381 1279,2401 1485,2411 1690,2417 1896,2412 2102,2414 2307,2422 2513,2423 2719,2435 2924,2439 3130,2435 3336,2435 3541,2441 3747,2446 3953,2454 4158,2471 4364,2487 4570,2501 4775,2536 4981,2578 5187,2620"/>
               <TextEquiv>
                  <Unicode>könne. Er antwortet, dass ihm meine schriftstellerische</Unicode>
               </TextEquiv>
            </TextLine>
            <TextLine id="tr_1_tl_10" custom="readingOrder {index:9;}">
               <Coords points="1010,2610 4935,2762 4477,2546 1005,2452"/>
               <Baseline points="1038,2578 1233,2585 1429,2592 1624,2599 1820,2602 2015,2602 2211,2608 2406,2608 2602,2614 2797,2614 2993,2620 3188,2626 3384,2625 3579,2626 3775,2629 3970,2642 4166,2662 4361,2675 4557,2694 4752,2721 4948,2745"/>
               <TextEquiv>
                  <Unicode>Entwicklung mehr als alles am Herzen liege, u.</Unicode>
               </TextEquiv>
            </TextLine>
            <TextLine id="tr_1_tl_11" custom="readingOrder {index:10;}">
               <Coords points="973,2762 1889,2904 3388,2815 5119,2978 5114,2799 3683,2662 973,2678"/>
               <Baseline points="1002,2751 1208,2765 1415,2773 1621,2787 1828,2793 2034,2793 2241,2798 2447,2799 2654,2805 2860,2805 3067,2811 3274,2811 3480,2811 3687,2811 3893,2819 4100,2833 4306,2847 4513,2862 4719,2889 4926,2921 5133,2954"/>
               <TextEquiv>
                  <Unicode>dass es sich nicht darum handle ob er Dich u. Eri</Unicode>
               </TextEquiv>
            </TextLine>
            <TextLine id="tr_1_tl_12" custom="readingOrder {index:11;}">
               <Coords points="958,2967 2262,3104 3467,2988 4988,3104 4982,2946 4525,2888 3467,2931 3236,2815 1757,2920 952,2762"/>
               <Baseline points="984,2936 1184,2942 1385,2954 1586,2966 1787,2972 1988,2978 2189,2981 2390,2988 2591,2990 2792,2991 2993,2993 3193,2984 3394,2985 3595,2991 3796,3002 3997,3006 4198,3014 4399,3022 4600,3037 4801,3060 5002,3080"/>
               <TextEquiv>
                  <Unicode>liebe (den[n] das tue er bereits) sondern dass wir ihm</Unicode>
               </TextEquiv>
            </TextLine>
            <TextLine id="tr_1_tl_13" custom="readingOrder {index:12;}">
               <Coords points="958,3194 3115,3199 4198,3357 5130,3267 5124,3162 4498,3046 952,3015"/>
               <Baseline points="984,3091 1192,3113 1400,3137 1608,3151 1816,3165 2024,3169 2232,3169 2440,3177 2648,3181 2856,3186 3064,3193 3272,3184 3480,3192 3688,3192 3896,3187 4104,3193 4312,3200 4520,3214 4728,3239 4936,3266 5145,3265"/>
               <TextEquiv>
                  <Unicode>einigen Einlass gewährten. Ich glaube, es ist entwaffnend? [vertical space]</Unicode>
               </TextEquiv>
            </TextLine>
            <TextLine id="tr_1_tl_14"
                      custom="readingOrder {index:13;} textStyle {offset:0;length:5;underlined:true;}">
               <Coords points="963,3683 4551,3730 5061,3878 5009,3609 952,3483"/>
               <Baseline points="984,3557 1188,3566 1392,3584 1596,3593 1800,3599 2004,3607 2208,3615 2413,3628 2617,3635 2821,3647 3025,3657 3229,3670 3433,3680 3637,3688 3842,3699 4046,3712 4250,3712 4454,3727 4658,3736 4862,3752 5067,3778"/>
               <TextEquiv>
                  <Unicode>Dafür aber spricht so Manches. Die Schweiz ist ein kleines</Unicode>
               </TextEquiv>
            </TextLine>
            <TextLine id="tr_1_tl_15" custom="readingOrder {index:14;}">
               <Coords points="989,3825 1768,3757 4951,3993 4940,3793 4693,3751 979,3672"/>
               <Baseline points="1014,3730 1211,3743 1408,3752 1605,3758 1803,3760 2000,3766 2197,3773 2395,3781 2592,3790 2789,3801 2987,3814 3184,3827 3381,3841 3578,3850 3776,3854 3973,3867 4170,3874 4368,3884 4565,3897 4762,3914 4960,3933"/>
               <TextEquiv>
                  <Unicode>Land, u. wenn ich hier unverheiratet bliebe, in Sils</Unicode>
               </TextEquiv>
            </TextLine>
            <TextLine id="tr_1_tl_16" custom="readingOrder {index:15;}">
               <Coords points="989,3946 5077,4151 4988,3951 4298,3988 4025,3867 984,3830"/>
               <Baseline points="1020,3891 1223,3900 1427,3918 1630,3915 1834,3915 2037,3923 2241,3927 2444,3933 2648,3945 2851,3950 3055,3967 3259,3981 3462,3995 3666,3996 3869,4010 4073,4024 4276,4037 4480,4041 4683,4051 4887,4078 5091,4112"/>
               <TextEquiv>
                  <Unicode>zu Hause, selbst wen[n] meine Familie sich dazu neutral u.</Unicode>
               </TextEquiv>
            </TextLine>
            <TextLine id="tr_1_tl_17" custom="readingOrder {index:16;}">
               <Coords points="1010,4172 2126,4241 2725,4130 3367,4272 3725,4167 5072,4351 5067,4198 4761,4099 1000,3946"/>
               <Baseline points="1032,4064 1234,4096 1437,4100 1639,4100 1842,4094 2045,4100 2247,4097 2450,4112 2653,4112 2855,4114 3058,4128 3261,4147 3463,4155 3666,4160 3869,4174 4071,4190 4274,4203 4477,4214 4679,4220 4882,4237 5085,4261"/>
               <TextEquiv>
                  <Unicode>freundlich zeigte (wie eben jetzt die Reinhardts in Sils)</Unicode>
               </TextEquiv>
            </TextLine>
            <TextLine id="tr_1_tl_18" custom="readingOrder {index:17;}">
               <Coords points="1026,4346 2715,4314 3041,4425 3499,4325 5146,4488 5146,4383 4677,4272 3404,4283 2731,4130 2015,4246 1021,4177"/>
               <Baseline points="1056,4279 1261,4299 1466,4303 1671,4303 1876,4303 2081,4303 2286,4303 2491,4309 2696,4309 2901,4313 3106,4326 3311,4333 3516,4330 3721,4338 3926,4352 4131,4375 4336,4387 4541,4393 4746,4408 4951,4434 5157,4464"/>
               <TextEquiv>
                  <Unicode>so wäre doch immer die Sorge, der Unwille, der Hass der</Unicode>
               </TextEquiv>
            </TextLine>
            <TextLine id="tr_1_tl_19" custom="readingOrder {index:18;}">
               <Coords points="968,4551 3572,4540 5182,4709 5177,4493 4604,4530 3778,4351 958,4346"/>
               <Baseline points="990,4458 1200,4480 1410,4492 1621,4488 1831,4488 2042,4486 2252,4494 2462,4500 2673,4511 2883,4513 3094,4515 3304,4518 3514,4507 3725,4515 3935,4529 4146,4545 4356,4564 4566,4578 4777,4592 4987,4621 5198,4661"/>
               <TextEquiv>
                  <Unicode>Fronten, die Sensationslust der "Society" bliebe auf mich</Unicode>
               </TextEquiv>
            </TextLine>
            <TextLine id="tr_1_tl_20" custom="readingOrder {index:19;}">
               <Coords points="1005,4772 3614,4704 5109,4914 5103,4688 4135,4588 994,4546"/>
               <Baseline points="1026,4661 1230,4679 1434,4685 1638,4678 1842,4667 2046,4671 2250,4673 2455,4685 2659,4686 2863,4691 3067,4691 3271,4697 3475,4691 3679,4695 3884,4709 4088,4722 4292,4736 4496,4757 4700,4763 4904,4793 5109,4822"/>
               <TextEquiv>
                  <Unicode>gerichtet, stosse mich entweder übermässig weg, oder</Unicode>
               </TextEquiv>
            </TextLine>
            <TextLine id="tr_1_tl_21" custom="readingOrder {index:20;}">
               <Coords points="994,4867 5130,5024 5024,4872 4088,4846 3825,4714 3241,4830 2252,4698 989,4788"/>
               <Baseline points="1020,4828 1236,4842 1453,4857 1670,4862 1887,4854 2103,4853 2320,4861 2537,4876 2754,4878 2971,4882 3187,4883 3404,4886 3621,4888 3838,4891 4055,4893 4271,4902 4488,4918 4705,4926 4922,4955 5139,4984"/>
               <TextEquiv>
                  <Unicode>küm[m]ere sich zu sehr: u. immer könnte es Eri, ja den</Unicode>
               </TextEquiv>
            </TextLine>
            <TextLine id="tr_1_tl_22" custom="readingOrder {index:21;}">
               <Coords points="1026,5067 2210,5056 2715,5193 4014,5093 5161,5251 5156,5056 4804,4977 1021,4861"/>
               <Baseline points="1056,5025 1272,5030 1489,5053 1706,5058 1923,5043 2139,5050 2356,5058 2573,5067 2790,5067 3007,5062 3223,5068 3440,5077 3657,5085 3874,5091 4091,5091 4307,5105 4524,5119 4741,5135 4958,5158 5175,5193"/>
               <TextEquiv>
                  <Unicode>Zauberers, in der oder jener Weise Nachteil bringen.</Unicode>
               </TextEquiv>
            </TextLine>
            <TextLine id="tr_1_tl_23" custom="readingOrder {index:22;}">
               <Coords points="1000,5256 4919,5335 4667,5193 3383,5098 2304,5198 994,5061"/>
               <Baseline points="1026,5187 1221,5194 1416,5206 1611,5216 1806,5216 2002,5222 2197,5234 2392,5236 2587,5243 2782,5240 2978,5245 3173,5252 3368,5258 3563,5266 3758,5273 3954,5268 4149,5276 4344,5288 4539,5295 4734,5314 4930,5324"/>
               <TextEquiv>
                  <Unicode>Dazu kom[m]t meine eigene Abhängigkeit, gerade in der</Unicode>
               </TextEquiv>
            </TextLine>
            <TextLine id="tr_1_tl_24" custom="readingOrder {index:23;}">
               <Coords points="1010,5435 5209,5577 5198,5345 4872,5445 4577,5309 1005,5251"/>
               <Baseline points="1038,5372 1246,5374 1455,5382 1664,5390 1873,5388 2082,5390 2291,5401 2500,5413 2709,5419 2918,5425 3127,5431 3335,5435 3544,5449 3753,5449 3962,5449 4171,5461 4380,5475 4589,5489 4798,5503 5007,5531 5216,5539"/>
               <TextEquiv>
                  <Unicode>Schweiz würde später doch die Furcht vor der "Illegalität"</Unicode>
               </TextEquiv>
            </TextLine>
            <TextLine id="tr_1_tl_25" custom="readingOrder {index:24;}">
               <Coords points="1026,5677 2857,5635 3267,5756 4051,5640 4946,5772 4851,5561 1015,5430"/>
               <Baseline points="1050,5551 1245,5552 1440,5563 1635,5575 1830,5569 2026,5569 2221,5575 2416,5582 2611,5589 2806,5602 3002,5609 3197,5616 3392,5623 3587,5628 3782,5631 3978,5638 4173,5645 4368,5658 4563,5665 4758,5684 4954,5706"/>
               <TextEquiv>
                  <Unicode>sich regen [Homosexualität bis 1942 in der Schweiz verboten]. Rein äusserlich aber würde diese Heirat</Unicode>
               </TextEquiv>
            </TextLine>
            <TextLine id="tr_1_tl_26"
                      custom="readingOrder {index:25;} textStyle {offset:0;length:11;underlined:true;}">
               <Coords points="1015,5851 3120,5803 5040,5929 5035,5808 4130,5666 3267,5756 1010,5661"/>
               <Baseline points="1038,5712 1238,5736 1439,5742 1639,5742 1840,5748 2040,5755 2241,5763 2441,5775 2642,5783 2842,5801 3043,5801 3244,5811 3444,5813 3645,5819 3845,5825 4046,5831 4246,5842 4447,5867 4647,5879 4848,5888 5049,5903"/>
               <TextEquiv>
                  <Unicode>ganz u. gar genügen, um meine Familie im engen</Unicode>
               </TextEquiv>
            </TextLine>
            <TextLine id="tr_1_tl_27" custom="readingOrder {index:26;}">
               <Coords points="1110,5961 2746,6103 2920,6003 3146,6119 4661,6077 5088,6214 5082,6019 4661,5914 2725,5798 1105,5866"/>
               <Baseline points="1134,5933 1332,5940 1530,5948 1728,5951 1926,5951 2124,5957 2322,5953 2521,5963 2719,5968 2917,5980 3115,5987 3313,6000 3511,6004 3709,6015 3908,6022 4106,6030 4304,6051 4502,6068 4700,6087 4898,6119 5097,6154"/>
               <TextEquiv>
                  <Unicode>u. weiten Sin[n] zu beruhigen. Ich habe schon Proben</Unicode>
               </TextEquiv>
            </TextLine>
            <TextLine id="tr_1_tl_28"
                      custom="readingOrder {index:27;} textStyle {offset:33;length:12;underlined:true;}">
               <Coords points="1105,6245 2294,6150 2589,6292 3499,6208 3935,6366 4598,6314 5082,6429 5072,6219 4372,6087 1678,6077 1089,5956"/>
               <Baseline points="1122,6118 1320,6131 1518,6139 1716,6144 1914,6147 2112,6148 2310,6150 2509,6162 2707,6171 2905,6177 3103,6183 3301,6191 3499,6208 3697,6207 3896,6225 4094,6238 4292,6254 4490,6271 4688,6289 4886,6316 5085,6351"/>
               <TextEquiv>
                  <Unicode>davon, dass Sie mich dan[n] ganz freisprechen würden –</Unicode>
               </TextEquiv>
            </TextLine>
            <TextLine id="tr_1_tl_29"
                      custom="readingOrder {index:28;} textStyle {offset:0;length:1;strikethrough:true;}">
               <Coords points="1042,6503 2283,6366 5098,6598 5088,6435 4704,6356 1026,6271"/>
               <Baseline points="1062,6327 1264,6323 1466,6330 1668,6344 1870,6351 2072,6351 2274,6356 2476,6367 2678,6374 2880,6376 3082,6380 3284,6397 3486,6416 3688,6430 3890,6440 4092,6451 4294,6465 4496,6476 4698,6495 4900,6539 5103,6559"/>
               <TextEquiv>
                  <Unicode>O von diesem Frieden verspreche ich mir viel, weil er</Unicode>
               </TextEquiv>
            </TextLine>
         </TextRegion>
      </Page>
   </PcGts>
   <PcGts xmlns="http://schema.primaresearch.org/PAGE/gts/pagecontent/2013-07-15">
      <Metadata>
         <Creator>prov=READ-COOP:name=TrHtr:version=2.30.2:model_id=265149:date=26_08_2025_08:52</Creator>
         <Created>2025-08-26T08:44:13.050+02:00</Created>
         <LastChange>2025-08-27T11:04:37.896+02:00</LastChange>
         <TranskribusMetadata docId="10285659"
                              pageId="102125678"
                              pageNr="3"
                              status="IN_PROGRESS"
                              userId="194245"
                              imgUrl="https://files.transkribus.eu/Get?id=OHWGYXVGAGILTPYONNYQTRVI&amp;fileType=view"
                              imageId="85653632"/>
      </Metadata>
      <Page imageFilename="letter_0289_003.jpg"
            imageWidth="5330"
            imageHeight="6739">
         <TextRegion orientation="0.0" id="tr_1" custom="readingOrder {index:0;}">
            <Coords points="949,188 949,6686 5216,6686 5216,188"/>
            <TextLine id="tr_1_tl_2" custom="readingOrder {index:0;}">
               <Coords points="946,749 1828,691 2492,824 2668,733 3709,967 4086,871 4968,999 4867,760 4368,818 1908,611 1722,489 925,510"/>
               <Baseline points="966,644 1166,656 1367,662 1567,672 1768,680 1969,693 2169,701 2370,714 2570,727 2771,735 2972,754 3172,771 3373,780 3573,800 3774,827 3975,845 4175,869 4376,889 4576,911 4777,947 4978,978"/>
               <TextEquiv>
                  <Unicode>fortwirkend dazu führte, das Interesse von mir, einer</Unicode>
               </TextEquiv>
            </TextLine>
            <TextLine id="tr_1_tl_3" custom="readingOrder {index:1;}">
               <Coords points="946,882 4899,1127 4687,962 4086,871 3736,967 2673,733 941,765"/>
               <Baseline points="972,805 1168,836 1365,843 1562,857 1758,865 1955,865 2152,890 2348,909 2545,916 2742,925 2939,943 3135,961 3332,968 3529,981 3725,999 3922,1014 4119,1033 4315,1042 4512,1056 4709,1087 4906,1110"/>
               <TextEquiv>
                  <Unicode>Ausländerin, Schriftstellerin die in einem anderen</Unicode>
               </TextEquiv>
            </TextLine>
            <TextLine id="tr_1_tl_4" custom="readingOrder {index:2;}">
               <Coords points="999,1111 1190,1158 1546,1079 1982,1137 2269,1089 3151,1196 3140,1031 2779,1057 2673,988 2508,1052 2264,962 2009,1010 1865,930 983,877"/>
               <Baseline points="1020,1002 1126,1016 1233,1028 1340,1039 1447,1049 1554,1050 1661,1057 1767,1064 1874,1068 1981,1064 2088,1073 2195,1075 2302,1086 2409,1089 2515,1092 2622,1097 2729,1105 2836,1113 2943,1125 3050,1136 3157,1140"/>
               <TextEquiv>
                  <Unicode>Kreise lebt, abzulenken.</Unicode>
               </TextEquiv>
            </TextLine>
            <TextLine id="tr_1_tl_5" custom="readingOrder {index:3;}">
               <Coords points="930,1286 2327,1281 2673,1387 2923,1302 3204,1408 3512,1318 4782,1568 4766,1291 4262,1180 3194,1254 2370,1084 2014,1196 1610,1079 925,1137"/>
               <Baseline points="955,1205 1146,1218 1338,1232 1530,1250 1722,1253 1914,1257 2106,1265 2298,1265 2490,1277 2682,1283 2874,1292 3065,1292 3257,1305 3449,1318 3641,1331 3833,1349 4025,1368 4217,1389 4409,1415 4601,1441 4793,1468"/>
               <TextEquiv>
                  <Unicode>Endlich: Dieser Winter ist zwischen heute u. dem</Unicode>
               </TextEquiv>
            </TextLine>
            <TextLine id="tr_1_tl_6" custom="readingOrder {index:4;}">
               <Coords points="946,1498 3204,1498 3459,1642 3868,1557 4963,1738 4952,1562 3900,1366 3130,1451 2923,1302 935,1275"/>
               <Baseline points="972,1396 1172,1409 1372,1426 1572,1436 1773,1444 1973,1451 2173,1456 2374,1466 2574,1473 2774,1486 2975,1486 3175,1496 3375,1504 3575,1516 3776,1526 3976,1543 4176,1566 4377,1593 4577,1623 4777,1659 4978,1695"/>
               <TextEquiv>
                  <Unicode>vorigen u. vorvorigen Jahr wie eine Waldschlucht, soviel</Unicode>
               </TextEquiv>
            </TextLine>
            <TextLine id="tr_1_tl_7" custom="readingOrder {index:5;}">
               <Coords points="962,1631 3852,1727 4283,1934 5117,1955 4697,1700 3969,1562 3512,1647 2301,1461 2067,1573 951,1488"/>
               <Baseline points="984,1551 1191,1577 1398,1591 1605,1605 1812,1611 2019,1620 2226,1639 2434,1642 2641,1659 2848,1666 3055,1672 3262,1686 3469,1698 3676,1713 3884,1727 4091,1750 4298,1784 4505,1802 4712,1847 4919,1891 5127,1939"/>
               <TextEquiv>
                  <Unicode>ist im Schnee begraben, soviel was ich für Bindungen</Unicode>
               </TextEquiv>
            </TextLine>
            <TextLine id="tr_1_tl_8" custom="readingOrder {index:6;}">
               <Coords points="967,1865 1557,1791 2237,1940 2524,1865 4899,2056 4889,1908 3911,1886 3257,1695 956,1695"/>
               <Baseline points="984,1760 1180,1773 1376,1784 1573,1784 1769,1789 1966,1796 2162,1808 2358,1816 2555,1826 2751,1836 2948,1844 3144,1856 3340,1866 3537,1895 3733,1912 3930,1926 4126,1946 4322,1972 4519,1999 4715,2025 4912,2059"/>
               <TextEquiv>
                  <Unicode>hielt, ist plötzlich wie aufgelöst – u., ausser</Unicode>
               </TextEquiv>
            </TextLine>
            <TextLine id="tr_1_tl_9" custom="readingOrder {index:7;}">
               <Coords points="946,2099 1493,1977 2535,2168 2795,2035 5207,2354 5186,2115 4267,1987 3518,2046 1546,1785 930,1860"/>
               <Baseline points="966,1951 1178,1973 1391,1977 1603,1975 1816,1975 2028,1997 2241,2000 2453,2011 2666,2023 2878,2029 3091,2045 3303,2060 3516,2083 3728,2105 3941,2124 4153,2140 4366,2159 4578,2194 4791,2221 5003,2264 5216,2315"/>
               <TextEquiv>
                  <Unicode>Euch, ist fast nur jener Claude den ich ungern, ungern</Unicode>
               </TextEquiv>
            </TextLine>
            <TextLine id="tr_1_tl_10" custom="readingOrder {index:8;}">
               <Coords points="946,2242 2099,2221 2811,2370 3252,2274 3672,2402 3895,2306 4272,2471 4740,2439 4729,2232 3799,2120 3518,2205 2753,2067 2450,2179 941,2088"/>
               <Baseline points="972,2148 1170,2166 1369,2181 1568,2190 1767,2201 1966,2209 2165,2222 2364,2232 2563,2231 2762,2232 2960,2239 3159,2253 3358,2266 3557,2278 3756,2293 3955,2313 4154,2327 4353,2354 4552,2381 4751,2393"/>
               <TextEquiv>
                  <Unicode>verlieren würde. Es ist nicht ganz begreiflich,</Unicode>
               </TextEquiv>
            </TextLine>
            <TextLine id="tr_1_tl_11" custom="readingOrder {index:9;}">
               <Coords points="930,2375 1908,2428 2221,2567 3013,2471 4952,2630 4538,2423 4028,2482 2689,2317 2513,2407 2088,2264 925,2221"/>
               <Baseline points="961,2339 1161,2348 1361,2375 1561,2401 1762,2411 1962,2424 2162,2438 2362,2441 2563,2446 2763,2453 2963,2457 3163,2466 3364,2476 3564,2483 3764,2498 3964,2515 4165,2539 4365,2554 4565,2580 4765,2602 4966,2638"/>
               <TextEquiv>
                  <Unicode>aber ich brauche wohl nicht nur den neuen</Unicode>
               </TextEquiv>
            </TextLine>
            <TextLine id="tr_1_tl_12"
                      custom="readingOrder {index:10;} textStyle {offset:21;length:3;underlined:true;}">
               <Coords points="1010,2620 2923,2816 3555,2731 4990,2848 4984,2731 4676,2641 4432,2737 3725,2545 2407,2577 999,2375"/>
               <Baseline points="1038,2572 1236,2581 1434,2599 1632,2608 1830,2618 2029,2632 2227,2640 2425,2653 2623,2666 2821,2674 3020,2680 3218,2688 3416,2700 3614,2714 3812,2721 4011,2737 4209,2762 4407,2773 4605,2791 4803,2812 5002,2847"/>
               <TextEquiv>
                  <Unicode>Rahmen, sondern auch ihn als Träger u. Person,</Unicode>
               </TextEquiv>
            </TextLine>
            <TextLine id="tr_1_tl_13" custom="readingOrder {index:11;}">
               <Coords points="972,2923 1339,2822 3093,3029 3369,2923 5165,3167 5080,2891 951,2652"/>
               <Baseline points="990,2793 1209,2793 1429,2810 1649,2823 1869,2834 2089,2847 2309,2857 2529,2872 2749,2886 2969,2900 3189,2903 3409,2918 3629,2933 3849,2948 4069,2962 4289,2982 4509,3004 4729,3034 4949,3084 5169,3139"/>
               <TextEquiv>
                  <Unicode>um mich wieder sicher zu fühlen. Abzusehen davon, dass</Unicode>
               </TextEquiv>
            </TextLine>
            <TextLine id="tr_1_tl_14" custom="readingOrder {index:12;}">
               <Coords points="983,3018 2126,3071 2434,3204 2641,3103 3959,3167 5053,3342 5037,3146 4267,3039 978,2917"/>
               <Baseline points="1014,2990 1216,3010 1418,3023 1621,3038 1823,3050 2025,3052 2228,3065 2430,3074 2632,3085 2835,3099 3037,3109 3239,3115 3442,3128 3644,3135 3846,3153 4049,3168 4251,3194 4453,3213 4656,3243 4858,3275 5061,3306"/>
               <TextEquiv>
                  <Unicode>er so sehr darauf besteht, u. mit solch liebevoller</Unicode>
               </TextEquiv>
            </TextLine>
            <TextLine id="tr_1_tl_15" custom="readingOrder {index:13;}">
               <Coords points="988,3310 1254,3204 2184,3268 2853,3481 3666,3406 4915,3581 4899,3316 4586,3247 4262,3337 3884,3183 2758,3103 2094,3215 967,3008"/>
               <Baseline points="1008,3187 1203,3188 1399,3205 1594,3220 1790,3223 1985,3251 2181,3260 2376,3276 2572,3285 2767,3298 2963,3306 3158,3318 3354,3331 3549,3336 3745,3342 3940,3358 4136,3378 4331,3403 4527,3419 4722,3455 4918,3491"/>
               <TextEquiv>
                  <Unicode>Intensität, u. ich ihm ungern Schmerz zufüge. [vertical space]</Unicode>
               </TextEquiv>
            </TextLine>
            <TextLine id="tr_1_tl_16" custom="readingOrder {index:14;}">
               <Coords points="994,3863 4889,4171 4873,3975 4214,3810 3991,3890 3507,3778 3140,3900 2428,3720 2040,3805 1860,3677 978,3635"/>
               <Baseline points="1020,3796 1213,3814 1407,3826 1601,3838 1794,3848 1988,3860 2182,3867 2375,3880 2569,3893 2763,3909 2957,3925 3150,3942 3344,3962 3538,3970 3731,3989 3925,3996 4119,4012 4312,4034 4506,4046 4700,4071 4894,4094"/>
               <TextEquiv>
                  <Unicode>Würde ich mich so entschliessen, so möchte ich wohl</Unicode>
               </TextEquiv>
            </TextLine>
            <TextLine id="tr_1_tl_17" custom="readingOrder {index:15;}">
               <Coords points="988,4012 4198,4182 5117,4357 5101,4182 4905,4108 978,3852"/>
               <Baseline points="1014,3951 1219,3959 1424,3972 1630,3998 1835,4012 2040,4028 2246,4040 2451,4047 2656,4066 2862,4080 3067,4094 3272,4107 3478,4121 3683,4135 3888,4143 4094,4159 4299,4186 4504,4208 4710,4235 4915,4271 5121,4315"/>
               <TextEquiv>
                  <Unicode>Mitte April für 3 Monate nach Persien reisen, dan[n] Euch</Unicode>
               </TextEquiv>
            </TextLine>
            <TextLine id="tr_1_tl_18" custom="readingOrder {index:16;}">
               <Coords points="994,4171 4240,4336 5122,4506 5112,4352 4373,4208 978,4001"/>
               <Baseline points="1020,4112 1225,4126 1431,4140 1636,4159 1842,4179 2048,4196 2253,4213 2459,4226 2665,4239 2870,4247 3076,4261 3282,4275 3487,4285 3693,4296 3899,4311 4104,4330 4310,4343 4516,4363 4721,4399 4927,4445 5133,4482"/>
               <TextEquiv>
                  <Unicode>im Som[m]er wiedertreffen – u. vielleicht kön[n]test Du dan[n]</Unicode>
               </TextEquiv>
            </TextLine>
            <TextLine id="tr_1_tl_19" custom="readingOrder {index:17;}">
               <Coords points="946,4394 1461,4331 2264,4490 5006,4618 4995,4474 4246,4341 2009,4325 925,4155"/>
               <Baseline points="966,4279 1168,4292 1371,4306 1573,4330 1776,4351 1979,4367 2181,4375 2384,4398 2587,4412 2789,4421 2992,4438 3195,4445 3397,4453 3600,4460 3803,4474 4005,4494 4208,4507 4411,4521 4613,4545 4816,4578 5019,4614"/>
               <TextEquiv>
                  <Unicode>im Herbst die Afghanische Reise mitmachen? Teddy</Unicode>
               </TextEquiv>
            </TextLine>
            <TextLine id="tr_1_tl_20" custom="readingOrder {index:18;}">
               <Coords points="967,4517 5085,4836 5075,4687 4809,4607 951,4352"/>
               <Baseline points="990,4464 1195,4476 1400,4485 1606,4505 1811,4531 2016,4545 2222,4559 2427,4572 2632,4588 2838,4606 3043,4620 3248,4626 3454,4640 3659,4648 3864,4662 4070,4679 4275,4691 4480,4715 4686,4738 4891,4779 5097,4822"/>
               <TextEquiv>
                  <Unicode>soll jetzt schon mitkom[m]en, er ist im Kloster seines</Unicode>
               </TextEquiv>
            </TextLine>
            <TextLine id="tr_1_tl_21" custom="readingOrder {index:19;}">
               <Coords points="941,4697 5000,4963 4990,4825 2939,4628 2226,4697 925,4501"/>
               <Baseline points="966,4631 1168,4656 1370,4673 1573,4684 1775,4697 1977,4718 2180,4742 2382,4751 2584,4763 2787,4777 2989,4785 3191,4797 3394,4806 3596,4824 3798,4834 4001,4845 4203,4854 4405,4875 4608,4896 4810,4923 5013,4954"/>
               <TextEquiv>
                  <Unicode>Ohms in Holland, doch weiss ich die Adresse dieses</Unicode>
               </TextEquiv>
            </TextLine>
            <TextLine id="tr_1_tl_22" custom="readingOrder {index:20;}">
               <Coords points="962,4905 2412,4947 2582,5059 3470,4990 5091,5202 5080,5021 4644,4931 946,4692"/>
               <Baseline points="984,4822 1200,4839 1417,4863 1634,4884 1851,4898 2067,4913 2284,4930 2501,4942 2718,4956 2935,4966 3151,4978 3368,4982 3585,4996 3802,5013 4019,5030 4235,5045 4452,5059 4669,5081 4886,5117 5103,5163"/>
               <TextEquiv>
                  <Unicode>überraschenden Aufenthaltes nicht. Vielleicht hast Du</Unicode>
               </TextEquiv>
            </TextLine>
            <TextLine id="tr_1_tl_23" custom="readingOrder {index:21;}">
               <Coords points="962,5133 1265,5043 1456,5176 2019,5207 2205,5096 4910,5303 4899,5170 4570,5107 946,4958"/>
               <Baseline points="978,5002 1175,5021 1372,5039 1569,5059 1766,5072 1963,5079 2160,5092 2357,5109 2554,5119 2751,5132 2948,5139 3145,5146 3342,5163 3539,5179 3736,5192 3933,5210 4130,5230 4327,5248 4524,5262 4721,5280 4918,5294"/>
               <TextEquiv>
                  <Unicode>davon gehört? Lies dies alles als Exposé, nicht als</Unicode>
               </TextEquiv>
            </TextLine>
            <TextLine id="tr_1_tl_24" custom="readingOrder {index:22;}">
               <Coords points="962,5271 3236,5335 5165,5595 5149,5340 4995,5319 951,5138"/>
               <Baseline points="984,5210 1193,5218 1403,5236 1612,5246 1822,5260 2031,5268 2241,5288 2450,5296 2660,5306 2869,5312 3079,5326 3289,5340 3498,5355 3708,5375 3917,5391 4127,5414 4336,5434 4546,5448 4755,5468 4965,5497 5175,5539"/>
               <TextEquiv>
                  <Unicode>Brief den ich Dir ans Krankenbett schreiben wollte.</Unicode>
               </TextEquiv>
            </TextLine>
            <TextLine id="tr_1_tl_25" custom="readingOrder {index:23;}">
               <Coords points="930,5510 1137,5420 1684,5420 1977,5553 2827,5478 4777,5712 4772,5537 4251,5447 914,5266"/>
               <Baseline points="955,5395 1146,5408 1338,5419 1530,5422 1722,5422 1914,5441 2106,5448 2298,5449 2490,5462 2682,5473 2874,5479 3065,5492 3257,5512 3449,5531 3641,5545 3833,5565 4025,5582 4217,5595 4409,5614 4601,5631 4793,5658"/>
               <TextEquiv>
                  <Unicode>Wie steht es mit Tschaikowskis melancholischer</Unicode>
               </TextEquiv>
            </TextLine>
            <TextLine id="tr_1_tl_26"
                      custom="readingOrder {index:24;} textStyle {offset:68;length:12;underlined:true;}">
               <Coords points="930,5696 2986,5691 5091,5898 5080,5771 4644,5643 4272,5734 1153,5420 919,5516"/>
               <Baseline points="949,5586 1156,5598 1364,5604 1572,5604 1779,5618 1987,5622 2195,5634 2402,5647 2610,5658 2818,5669 3026,5689 3233,5703 3441,5711 3649,5731 3856,5748 4064,5765 4272,5777 4479,5788 4687,5812 4895,5838 5103,5867"/>
               <TextEquiv>
                  <Unicode>Gestalt [KMs Roman 'Symphonie Pathétique']? Mit meiner Arbeitskraft im[m]er noch kläglich!</Unicode>
               </TextEquiv>
            </TextLine>
            <TextLine id="tr_1_tl_27" custom="readingOrder {index:25;}">
               <Coords points="946,5850 2705,5856 4836,6068 4825,5888 4464,5819 4315,5904 935,5680"/>
               <Baseline points="972,5795 1165,5796 1359,5805 1553,5816 1746,5831 1940,5825 2134,5831 2327,5837 2521,5847 2715,5858 2909,5881 3102,5890 3296,5909 3490,5922 3683,5930 3877,5945 4071,5957 4264,5954 4458,5967 4652,5993 4846,6010"/>
               <TextEquiv>
                  <Unicode>Sei gegrüsst, – in 3 Wochen möchte ich Dich gesund</Unicode>
               </TextEquiv>
            </TextLine>
            <TextLine id="tr_1_tl_28" custom="readingOrder {index:26;}">
               <Coords points="967,6132 1902,6137 2551,6307 3858,6238 3847,6042 3417,5946 3167,6015 2710,5861 1366,5941 946,5813"/>
               <Baseline points="984,5974 1128,5984 1272,5999 1416,6009 1560,6025 1704,6040 1848,6044 1993,6046 2137,6035 2281,6049 2425,6053 2569,6062 2713,6072 2857,6081 3002,6097 3146,6107 3290,6117 3434,6126 3578,6136 3722,6151 3867,6177"/>
               <TextEquiv>
                  <Unicode>widerfinden! Grüsse auch L. [Landshoff] sehr –</Unicode>
               </TextEquiv>
            </TextLine>
            <TextLine id="tr_1_tl_29" custom="readingOrder {index:27;}">
               <Coords points="4118,6610 4224,6610 4251,6578 4283,6600 4325,6573 4368,6568 4400,6594 4442,6589 4416,6350 4384,6350 4341,6376 4320,6361 4299,6376 4193,6350 4129,6398 4092,6403"/>
               <Baseline points="4136,6518 4162,6523 4189,6529 4216,6534 4243,6538 4270,6541 4297,6545 4323,6548 4350,6549 4377,6551 4404,6553 4431,6559 4458,6565"/>
               <TextEquiv>
                  <Unicode>Miro</Unicode>
               </TextEquiv>
            </TextLine>
         </TextRegion>
      </Page>
   </PcGts>
</validation-wrapper>
