1885 2331
911 194 1268 302 PALACE HOTEL
992 269 1180 334 HANS BADRUTT
1294 302 1537 430 ST. MORITZ
1212 406 1473 532 Samedi
289 567 1355 699 La Télephone : Sils 43 – 50.
289 678 1798 840 J’étais bien contente, mon chéri, d’avoir
295 761 1766 924 ta bon]e lettre. Also, die Arbeit geht u.
302 868 1777 1039 das ist die Hauptsache! Ich war einige
334 966 1616 1131 Tage ohne Margot, sehr allein –
327 1063 1732 1227 u. habe dabei auch endlich mit
321 1193 1777 1347 Schreiben angefangen. Très lo lentement.
344 1308 1178 1449 Pour le reste, ça va.
355 1409 1557 1601 – Margot a promis de revenir
353 1499 1659 1698 début Mars. Alors, on viendra
325 1619 1584 1790 ensemble à Paris. Ich werde
357 1704 1618 1907 Dich also sicher sehen, Lieber,
351 1817 1650 2016 bevor ich (im April) reise. Ich
396 1907 1511 2108 gewöhne mich wieder an den
489 299 1434 495 Gedanken u. glaube, dass es
469 407 1542 604 doch, after all, richtig ist.
409 534 1708 743 Es ist so schwer, zu wissen was
382 590 1667 830 getan sein muss, u. was nur
380 741 1682 939 Zufall ist. Je voudrais écouter
368 852 1621 1046 le hasard de ma vie. Ou, au
296 993 1523 1181 moins, de ce que je travaille.
342 1076 1718 1309 Mon Claude, il faudra souvent
397 1259 1140 1386 que tu m’aides.
842 1547 1157 1687 An]emarie
