2658 3248
1509 110 1871 272 Bocken
1745 225 2195 392 am 13. III.
365 475 1783 755 Lieber Onkel Georg,
305 752 2362 916 ich möchte mein Zimmer wieder
373 853 2579 1095 einmal durchräuchern, ich habe
274 1001 2579 1270 nämlich die Beobachtung gemacht
362 1215 2508 1397 dass ich dann viel deutlicher
348 1347 2554 1591 und interressanter träume. Wen[n]
373 1553 2505 1781 Du also noch Stäbchen hast
414 1737 2379 1932 u. wen[n] es nicht ein zu
373 1904 2530 2170 großes Opfer ist, einige davon
376 2099 2458 2365 abzugeben, so würde ich Dich
414 2269 2571 2535 gern darum bitten. Meine Königin
488 2431 2445 2667 Nofretete schliesst sich an, sie
455 2634 2483 2903 fühlt sich bei der neuerdings
516 2777 2576 3035 eingetretenen Kälte nicht wohl
392 2952 2475 3155 und wäre dankbar für östliche
273 109 2349 334 Düfte die sie an ihre wärmere
357 259 2416 479 und sonnigere Heimat erinnern.
287 390 2327 655 (Ich glaube sie hat wirklich
343 566 2558 833 Heimweh, aber das haben wir ja
329 727 1688 1006 uneingestanden alle).
251 919 2580 1131 Thea Frenssen schrieb mir einmal
312 1056 2499 1273 sie habe mit Dir über mich
337 1212 2522 1516 gesprochen. (Das fehlte ja gerade
334 1413 2572 1697 noch!) Aber ich hoffe dass sie
368 1563 2566 1819 Dir nicht ein zu schwarzes Bild
429 1775 2335 2023 von mir entworfen hat – es
429 1917 2499 2190 gibt allerdings Dinge die für
443 2087 2441 2363 feinfühlenden Frauen ein plus [sic]
371 2296 2527 2535 bedeuten, während sie im All¬
390 2416 2594 2756 gemeinen sehr streng, (oder vielleicht
496 2627 2402 2948 nur oberflächlich?) beurteilt
465 2861 2382 3048 werden. Thea Frenssen weiss
443 3004 2352 3165 dass ich Dich von dieser
445 97 2327 383 Allgemeinheit ausnehme, an
399 216 2400 477 deren Urteil mir gar nichts
388 388 2529 701 liegt. Deshalb ist es begreiflich
353 510 2580 795 dass sie zu Dir offen geredet hat.
1143 693 2448 957 \p\Übrigens kommt sie
359 833 2575 1103 jetzt, etwa am 18. III. voraussichtlich,
421 1008 2462 1246 nach Zürich. Ich freue mich.\:p\ [vertical space]
1448 1327 2494 1591 \p\Sind die letzten
356 1510 2564 1796 Aufnahmen in St. Moritz nichts
448 1682 2516 1993 geworden? Es wäre schade, an¬
351 1825 2435 2114 scheinend eigne ich mich nicht
410 1955 2583 2273 zum Photographen. Und kön[n]te ich
491 2117 2580 2359 wohl eine Photo von Balz mit
351 2324 1893 2602 Regenschirmen bekom[m]en?\:p\
520 2472 2273 2753 Viele Grüsse am Tante Olga,
520 2632 2580 2939 Vrene u. weitere Cousinen u. Vettern
1488 2971 2470 3184 Deine Annemarie.
