3563 4558
2375 232 3195 460 Washington D. C.,
2539 415 3372 566 6. Dezember 1936
798 840 1927 1065 Lieber Herr Kübler,
849 943 3314 1197 \p\es ist, wie gewöhnlich, ein bischen erschreckend wie
869 1171 3253 1377 die Zeit vergeht, nun ist es also schon beinahe
875 1310 3308 1458 Weihnachten u. ich wäre gern in Sils u. würde
885 1419 3320 1673 Ihnen gern endlich eigene Bilder schicken u.
920 1548 3330 1792 habe im[m]er noch eine langsam heilende Wunde
901 1718 3179 1918 am zerhackten u. zerfransten Bein – Aber
872 1889 3237 2127 jede Sentimentalität ausgeschaltet, bleibt das
869 2017 3303 2246 erfreuliche Faktum dass die in der "Zürcher"
901 2140 3446 2400 publizierten Photos hier bei offizieller Stelle, d.h.
917 2272 3095 2529 bei der Resettlement Administration, einen
840 2445 3353 2719 ganz enormen Anklang gefunden haben – u. dass
878 2600 3459 2831 ich nun, als anerkan[n]te Arbeitskraft, weitere Bilder
888 2754 3298 3034 benützen darf u. Ratschläge erhalte über das,
840 2905 3427 3124 was hier als wichtig u. publizierenswert angesehen
888 3005 3391 3246 wird. Ich arbeite mit grossem Fleiss u. glaube,
846 3169 3433 3433 dass Ihnen die nächste Serie: über Baumwolle
853 3340 3340 3649 als Lebenselement- u. problem des amerikanischen
898 3462 3404 3784 Südens, gefallen wird. Reisen kan[n] man jetzt kaum,
907 3684 2162 3932 es ist einfach zu kalt –\:p\
927 3861 3153 4064 mit vielen herzlichen Grüssen, Weihnachts¬
985 3980 3082 4225 wünschen – (u. etwas Sentimentalität, trotz¬
943 4147 2217 4385 allem – ) bin ich Ihre
2246 4286 3198 4469 An[n]emarie Clarac
