3604 4453
2260 258 3117 481 Estoril bei Lissabon
2544 418 3101 586 23. Mai 1908 [sic - ihr Geburtsdatum, also wohl kein Fehler]
1189 724 2142 857 Mein liebstes Mameli,
1036 899 3270 1033 \p\ich bekam Deinen lieben Brief gerade noch zum
921 1010 3191 1173 Geburtstag, u. gerade noch vor der morgigen Abreise,
928 1109 3340 1281 hab vielen innigen Dank, Du weisst nicht welche Freude
921 1265 3073 1450 mir jedes Zeichen u. jeder Gruss von Dir macht!\:p\
1846 1396 3334 1508 \p\Naürlich musste ich lächeln, mit
915 1434 3229 1616 welcher sicheren Kenntnis von mir Du jeden schwachen
886 1581 3194 1753 Punkt spürst: Tatsächlich sieht das angeregte, sowohl
928 1699 3458 1833 beruflich wie gesellschaftlich ausgefüllte Leben, wie ich es hier
915 1807 3372 1957 jetzt 6 Wochen führte, im denkbar stärksten Gegensatz zu
902 1948 3277 2107 meiner Einsamkeit, die ich in Afrika über alles Leid
905 2024 3363 2228 hinweg als ein Tiefes, ernstes Glück empfand. Aber die Wahl
857 2145 3328 2343 – oder gar der Kompromiss – ist nicht leicht: Hier tat ich
902 2314 3376 2451 genau das, was man, als Journalist oder überhaupt, tun
883 2422 3407 2611 muss, um erfolgreich zu sein – Und ich erfahre es von allen
889 2534 3340 2728 Seiten, dass ich hier den grössten Erfolg hatte – u. zwar
877 2658 3344 2843 bei sehr rechten, gescheiten u. anständigen Menschen ebenso
864 2792 3414 2942 bei in schlichthin offiziellen Kreisen. Wen[n] man aber erstaunt
861 2904 3299 3121 war über meine guten Nerven, meine Ruhe, u. Selbst¬
848 3038 3293 3165 disziplin, ... dann wusste ich, dass ich dies Alles nur
851 3165 3321 3344 dort in der Stille gelernt habe. Mehr noch, am Ende
832 3264 3395 3487 eines jeden "erfolgreichen" Tages wusste ich, dass ich selber
826 3420 3309 3586 dieses Leben, diese Erfolge so wenig ernst nehme wie die
829 3519 3312 3698 entsprechenden Niederlagen im Kongo, wo man mich für
838 3624 3321 3815 einen Spitzel hielt. Täglich spürte ich, dass ich – nach
857 3768 3245 3905 Aussen lebend u. kämpfend – niemals mehr fähig wäre,
889 3873 3280 4093 mich so zu befreien, zu konzentrieren – u. so schön u.
886 4010 3245 4176 rein zu schreiben wie damals. Und täglich denke ich
864 4125 3325 4313 an jenes andere Leben wie an ein verlorenes Paradies, zu
889 4243 2120 4450 dem ich zurückfinden muss.\:p\
271 207 401 277 2
838 314 3358 521 \p\Deine kleine Bemerkung hat also den wundesten Punkt in
860 443 3264 609 mir angerührt – denn ich frage mich, ob ich auf alle
860 540 3308 760 äussere Karriere verzichten kann, u. so leben wie mein
854 653 3286 869 tiefstes, bestes Wissen es verlangt ... Als kürzlich die
863 794 3101 1001 lich Frau Margrit Boveri mit mir über unsere
863 910 3261 1086 Beschäftigungen sprach u. mir sozusagen gratulierte
857 1023 3192 1252 zu dem was ich hier leiste, – da konnte ich nicht
863 1139 3180 1347 anders als ihr meine Zweifel sagen – Und si ich
847 1284 3249 1485 merkte bald, dass wir die gleiche Sprache reden. Dann
866 1359 3252 1629 sagte Sie mir: "Ja, dan[n] kom[m]en Sie eben nicht nach
851 1535 3004 1751 Lissabon zurück ... ja, es ist halb so wichtig!\:p\ [vertical space]
879 1799 3192 2050 \p\Mameli, Du musst mein Buch lesen, da steht alles
895 1974 3305 2197 drin. Jetzt aber muss ich packen, – u. vielleicht schon
957 2116 3176 2323 in Tetouan, sicher in Sils, werde ich die Ruhe
891 2216 3035 2426 finden, um zu einem Entschluss zu kom[m]en.\:p\ [vertical space]
866 2423 3220 2627 Inzwischen sind meine innigsten Gedanken bei Dir
879 2558 3211 2793 u. in Bocken – Grüsse das liebe Memeli, Em[m]y in
863 2709 2649 2957 einem Brief u. sei fest umarmt
1993 2859 2480 3016 von Deiner
2520 3038 3001 3170 Annemarie
479 690 739 820 obil s
1135 727 1233 829 .3
1123 846 1305 957 vird
1358 872 1513 961 tirer
552 931 1523 1095 d'où ils nous
850 1113 943 1203 .
562 1186 758 1293 18-
344 1299 695 1403 de
1057 1297 1250 1444 de
1341 1350 1463 1423 voir
353 1411 830 1519 plaire 3 soire.
1254 1460 1485 1558 de ma
620 1561 1179 1716 gisw1is o2 d
773 1894 1162 2093 212 26
923 2052 1226 2123 „
1156 2298 1505 2391 2641, 62 15
958 2750 1302 2852 -p-n
628 3093 951 3195 or mn
1515 1090 1596 1183 is
1648 1606 1742 1729 18
1691 2650 1918 2753 22 Nov.
2416 610 2643 714 adres.
2052 607 2344 725 de me
2180 739 2343 846 lesd.
1993 844 2468 986 ynoit
2049 987 2718 1139 Gew Z Ihr darst
1963 1101 2054 1192 de
2118 1122 2277 1211 1801
2341 1099 2674 1245 wesent
2542 1497 2712 1618 1702
2273 1497 2444 1606 de
1932 1634 2040 1716 ..
2093 1607 2725 1744 nrdos
2415 2345 2625 2435 de vos
2466 2821 2692 2901 e 2 i
