5376 6894
2568 556 4019 810 Siasconset, Nantucket Island
2990 760 3368 959 1 Sept 40
1639 1078 4664 1316 \p\Klaus, mein Lieber, – sei vor allem sehr bedankt, – ich war, seit
924 1277 4585 1475 Eris' durch Freund Gumpert weitergegebenes Telegramm aus Lissabon schon
934 1470 4640 1709 sehr geängstigt. Nun klingt es also, wenigstens, so gut wie es bestenfalls
914 1590 4818 1793 halt sein kann, – ob die Eltern dadurch ein wenig beruhigt sind? – Ich habe seit
934 1768 4739 1962 dem Augenblick als ich den Clipper davongleiten sah, und mit Gumpert in die
939 1932 4684 2146 City zurückfahren musste, schon mehrere Pfund an Gewicht verloren, und habe
939 2071 4684 2275 so schlaflose Nächte überhaupt noch nie gekannt. Sehr zäh und mühsam schreibe
939 2265 4674 2499 ich die Aufsätzchen, für die Nation jetzt, da Miss Kirchwey eine sehr nette
929 2399 4664 2638 und encouragierende Erscheinung für mich war, – ein Stück "Unter Brüdern.."
944 2558 4640 2802 Schick ich Dir, auf deutsch, – ich weiss nicht, darf man sich's erlauben, den
939 2737 4635 2956 jungen amerikanischen Brüdern irgendetwas vorzuhalten, sie zu warnen, und
944 2916 4789 3095 wenn es noch so traurig und noch so fein und taktvoll gesagt wird? – Du wirst
939 3030 4689 3229 es beurteilen können, wirst mir überhaupt viel raten müssen, wenn ich jetzt
934 3239 4660 3413 mich dazu entschliesse, statt Feuilletons für Basel, lieber für Amerika zu
939 3378 4873 3606 schreiben. Uebrigens sind die Nachrichten aus der Schweiz noch völlig undurch¬
954 3522 4938 3745 sichtig, harmlos klingend, – ja, und hier sagte mir ein Schweizer, ein ganz ordent¬
934 3721 4809 3929 licher Mann, – nachdem er ein Kapitel über unser Land gelesen hatte, – ob dies
929 3845 4823 4049 nicht einfach Defaitismus sei, – ob ich denn meinte, so der Schweiz zu dienen? –
954 3999 4898 4222 Ob man den Schweizern nicht viel lieber wenigstens die Illusion lassen solle,
939 4168 4138 4406 sie seien noch ein freies Volk von Hirten? – Welche Verderbnis, –\:p\
1013 4332 4784 4545 \p\und wieviele denken dort schon so? – Aber das gehört zu den vielen Fragen, di e
1023 4525 4784 4699 man sich vergeblich stellt, wenn man nicht drüben ist. Ich habe schon jetzt
1013 4679 4888 4888 hier zuweilen das Gefühl der Unsicherheit, wenn ich etwa zu einem Amerikaner
1028 4878 4068 5072 über die Europäer spreche, – als sei ich hinter der Glaswand.\:p\
1018 4997 4823 5216 \p\Ich \g\würde\:g\ auch fahren, – aber nun liegt bei mir ja die Passfrage auch im
1013 5171 4933 5385 Argen. Wenn Claude bei De Gaulle ist, wären ja unsere Pässe wohl hinfällig, und
1028 5370 4878 5559 eines Tages würde das bekannt. Wenn ich mich hier "exponiere"– (und natürlich
1033 5494 4818 5653 weiss man nicht genau, welche Handlungen hierfür genügen) – wird die französ.
1018 5658 4863 5847 Embassy es auch zur Kenntnis nehmen müssen. Der Gedanke ist mir sehr unlieb,
1023 5812 4818 6040 einmal wegen der Freiheitsbeschränkung, und dann, weil ich Claude vielleicht
1043 6016 4818 6194 in grosse.[Wort fehlt wahrscheinlich] Ich habe es ihm gestern telegraphisch angedeutet, ob er in einem
1028 6125 4789 6398 solchen Falle – etwa wenn ich nach England führe – die Scheidung für dringend
1023 6294 4799 6497 nötig erachte, – durch eine entsprechende Erklärung von meiner Seite wäre er
1023 6453 4729 6671 doch sicher gedeckt. Wenn er aber nicht antwortet, weiss ich eben nicht, ob\fml\\:p\
894 370 4745 632 \fml\\p\er in London oder Frankreich ist. Ich finde, die Scheidung hätte den Vorteil,
908 597 4809 820 dass ich wieder einen Schweizer Pass bekommen könnte, – allerdings nur solange
899 741 3545 983 sie dort nicht in aller Form gleichgeschaltet sind.\:p\
899 884 4780 1116 \p\Hier stehen die Dinge auch nicht gut, weil Margot genau weiss, dass sie durch
899 1086 4755 1308 ihren Mann in eine schiefe Situation gerät, – und sich entsetzlich quält, wel¬
923 1224 4725 1481 chen Entschluss sie fassen soll, – dabei verlässt sie sich si[o] ganz auf mich,
908 1412 4765 1620 dass die geringste Andeutung, wie unhaltbar die Situation für mich erst sei,
908 1565 4809 1773 fürsi für sie zu einer wahren Katastrophe würde. Ich weiss aber genau, dass da
923 1733 4508 1936 irgeh[n]d etwas geschehen muss, sonst verfüge ich ja nicht mehr über mich.\:p\
908 1871 4868 2064 \p\Bis Du nach New York kommst, wird es sich aber entschieden haben. Für die Zeit¬
908 2049 4878 2252 schrift unternahm ich wenig, weil ich es doch für viel richtiger halte, persön¬
904 2197 4705 2464 lich zu den Onkels zu gehen, – und die Onkels von Nantucket sind zwar reich,
908 2355 3471 2563 aber unleidig, antisemitisch mehr als antideutsch.\:p\
904 2488 4775 2785 \p\Ja, komm nur bald. Wir werden fleissig sein, – wenn ich nicht in der Zwischen¬
908 2716 4735 2943 zeit einen Europa-job und die Möglichkeit bekomme, hin zu reisen. Denn daran
904 2874 2094 3106 liegt mir am meisten.\:p\
894 2903 4646 3234 \p\Bitte grüsse die verehrten Eltern, und auch Franks, – und lass es Dich noch
899 3145 3812 3402 ein cable kosten, falls von Eri etwas zu berichten wäre? –\:p\
2019 3516 3451 3743 Stets, und herzlichst à toi –
3283 3738 3659 3940 Miro [handschriftlich]
