2823 3849
1539 576 2108 731 Bocken, 7 Nov. 35
733 951 1584 1086 Mon cher vieux Claude –
790 1102 2527 1266 Je viens d'arriver. Et, une fois en Europe, je t'aurai
767 1200 2445 1361 écrit, en tout cas, et bientôt. À Teheran les
778 1307 2513 1495 derniers mois étaient trop pénibles, et j’avais
783 1416 2520 1625 peur de fixer une situation, surtout de la
781 1539 2584 1719 juger, d'une façon trop importante et trop peu
797 1680 2627 1869 provisoire. Tout là-bas était provisoire excepté
790 1782 2584 1969 la personne – même de Claude. Et le provi¬
790 1889 2538 2080 soire, pendant que c'était en même temps
767 2008 2554 2199 aventure, (voyage, expédition, vie d'archéologue)
756 2112 2518 2310 était supportable – mais mélangé au milieu
781 2235 2433 2447 diplomatique je le détestais. Je détestais
747 2358 2490 2552 surtout de passer mon temps avec des gens
776 2470 2559 2686 que je n’avais pas choisis et que je ne voulais
792 2604 2499 2798 pas du tout voir. Je voulais, que Claude
774 2722 2456 2902 aussi reserve le mieux en nous à une
808 2852 2615 3103 vu ou un but "absolu" qui n'existe pas pour
781 2973 931 3062 lui.
760 3057 2395 3314 Je vois qu'il faudra faire des concessions
778 3184 2415 3421 pour gagner un camarade, – mais qu’il
790 3278 2395 3510 faudra aussi «make up my mind " à ce
806 3410 2322 3653 qui concerne ma propre vie avec ses
621 2614 651 3492 Je ne voudrais pas personellement,
519 2626 576 3482 redemander l'argent à Maud –
771 576 1178 714 nécessites –
796 661 2377 849 Pourquoi veux-tu faire un stage comme
828 789 2342 958 simple ouvrier? C'est quelle carrière
833 915 2381 1091 que tu commence ainsi? Est-ce-que tu
849 1027 2418 1201 pourras rester à Paris, Av. d'Iena, avec
842 1169 2532 1356 Ida? Concernés-tu le travail intellectuel
817 1274 2585 1453 comme "vacances", comme luxe personnel?
803 1382 2608 1599 C’est là – l’idée de contentement personnel –
785 1526 2384 1716 ce que Claude en fait. Pour moi, c’est
824 1638 2528 1807 toujours plus essentiel – et mon état [actuel], très
794 1755 2484 1995 maladif actuel me semble grave, parceque
805 1922 2459 2082 je n'ai plus mes meilleures forces à
824 2002 1526 2164 ma disposition.
814 2121 2562 2313 Mais je vais me guérir. Je passerai les 3 add semaines
798 2265 2448 2434 prochaines au "Neumünster-Kranhenhaus
787 2365 1180 2537 à Zürich.
794 2473 1809 2644 À propos des 300 frs. suisses:
796 2626 2544 2779 Je t'en prie, écrits tout-de-suite un mot à
787 2729 2628 2971 Maud Thyssen, Halmstrasse 10, Berlin-Charlottenburg
807 2866 2521 3068 pour qu’elle renouvelle le check – et essaye
796 2997 2601 3209 d'obtenir l'argent aussi vite que possible.
789 3113 2313 3317 Ich habe nämlich das Geld dem
814 3241 2573 3413 Empfänger geliehen. brauche es selbst aber
821 3333 2386 3575 ziemlich nötig – Schicke es also bitte
805 3445 1219 3617 an mich.
1319 267 1403 398 – 2 –
791 548 2445 720 Ich bin nach Berlin gefahren, um mich
784 671 2447 868 eben um Maud T. zu küm]ern – es war
797 762 2571 974 sehr notwendig, obwohl es ihr – körperlich –
817 897 2520 1093 sehr viel besser geht als man erwarten
802 1031 1047 1210 durfte.
802 1177 2450 1374 Je cherche un éditeur pour mon livre.
806 1325 2487 1509 Noël, je me décide si je veux le donner
813 1462 1290 1581 à Querido.
793 1559 2240 1776 Bien des choses à Ida. À toi, mon
786 1701 2142 1926 chéri. Il ne faut jamais penser
793 1844 2237 2063 que je t'en veux de quoi que ce
795 1979 2131 2207 soit, où que je t'éloigne de
791 2147 2332 2416 ma conscience. Je t'aime beaucoup –
1608 2531 1977 2657 An[emarie
671 2973 2264 3236 P.S. Claude viendra, si ton oncle le permet,
868 3128 2297 3362 en Mars pour son congé. Tout le reste
875 3216 1798 3375 est encore dans le noir.
905 1260 2161 1479 Je serais heureuse de
893 1518 1970 1717 lire les poèmes de
903 1718 1326 1848 ta mère. –
1003 1934 1956 2073 Monsieur Claude Bourdet
1106 2099 1693 2217 47, Av. d' Iéna
1566 2253 1812 2395 Paris
