2742 3791
170 388 2571 636 apartment house [punkt] zurich
1472 564 2589 750 hotel bellerive au lac
1917 761 2281 926 18. Juni
535 988 1230 1156 Mon cher Claude -
541 1075 2434 1323 was für ein hübsches Briefpapier, um Dir einen
543 1233 2401 1457 letzten (doch nicht allerletzten!) sehr dringenden
555 1350 1445 1520 Vorschlag zu machen! -
543 1442 2473 1669 Ich brauche Dir nicht lange auseinander zu setzen,
555 1571 2491 1750 weshalb, Du glaubst mir doch dass ich dringende
591 1669 2541 1941 Gründe habe - jedenfalls kan] ich Samstag / Sonntag,
573 1774 2428 1971 23. -24. Juni, nicht nach Genf kommen, wohl
579 1908 2461 2087 aber nach Basel. „cher ami : je crois que ce
606 2022 2365 2201 sera important de se voir – bitte, wen] es
576 2135 2517 2326 möglich ist, nim] die wenigen Stunden längerer
606 2252 2434 2416 Bahnfahrt noch auf Dich u. komm
588 2356 2514 2547 nach Baseö. Ich habe dort Samstag morgen
642 2476 2476 2661 geschäftlich zu tun u. würde Son]tag mit
657 2604 1344 2765 Dir dort bleiben.
654 2712 2356 2867 Wen] du nicht kom]st, sehen wir uns erst
693 2840 2177 3004 Ende Juli, bitte mach es möglich.
669 2938 2541 3148 Télégraphie pour que je puisse m’arranger
1395 3249 2025 3395 Je t'embrasse
1848 3374 2028 3646 A.
846 1714 1948 1888 Monsieur Claude Bourdet
963 1891 1635 2055 47 Av. d' Jéna
1330 2073 1627 2203 Paris
874 2186 2189 2375 chez M D? Fauconnet
884 2322 1753 2514 4 rue St. Ours.
1853 2385 2263 2545 Suisse
1209 2435 1586 2568 Geneve
