3511 4377
2064 205 2453 413 Jan 27
708 644 1829 963 \p\Meine liebe Suz –
681 846 3256 1181 jetzt haben sich unsere Briefe gekreuzt
678 1000 3155 1275 u. ich nehme alle Vorwürfe zurück
634 1171 2510 1510 wegen fehlender Nachrichten!\:p\
618 1339 3021 1651 Über unsere Familie zu berichten?
648 1557 3074 1833 Oha! Also – die Hochzeit war
675 1665 3118 2054 langweilig / obwohl Lucy soweit
611 1893 3162 2215 nett war. Aber Edwin's Grass¬
631 2084 3178 2460 hopper Freunde, vermischt mit den
644 2235 3299 2631 ehrwürdigen Teilen elterlicher Bekan[n]t¬
661 2500 3195 2849 schaften, war unerfreulich. Fredi
671 2685 2990 3004 Hasi u. ich unterhielten uns
638 2802 3064 3165 mit Bär nach Möglichkeit bei
634 3014 3199 3313 Kaviarbrötchen. – Ein nettes Paar sind
688 3188 3239 3480 Ruth u. Charly. Sie ist rührend
698 3383 3306 3739 jung u. doch schon sehr bewusst
638 3531 3346 3907 u. überlegen – natürlich. Die Natür¬
631 3719 3205 4118 lichkeit überwiegt. Charly strahlt
541 276 3108 528 ehrlich – als Unterschied zu seinem
588 528 1089 720 Bruder.
631 634 3290 843 \p\Vreni ist – ich weiss nicht wie. Man
641 787 3310 1066 möchte gern mit ihr reden aber
621 956 3277 1225 sie ist ziemlich verstellt, u. kein
637 1192 3303 1391 Mensch kom[m]t draus, ob sie es will,
627 1328 3151 1580 oder nicht. Sie sieht schön aus.
604 1514 3310 1773 Lotti ist ziemlich still u. auffallend
671 1640 3194 1969 hübsch auf die Entfernung. Sie
604 1853 3117 2098 sind mir fremd, Magde bemahlte
624 2005 3224 2294 uns ympathisch. Unsere Onkels, auch
684 2108 3287 2444 Papa mögen Ruth u. nehmen Charly
657 2341 3137 2573 sehr ernst. Tante Elis Elsie ist
664 2467 3280 2749 sehr krank – Tante Olga ist furcht¬
701 2613 3257 2975 bar nett u. weniger selbstkritisch
661 2839 3005 3147 als früher. Tante Em[m]y – eine
687 3025 2978 3317 blühende Witwe, die vergisst,
667 3187 3197 3559 Magde auf die Finger zu schauen.
720 3386 3131 3718 Peter gefällt mir. Er fährt Skie,
720 3506 3038 3894 arbeitet u. läßt Familienfeste
681 3811 2560 4047 bei Seite. Soo – adieu\:p\
2297 4014 2951 4200 An[n]emarie
