2408 1851
616 838 2240 988 Fräulein Marian[n]e Breslauer
834 1061 2124 1225 Rheinbabenallee 29
1071 1326 2023 1480 Berlin-Dahlem
1926 522 2221 703 ZÜRICH
1614 413 2713 648 Bocken bei Horgen
1877 610 2459 804 20. Dez. 32
691 1208 2713 1355 Marianne, wie sind wohl unsere
691 1348 2997 1568 Aufnahmen auf der Landstrasse
673 1517 2806 1718 geworden? Der "Dame" würdig?
713 1668 2982 1887 Es ging mit der Zeit nicht mehr,
710 1874 3069 2052 sonst hätte ich Dich noch angerufen,
688 1971 3194 2190 mit dem alten Wagen bin ich dan[n]
670 2128 3060 2356 hinter Bayreuth ziemlich verun¬
645 2318 3113 2525 glückt – der Wagen sieht scheusslich
657 2490 3104 2659 aus u. musste dort stehen bleiben.
673 2644 2828 2835 Ich wurde, leicht verstört, nach
695 2822 3135 3041 Nürnberg gebracht u. kam erst gestern
710 2985 2982 3185 nach Hause. Sehr ärgerlich war es,
676 3151 3047 3379 u. traurig wegen dem braven alten Wagen.
670 3291 3007 3507 Wie geht es Claudia? Ich habe mich
688 3479 2941 3729 ungern damit abgefunden sie nicht
685 3651 3035 3902 selbst empfangen u. haben zu dürfen.
700 612 2556 815 Ich will jetzt, ganz ungestört, an
688 767 2501 937 Jerry arbeiten. Es wird doch
697 931 1868 1037 ein schönes Buch —
742 1050 2735 1214 Bitte, kan[n]st Du mir die Photos
724 1196 2723 1418 schicken? Und gern noch ein
721 1366 2884 1622 paar Abzüge von jener Aufnahme
748 1558 2900 1713 im Ullstein-Atelier (die ich aber,
630 1731 2650 1959 endlich, auch bezahlen werde!)
706 1926 2842 2130 Geht es Dir gut? Ich wünsche Dir
672 2111 2805 2331 recht schöne Weitmachtstage. Und
706 2294 2537 2507 vielen Dank für die Photos.
1497 2592 1798 2823 Deine
1999 2659 2650 2799 An[n]emarie
316 3736 2769 3961 P.S. Ich denke noch an das Dorf Dahlem.
