5158 7263
643 814 1287 1085 Berlin –
3222 888 4243 1218 am 19.I.33
808 1377 4738 1749 E – Deine Mutter gab mir, irgendwo am Rande
782 1648 4637 1898 Münchens, eine Adresse u. Telefonnum[m]er, ich
787 1882 4371 2047 habe beides nicht recht behalten, u.
755 2031 4940 2287 vielleicht bist Du auch schon wieder in die
760 2287 4913 2526 Stadt zurückgekehrt. Ab u. zu vernahm ich
771 2430 4924 2765 etwas von Deinen Erfolgen die ja doch nicht
803 2637 5004 2941 ausbleiben dürfen, endlich nicht, weil eben
803 2834 4860 3121 Beharrlichkeit gegen die Nazis u. bösen Mächte
787 3089 4780 3366 siegt, u. auch weil Deine Verse zu schön
787 3286 4998 3600 sind. Ob Du schon am neuen Programm dichtest?
808 3504 5041 3786 Faist munkelte so etwas, aber ich will von ihm
798 3680 5009 4015 gar nichts wissen weil er ein schlechter Mensch
840 3871 4802 4137 ist. Er hat mir übrig sehr Böses angetan,
707 4100 4972 4451 (aus Rachsucht gegen Mops – meine ich –) nämlich
819 4334 4897 4626 irgendwem oder mehreren gesagt, Mops hätte
819 4541 4881 4866 mir M[orphium] gegeben – was, Du weisst wie das in
755 4754 4855 5052 Berlin zugeht, in variablen Formen schon
814 4977 4807 5270 zu Maria u. zu aller Welt gedrungen ist.
771 5275 4897 5466 Und weil Maria so etwas ungern vernim[m]t ist.
766 5371 4802 5690 es mir recht schrecklich – [=sehr langer Strich] Dafür habe ich mir
760 5583 4972 5828 weil ich Kum[m]er im[m]er mit Missgeschick verbinde,
739 5764 4834 6120 angesichts ganz friedfertiger Menschen u. so
787 5950 5014 6323 ganz rasch u. nebenbei eine richtige Alkohl¬
814 6179 4961 6551 vergiftung zugelegt, ein unbeschreiblich scheuss¬
771 6386 4584 6652 licher Zustand, Maria hat mich, dank
867 6626 4685 6923 ärztlicher Sachken[n]tnis, die Nacht über
1021 6865 4749 7136 gepflegt u. gerettet. Ich fürchte bloss dass
1039 862 4710 1222 ich monatelang den besten französischen,
1004 1115 4593 1460 Cognak einfach verabscheuen werde.
1004 1338 5029 1688 Einen Tag darauf fuhr ich dan[n] träumend
1029 1556 4730 1851 mit dem neuen Wagen in die Berliner
1039 1729 4740 2063 Strassenbahn, was mich auch sehr be¬
1055 1947 4842 2317 küm[m]ert, den[n] er (der Wagen) hat es nicht
1009 2094 5035 2530 verdient u. muss nun morgen zur Repara¬
1014 2332 4761 2773 tur. Um das Unglück gut u. voll zu
1024 2576 4994 2951 machen u. es Dir gleich so hintereinander
1014 2743 5040 3235 mitzuteilen, habe ich auch nur Schulden
999 3042 4766 3519 u. für ein reiches, von zu Hause schon
1029 3280 4715 3671 Sanft gemahntes Mädchen ist es so
989 3473 5070 3868 schrecklich erschwert, auch nur das Dringendste
1024 3858 2342 4183 aufzutreiben ...
1009 3909 5019 4340 \p\So stehen die Dinge, u. mir sank eigentlich
1024 4168 4908 4588 der Mut. Jetzt raffe ich mich aber wieder
1055 4330 5014 4872 auf, u. will dem Schicksal Trotz bieten weil
1049 4528 4837 5045 es noch Schlimmeres gibt. Klaus schrieb
1070 4740 4953 5166 mit Breitbach eine Karte – u. die "Suzan[n]e
1019 4969 4822 5435 Dasseldorf" [gemeint ist  Breitenbachs Roman "Die Wandlungen der Susanne Dasseldorf" (1932) ] fand ich endlich doch sehr
984 5151 5009 5668 gut obwohl mit vielen Aussetzungen. Ich fand
1110 5334 4958 5714 nämlich die reine Darstellung, die tatsäch¬
1034 5542 5045 5937 lichen Dinge ungeheuer lebendig, den "Schnath"
1080 5810 4685 6180 geradezu erstaunlich, u. alle anderen
1100 5967 4695 6327 Figuren bis zum Koch in der Kaserne
1070 6135 4654 6439 auch sehr nahe u. direkt vorgestellt. Die
1085 6338 4730 6723 Erzählung, fand ich, sei ein wenig wie
1166 6556 4614 6814 in einem Kriminalroman, d.h. die
1080 6753 4259 7057 äussere Span[n]ung sehr gross, die\fml\\:p\
1229 576 4748 823 \fml\\p\in[n]erlich bewegten Momente selten. Ein
1210 813 5019 1094 gewisses dichterisches sehr reines Element
1215 958 4913 1302 fehlt – während jede Seite vom Radetzki¬
1229 1147 4951 1491 marsch [Roman von Joseph Roth] davon flimmert u. beinahe jeder
1181 1365 4782 1602 Satz es mir antut – Aber die äussere
1171 1558 4855 1863 Span[n]ung verpufft nach u. nach, u. der
1215 1776 4675 2067 Schluss ist kläglich u. dün[n] so dass
1220 1980 5000 2284 man gar nicht weiss warum das alles.
1186 2197 4985 2459 Ich war nur richtig erfreut dass aus dem
1181 2415 4569 2647 netten eitlen Gärtnerburschen etwas
1152 2599 5048 2812 Berühmtes werden soll. Was hingegen soll
1234 2730 5005 2996 ich mit der unverheirateten u. mit der
1157 2870 4869 3146 endlich verheirateten Susan[n]e beginnen?
1171 3093 4946 3388 Vor allem ist die lange Geschichte gut erzählt,
1142 3214 4985 3465 aber sie löst sich so unzweckmässig auf in
1108 3407 4855 3645 tausend kleine Verwicklungen, Ärgernisse,
1108 3586 4966 3891 u. Böswilligkeiten. Kurz, ich würde das
1113 3785 4874 4051 Buch nicht lieben obwohl ich es gespan[n]t
1162 4003 3267 4288 u. schnell gelesen habe.\:p\
1089 4138 4724 4380 \p\Was machst Du den[n] ausser Dichten im
1065 4322 4758 4613 Vorort? Und warum bist Du nicht zu
1089 4540 4976 4917 Hause geblieben? Ich stelle mir vor dass Du
1162 4709 4598 5106 ausser der abendlichen Geselligkeit
1171 5000 4859 5232 meistens allein bist. Ich telefoniere Dir
1108 5150 4942 5460 nicht weil ich Dich zu lange nicht gesehen
1157 5319 4893 5624 habe, da fällt ein Telefon so hilflos aus.
1074 5595 4917 5929 Was Mops betrifft – da der Jack hier ist u. seine
1050 5672 4801 6084 unerträgliche Arroganz u. viel falsches Pathos
1002 5832 4704 6210 um sie herum häuft, stehe ich plötzlich vor
1050 6021 4884 6384 etwas mir ganz Unzugänglichem. Von Mops
1084 6248 4627 6524 wie sie eben noch war, ist nichts mehr
1074 6394 3678 6732 übrig. Das ist recht sonderbar – [= sehr langer Strich]\:p\
1074 6621 4346 6863 Lebwohl, Eri, u. wenn Du nicht dichtest,
1084 6791 2933 7066 schreibe bitte bald
2909 6844 3524 7091 Deiner –
4012 6974 4191 7163 A –
