1482 2279
594 1128 720 1158 \f\Fotografie eines Jungen, der mit einem Feldstecher in einen See hinausblickt.\:f\
118 1535 1353 1707 Cher Papa qui c'est sa? avec ces lunettes
98 1648 1320 1805 qui regarde su le lac? Moi je suis allé à
91 1762 1307 1950 Arn chez le Schmied pour faire mon Velo –
89 1870 1277 2039 alors demain je vais chez le Schmied à
80 1980 1281 2143 Horgen; il doit faire mon Velo; il est
88 2083 1217 2215 cassé. – Chez nous il a pleu – Et en
95 117 703 247 baise ton Pedy. –
88 199 1352 359 Che Pape – gestern hab' ich meine Soldatene
79 312 1335 470 geholt;  Am u. morgen i. d. 4t machen
71 405 1264 526 wir die erste Schlacht. – Ich thu dem
79 504 1291 712 Hasi sei Pferd scheeren. - Liebe Grüsse
712 627 1256 766 theine Annemarie
104 705 443 842 Un baise,
580 738 771 865 Hasi. –
923 1078 955 1288 An den
704 1113 769 2206 Comandanten d. Bat. 56 ad. ist.
500 1101 555 2203 Herr Magri : Gst. Schwarzenbach
292 1397 334 1816 Bat. 56
