2976 3760
186 293 394 347 1
402 405 667 606 A.S.
1972 215 2516 405 11 Sept. 29
1701 410 2622 760 Bocken / Horgen
704 785 1765 1056 Chère Jaqueline
558 1092 2410 1307 je suis tellement découragée
572 1304 2457 1539 ce soir. Vous me demandez
505 1494 2631 1731 de ne plus l'être. Je vous
517 1740 2639 1963 assure que j’essaye de bon
550 1946 2748 2181 coeur. Le soir ça me va plus –
651 2175 2619 2413 je vous l'avoue, et parceque
564 2388 2806 2633 cela me causerais un sentiment
547 2603 2558 2812 d'houte de vous le cacher.
606 2818 2530 3080 Voyez-vous : Si la lutte est
547 3083 2435 3320 ouverte, si les difficultés
606 3292 2463 3530 sont réelles, si c'est un
137 289 425 323 2
511 315 2464 552 ennemie net? et clair : alors
569 581 2473 768 j'ai du courage. J'aime
540 766 2484 976 la vie simple et franche
514 965 2825 1161 et les aventures qui demandent
456 1164 2502 1361 des décisions rapides. Mais
445 1410 2441 1699 pas ça : Ces jours lents et
508 1641 2522 1831 lourds, des malentendements,
480 1800 2467 2155 des offenses, des sentiments
500 2089 2476 2256 blessés, des nervosités, des
488 2273 2811 2470 libertés intes captivités intérieures –
506 2487 2635 2715 Vous vous souvenez du dîner
552 2715 2346 2932 à Bocken ? Après vous
488 2926 2585 3189 disiez : "C'est l'atmosphaire –
745 3126 2770 3490 h' y étouffe. "  Qulquefois moi
234 278 355 313 3
522 364 1821 660 aussi j'y étouffe.
501 616 2689 850 je n’ose pas parler librement.
510 818 2551 1059 On me reproche des choses
522 1023 2560 1317 que je n’ai pas fait. On
513 1282 2331 1531 prend chaque mot au
534 1507 1226 1777 tragique.
460 1777 2645 2029 En partie, c’est aussi Tania :
478 1968 2516 2246 elle n'est pas heureuse, et
537 2205 2847 2519 elle ne le saura jamais parcequ'
481 2431 2715 2718 elle ne veut pas : elle n’a pas
466 2648 2803 2912 de courage. Moi, je ' en souffre pour
501 2827 2452 3117 Tania parceque ma pitié l'aime.
540 3035 2801 3320 Mais ce n'est pas seulement Tania.
604 3296 2751 3528 Je voudrais partir. Etre seule,
3014 226 3146 268 4
3220 302 5378 545 et faire ma vie de mes propres
3255 469 5185 654 forces. Ici on est comme
3270 610 3715 798 brisée.
3164 777 5305 1047 C'est mille fois plus dur que
3170 944 5340 1196 de se séparer de Vollmoeller.
3179 1164 5129 1396 C’est aussi plus dur que
3173 1328 5334 1581 d'être sans vous, parceque
3199 1566 5179 1765 ça ne cesse pas - je suis
3170 1762 5381 1994 fatiguée. Je vous prie de me
3217 1947 5537 2208 comprendre. Vous dites qu'il faut
3223 2138 5475 2369 être forte. Mais mes forces ne
3199 2331 5501 2575 sont pas libres. J’ai peur que
3240 2540 5381 2765 vous ne comprenez pas, que
3249 2730 5402 2971 vous jugez simplement. Ecrivez
3138 2930 5498 3161 moi et pardonnez que j’abusse
3176 3108 5364 3293 ami de ma confiance en vous :
3053 3264 5273 3501 Mais c’est vous qui me l’avez
3155 3419 3704 3586 donné.
4865 3466 5513 3604 An[emarie
182 326 333 372 5
520 373 2331 593 En même temps, je pense à
573 590 2147 791 vous et je voudrais
559 734 2469 966 savoir ce que vous faites.
542 941 2283 1133 Si vous êtes contente à
576 1133 2268 1393 Nyon, si les photos
545 1348 2514 1602 sont réussies, si vous avez
500 1593 2466 1771 de bonne nouvelles de votre
511 1785 2367 2048 amie Suzanne. Je voulais
441 2045 2356 2195 aussi vous dire que nous
489 2153 2602 2421 avons vus The singing pool" :
475 2356 2740 2641 c'est le typique film sentimen¬
540 2591 2588 2862 tal. (pas tragique!!) américain,
500 2839 2545 3014 mais sa valeur est sauvée
528 3031 2712 3269 par l’enfant qui lui donne
559 3237 2720 3497 une réelle et grande tristesse
201 340 352 376 6
726 356 1997 610 j'ai presque pleuré!
560 726 2629 990 [space] Une question à propos de Tania.
588 955 2491 1172 Est-ce que vous pouvez me
541 1145 2428 1335 donner des adresses pour
519 1344 2491 1537 des cours où on apprend à
552 1465 2378 1749 soigner des petits enfants?
494 1697 2715 1986 je compte placer Tania l'année
538 1961 2557 2201 prochaine dans une maison
513 2160 2533 2436 d’enfant et elle voudrait se
552 2323 2690 2635 préparer déjà cet hiver, (soit
585 2571 2748 2817 théoriquement où comme stagière?)
946 2866 2444 3142 Ecrivez bientôt, je vous
894 3115 1454 3291 en prie -
331 3228 2513 3446 parceque je ne tiens plus sans cela
2232 3410 2704 3581 An[emarie
