2678 3347
1340 965 1910 1179 10. Juli 1932
649 1192 1399 1392 Liebe Annemarie
990 1332 2002 1498 es ist sehr freundlich
674 1454 1987 1622 von dir, daß du mir dein mit
662 1555 2011 1700 H. R. Schmid gemeinsam ver¬
671 1671 1915 1801 fasstes Buch zugestellt hast. [Winter in Vorderasien - dass Schmid daran beteiligt war, ist wohl ein Missverständnis]
678 1770 1949 1880 Ich danke dir herzlich dafür
664 1861 1960 1984 und werde mich gleich an die
656 1944 2039 2127 Lektüre machen. Als Gegengabe
819 966 2069 1166 bitte ich dich das beiliegende
811 1114 2096 1254 Büchlein entgegen nehmen zu
842 1213 2026 1360 wollen, dessen Existenz dir
811 1308 2119 1435 wahrscheinlich bereits bekannt
824 1412 2135 1580 ist [seine Memoiren]. Ich bitte um nachsichtige
813 1495 2086 1652 Beurteilung da ich nicht zur
831 1596 1380 1756 Zunft gehöre.
1241 1700 2065 1865 Herzlich dein Onkel
1725 1854 1919 2010 Georg
