5474 6803
1880 292 3576 579 MAUDE HOTEL
549 559 1746 732 ELECTRIC LIGHTS & FANS
514 697 1776 826 HOT & COLD WATERTOILET
801 786 1489 920 IN ALL ROOMS
643 885 1657 1029 ROOMS WITH PRIVATE
851 974 1449 1103 BATHROOMS
727 1029 1573 1192 SUITS OF ROOMS
598 1143 1702 1340 WITH PRIVATE SALOONS
455 1276 1805 1429 TEL. ADDRESS: – "MAUDE BAGHDAD"
623 1400 1662 1568 PHONE. BAGHDAD – 526
688 1504 1568 1662 MANAGING PROPRIETOR. : –
692 1612 1563 1800 Francis Asmar
3032 1083 3804 1291 BAGHDAD.
3200 1187 3497 1350 (IRAQ)
4462 1098 4882 1271 193[4]
1143 1969 1553 2171 2. März
1123 2359 4669 2626 Lieber Klaus, ich frage mich was Du von der Persönlichkeit
1138 2567 4897 2834 von Miss Bell halten willst – sicher errätst Du gleich, dass sie
1148 2745 4902 3037 für mich sehr viel Anziehung besass, deshalb schrieb ich auch,
1128 3007 4971 3235 nach soviel trockenen und buntschildernden Artikeln (aber nein,
1138 3190 4773 3393 ich habe dem Nazi-Schumacher ja gar nichts zukommenlassen) –
1143 3339 5060 3665 also, da erlaubte ich mir ein Atemholen, eine kleine Freude, einen
1143 3611 5025 3848 poetischen Ausflug – daraus wurde der Aufsatz der doch eine zärt¬
1148 3843 4917 3982 liche Feder verrät. Und, nun gesteh ich was Du übrigens weisst:
1167 3972 4778 4224 dass es mir natürlich sehr unbehaglich vorkam, der "Sammlung"
1167 4155 5134 4437 etwas zu schicken, obwohl wiederum der Platz unter Deinen grossem
1157 4427 4996 4645 Ohms und Autoren eine Ehre für mich bedeutet. Das Unbehagen war
1157 4645 4877 4823 dass ich ja gerne nach Berlin reisen und manche Freunde dort
1157 4828 4991 5060 sehen möchte – und anderes mehr. Nun habe ich mir aber gedacht, es
1157 5030 5065 5268 geht zu weit – ich bin ein freier Bürger eines freien Staates, und
1167 5174 5025 5426 solange ich kein Staatsoberhaupt beleidige (so hiess es wohl?) ...
1202 5396 4862 5693 und eine Tageszeitung wäre doch Miss Bell nicht angemessen,
1157 5589 4813 5856 und kurz und gut ich fühle mich Dir auch zu befreundet, was
1177 5861 4709 6104 solls – Frägt sich nur, ob Du das Ding überhaupt \g\magst\:g\?
1088 753 4994 928 Hier schmilzt der Schnee in den iranischen Bergen, und ich fahre
1088 928 4911 1190 übermorgen um fünf Uhr – drei Tage bis Teheran. Es ist alles sehr
1093 1176 4755 1438 weit – aber dann, siehst Du, ist es auch genug und ich reise an
1103 1399 4683 1622 den persischen Golf, und wer weiss ob ich nicht vielleicht –
1103 1554 4799 1778 in einem Monat wird es sein – über Holland zurückfliegen kann?
1108 1797 4916 2006 Schreiben kann man mir gar nicht mehr, ausser vielleicht wieder
1093 1996 4785 2162 hierher nach Baghdad welches ich doch in drei Wochen wieder¬
1093 2210 4697 2395 sehe. Ich habe manches dafür übrig. Grüsse den Knaben dessen
1112 2356 4751 2589 Gesellschaft Dich erfreut – ach Klaus, wie lange haben wir uns
1093 2604 4930 2846 eigentlich nicht mehr gesehen? Sie lange hause ich schon an den
1093 2793 3230 3055 äussersten Flüssen des Paradieses?
1108 3036 4794 3255 \p\Natürlich möchte ich auch etwas aus Deinem Roman [Flucht in den Norden] hören, bevor
1108 3206 4241 3502 er druckreif ist – und das muss ja bald soweit sein. –\:p\
1088 3386 3269 3697 \p\Leb mir wohl – grüsse auch Landshoff –\:p\
1108 3633 4751 3901 \p\(und kein Wort über alles was aus Europa wie eine Welle der
1112 3852 4858 4007 Finsternis, bestürzend und ungewiss, bis hierher gedrungen ist)\:p\
1826 3988 4284 4425 Nimm die zärtlich befreundeten Gedanken
3245 4381 3527 4522 von
3565 4610 3901 4887 Miro
