1999 2492
1047 290 1358 370 VILLA FAVORITA
1142 347 1389 394 CASTAGNOLA
1163 385 1486 467 SCHWEIZ (TESSIN)
1118 443 1517 582 22. Sept. 33
391 566 1326 712 Mon cher ami Claude -
408 668 1731 823 Ta lettre était bonne et charmante,
424 792 1717 915 c'est le soleil qui m'a empêché
405 861 1728 1019 de ts  t'écrire plus vite, et te
403 965 1708 1116 remercier, tu comprends mon
394 1083 1642 1219 vieux d'avoir accepté avec
398 1186 1675 1339 tant de gentillesse que je ne
387 1290 1759 1452 pouvais pas venir à La Graulet.
389 1410 1564 1547 Mein Liebster ich werde es
346 1521 1740 1667 nachholen wenn ich von der Reise
380 1622 1757 1795 zurück bin wir werden sehr viel
387 1724 1691 1887 Zeit zusammen haben u. uns
391 1851 1797 2005 wunderbar verstehen. Wir haben,
429 1948 1780 2125 Du u. ich, soviel Pessimistisches,
453 2104 1806 2261 fast das letzte unserer Gedanken
487 261 1737 419 über unser bedrohte Existenz
513 400 1695 536 uns geschrieben, aber Claude
483 506 1540 632 wir müssen doch Mut
446 599 1711 767 fassen, oder: uns beruhigen.
441 716 1755 892 Je sens quelquefois une nouvelle
407 856 1679 996 patience, presque confiance,
410 963 1778 1110 envers tout ce qui nous arrive.
428 1064 1734 1227 Tu sais que j'ai vu Remarque
362 1187 1650 1323 à Ascona, c'est un homme
371 1302 1796 1464 excellent et humain. Ich denke
361 1409 1727 1572 eben daran, Dir von ihm zu
352 1524 1760 1691 sprechen, weil er, einige Jahre
366 1639 1725 1842 älter als wir, das Problem des
359 1778 1650 1938 Da-Seins so schön, menschlich
375 1918 1744 2075 u. gelassen für sich gelöst hat
423 2018 1608 2187 obwohl ich überzeugt bin
391 2155 1755 2290 dass er einer jener Leute ist
378 238 1452 419 die letztlich keine Lösung
361 374 1643 499 ken[n]en. Du, Claude chéri, bist
382 471 1591 596 Romane - vielleicht ergeht
387 557 1664 702 es Dir anders. Ihr Lateiner
382 650 1800 797 findet ja Formen die beinahe
415 750 1791 908 einen harmonischen Inhalt
423 884 1772 1014 vortäuschen. Mais aujourd'hui
363 962 1861 1134 c'est, peut-être, devenu impossible.
385 1098 1692 1240 Et quelquefois je me sens très
350 1206 1725 1348 près de toi, vieux Claude - tu
367 1349 1065 1470 le sais du reste
376 1403 1658 1580 Ich habe 14 herrliche Tage
370 1552 1608 1712 zugebracht. Ich liebe dieses
380 1666 1794 1820 "zugleich südliche u. herbe" Land.
361 1777 1645 1941 Ich bin sehr gesund u. fahre
376 1910 1664 2044 heute nach Zürich. Ich bin
380 2014 1627 2157 froh zu Erika zu kom[m]en.
1587 594 1779 1971 Ich habe manchmal das alte ...
1466 561 1613 1926 u. aktuelle Gefühl: keine Zeit
1387 624 1482 1983 verlieren – bei meinen Freunden
1213 648 1403 1995 sein – das letzte ist notwendig,
1139 626 1280 1300 das erste nicht.
1040 648 1179 1932 Claude: es wäre für mich sehr
923 687 1078 1961 sehr schwierig von Zürich weg
800 620 979 1866 - d. h.  nach Genf zu fahren.
697 610 852 1989 Aber Du bist doch frei - nimm
573 612 767 2029 1 Tag dazu für Zürich - u. mich.
315 507 491 2102 Je retourne au travail. Ah, je le répète :
210 523 349 1646 j'ai beaucoup de courage.
127 915 258 1732 Tendresse pour Claude -
125 2135 162 2265 A.
425 858 741 970 Francia
554 1131 953 1266 Monsieur
1001 1130 1727 1266 Claude Bourdet
633 1250 1192 1441 "La Graulet"
938 1412 1604 1576 par Bergerac
215 1610 594 1764 Dordogne [Stempel: 22.9.1933]
1109 1548 1328 1578 [Stempel: 24.9.33]
