2916 3616
524 507 1176 543 Kilchberg-23 Aout 33
512 959 2496 1097 Cher vieux Claude - ich habe Dich warten lassen, es hatte, von Berlin
502 1032 2499 1190 aus, so wenig Sinn und wenige Zeit,zu schreiben - und um es jetzt zu
507 1135 2489 1266 tun, wäre auch ein langer, ernster Brief nötig. Es ist alles tres
502 1233 2376 1399 différent, wenn man "drin" ist, schwieriger gerecht zu
507 1326 2499 1492 urteilen, psychologischer auch - denn, wie Leute draussen beur teilen
512 1439 2371 1597 doch alle Vorgänge stark theoretisch, sie diskutieren noch wie
507 1542 2401 1685 im Monat März über Dinge die drin längst nicht mehr diskutabel
507 1655 2451 1753 sind. Positiv zu melden wäre nur eins: dass nämlich, im Augenblick,
507 1740 2428 1868 der Nazsoz so sehr allgemein und selbstverständlicg [sic] ist, dass es
505 1838 2511 2004 ihn, mindestens in den alltäglichen Aeusserungen, entgiftet -
507 1946 2464 2074 d.h.die Masse, die Hitlerjungen, die jungen Leute, etc. tragen ihren
515 2044 2451 2190 naiven Enthusiasmus, ihre Freude an der Bewegung, dem Fortschritt,
507 2157 2451 2313 der Tatsache dass man sich um sie kümmert, in die an sich so ganz
502 2285 2461 2406 andere Nazibewegung hinein, so dass das Volkstümliche daran viel
542 2351 2549 2469 weniger abstossend ist als man von aussen herv denkt. Wie aber wird
515 2451 2529 2584 es, wenn die Leute merken, dass sie betrogen werden, dass die Arbeits¬
507 2554 2496 2680 losenverminderung durch Tricks geschieht, dass SçA. [sic]sein nur Rekrut
507 2649 1281 2798 und Sklave sein bedeutet?
512 2757 2346 2918 Fülle der Probleme - aber eine Menge recht an ständiger
502 2830 2521 2983 Leute machen jetzt mit, einfach weil sie in ihrem Beruf aktiv sind,
507 2963 2504 3106 sich nicht ausschalten lassen können - und um zu leben und zu
505 3106 2348 3219 arbeiten, muss man Nazi sein. Opposition kann dort nue[sic]  noch ma [sic]
507 3167 2207 3330 machen, wer sich der Sach [sic] der Opposition durchaus opfert.
611 585 2490 753 Und ich - ich habe alles geordnet, einen Artikel an die Berl. Jll.
516 694 2436 858 gebracht, und mit vielen Archäologen gesprochen - je compte partir
509 794 2409 938 bientot - c'est pourquoi, cher ami, je ne pourrai probablement pas
514 882 2324 1016 venir te voir - cher Claude, tu comprendra si je te dis que ce
514 1004 2473 1130 voyage en orient est tres important pour moi-die erste objektive
504 1089 797 1235 Leistung.
755 1223 2497 1355 Grüsse aber Deine Mutter - schreibe wie es ihr geht, und Dir
499 1281 882 1462 mein Lieber -
850 1557 1286 1718 Amitié tendre
1509 1857 1654 1893 A
