3512 4637
3086 74 3226 165 -
1846 189 3205 455 Fetan am 26. Sept.
536 578 3107 904 Lieber Herr Pfarrer, ich muss Ihnen
480 795 3191 1051 schreiben, um Ihnen zu sagen, dass
490 981 3303 1240 ich am Leben bin u. dass ich, auch
441 1156 3110 1387 ohne zu schreiben, sehr oft an
455 1299 2427 1513 den Reiner Hügel denke.
459 1429 2963 1751 Ich habe Ferien gehabt, aber ich
462 1639 3201 1891 glaube, es war nicht lange genug –
431 1828 3324 2052 Den[ ich bin sehr müde u. arbeite
480 1965 3170 2245 weniger als im Som[er. Im[erhin
508 2147 3058 2403 bin ich viel rascher vorwärts
494 2329 3163 2567 gekommen als die Anderen hier.
483 2469 3026 2749 Wahrscheinlich mache ich in 3
722 2676 3079 2918 5 Wochen das erste Examen.
469 2795 3212 3082 Dan[ wird es mit allem besser
504 2974 2904 3282 werden, de[n ich habe jetzt 49
574 3135 3194 3499 Stunden jede Woche ohne alles
518 3317 3194 3650 andere. Das macht mich na¬
462 3534 1863 3804 turlid sehr müde.
550 3643 3331 3958 Überhaupt hat das Lernen hier etwas
543 3863 3131 4175 Niederdrückendes. Ich bin sehr
571 4077 3114 4382 selbstandig u. merke nicht viel
414 232 3069 523 von Institutsvorschriften. Aber ich
400 386 3240 684 kan[ mich nicht an die Leute hier
485 608 3305 912 gewöhnen. Meine Freundin[en sind
448 742 3195 1073 ein paar kleine Mädchen, darunter
410 909 3093 1217 das kleinste u. jünfste Wesen der
489 1018 3342 1452 ganzen Schule. Dass ich von ihnen
502 1210 3291 1562 nicht viel habe, stört mich nicht.
492 1336 3236 1726 Sie sind dankbarer u. feinfühliger
468 1555 3212 1917 als Viele, die sich halberwachsen
506 1726 3260 2102 wähnen ohne jede in[nere Reife des
547 2037 1001 2238 Denkens.
492 2177 2973 2426 Was denken Sie vom Wandervogel?
475 2338 3260 2601 Die Briefe, die ich bekom[e, sind
509 2457 3086 2792 erfüllt vom grossen Wechsel der
482 2570 3062 2994 letzten Wochen. Sie sind alle
492 2755 3216 3154 lebendig geworden u. arbeiten mit
496 2966 3305 3315 neuer Freude. Ich glaube, ich gehöre
482 3192 3195 3489 nicht mehr dazu – ich bin zu weit
468 3428 1295 3705 weg davon.
496 3534 3154 3869 Haben Sie geschrieben? Es ist schon
550 3670 3195 4057 lange her, seit ich Sie zum letzten
588 3910 1938 4214 Mal geschl. habe.
1589 4169 2703 4361 Ihre An[emarie
666 2862 898 3016 der
622 2978 828 3152 And
4002 514 4186 588 vous
3932 662 4180 778 dée
3924 974 4174 1114 dire
