4363 5492
563 1152 2605 1543 Schloss Kolbsheim / Elsass
1062 1492 1728 1788 Montag
787 1887 4054 2253 E.-Liebling, ich habe es sehr erwogen,
791 2115 4049 2467 nach München zu fahren u. von dort
774 2313 4178 2618 erst nach Berlin, inzwischen wurde ich
774 2502 4165 2884 auf freundliche Weise hierher verschlagen,
748 2687 4110 3035 wo man fürstlich empfangen, samt
726 2906 4165 3263 Victory versorgt u. verwöhnt wird wie
748 3138 4002 3443 es sonst in Büchern zu lesen ist. Ich
735 3332 4191 3551 war, eben Münchens wegen, mit Wider¬
696 3525 3946 3873 streben gewappnet was durchaus nicht
757 3749 4011 4049 freundlich von mir war – aber hier vor
778 3942 3882 4230 grossem Feuer in der Bibliothek zu
800 4135 3856 4458 lesen, u. durch herbstlich gefärbte
800 4355 3791 4660 Gartenwege zu gehen, oder zwischen,
860 4539 3779 4832 Weinreben u. Obstbäumen, stim[m]t
817 4763 1784 4999 versöhnlich –
808 4926 3933 5309 ich werde also, fügsam, morgen nach
806 458 3767 900 Freiburg u. von dort Mittwoch gegen
840 767 3329 1097 Berlin fahren, u. dort in
797 973 3827 1307 Fronau, Fischtalweg, bei meiner
831 1204 4036 1577 Cousine Frau Dr. Albers-Schönberg
763 1517 3891 1804 wohnen – Wenn Du gar keine Miene
758 1718 3749 2061 machen solltest in abzusehender
818 1954 4011 2318 Zeit nach Berlin kom[m]en zu müssen,
771 2181 3964 2477 lass es mich bitte wissen. Ich bin, Du
746 2438 4002 2828 merkst es übrigens selbst, zum Briefe
741 2682 4101 3012 Schreiben nicht recht fährig. Die Welt
771 2918 4041 3244 ist mir vollständig unbegreiflich, ein
763 3102 3886 3411 Chaos ohne Halt, u. das setzt sich
801 3317 4058 3651 bis in das Leben des Einzelnen fort
823 3514 4096 3878 dessen Sin[n] u. Richtigkeit in keiner Weise,
823 3788 1980 4011 einzusehen ist –
810 3895 3964 4251 Das sind Probleme der 18 jährigen,
788 4148 4174 4482 die plötzlich ordnungslos wiederkehren –
763 4315 4208 4671 Aber jenes Gespräch mit Klaus: ob in so
758 4555 4002 4915 gefährdeter Zeit die Bemühungen des
891 4752 3809 5108 Einzelnen noch berechtigt seien,
771 4962 3856 5339 sein Leben überhaupt am Platz
830 483 3873 876 – ist geeignet, jede private Existenz in
804 677 3217 1088 zweifelhaftes Licht zu setzen –
830 990 4055 1299 Du weisst ja wie das zugeht: Irgendeine
762 1232 3805 1515 Frage ergreift Dich, dan[n] siehst Du
762 1405 3665 1778 sie überall u. ständig auftauchen – [vertical space]
669 2235 3881 2556 Jetzt lese ich Französische Literateur, mit
749 2438 3987 2798 viel Verwunderung übrigens, genau wie
753 2624 4165 3166 mich die trotz besten Willens vorhandene
715 2840 4004 3284 Kluft, die französische u. deutsche
775 3102 4021 3534 Denkungsart tren[n]t, in der täglichen
753 3306 3200 3678 Konversation hier erstaunt [im Elsass] – [vertical space]
762 3826 3962 4304 Werde ich die Adr. v. Klaus in Berlin
766 4127 3598 4525 finden? Was macht inzwischen
770 4359 1600 4707 "Plagiat" [gemeinsame Stück von EM und KM]?
770 4609 3530 4999 ich schwanke, in meiner jetzigen
753 4825 3369 5320 harmlosen Existenz, zwischen
912 521 3497 898 Entschliessungen der extremsten
894 796 3468 1119 Art – zuweilen fühle ich mich
894 1046 3287 1325 gleichsam blind u. lebe als
887 1285 3388 1625 sei alles ringsum von grosser
883 1517 2085 1879 Gleichgültigkeit
887 1745 3272 2053 dabei regt sich irgendwo eine
894 1984 3073 2277 merkwürdige Aktivität –
898 2183 2968 2440 Man sollte vielleicht doch
912 2367 3215 2708 "sein Leben einsetzen" dürfen.
905 2577 1955 2903 Aber für was – [vertical space]
1050 2972 2577 3291 Grüsse für Therese –
1151 3207 4062 3573 für Medi u. Bibi (ich sollte ihnen
1158 3464 3812 3844 doch für ihren Brief danken)
1155 3729 4044 4141 für Dich in erneuter Anhänglichkeit
2538 4015 2867 4192 von
2845 4109 3149 4326 A. –
380 4532 1148 4829 Für Klaus:
319 4851 1817 5282 Telefon Tegel 24.13
