3548 4502
2308 170 3025 392 [April/Mai 1930]
693 880 1965 1074 Ma chère Jaqueline
676 1040 2983 1282 vous êtes gentille de ne pas me
696 1230 2914 1455 gronder – it je vous assur que
648 1351 2963 1601 ce n'est pas mauvaise volonté
634 1504 2751 1788 que je ne vous ai pas écrit
586 1646 3285 1909 une longue lettre. Mais aujourd'hui
638 1847 3247 2117 je veux vous raconter un peu, ce
627 2003 3413 2280 que je faits: l'Université a recommen¬
880 2169 3177 2450 cée je suis assez remise pour
606 2398 3358 2626 pouvoir travailler. Vous pouvez vous
617 2536 3229 2786 imaginer combien j'en suis heureuse
617 2713 2980 2907 et je veux travailler, beaucoup
620 2904 1358 3080 travailler –
582 2980 3122 3274 On a publié un article de moi que
593 3188 2945 3427 qui a eu un assez grand succès –
599 3340 3205 3593 je voudrais bien que vous le lisiez,
613 3541 3094 3749 Jaqueline – car je sais que vous
586 3659 2973 3950 l'aimeriez – j'ai écrit sur la
561 3881 2238 4144 "position de la jeunesse" –
661 452 3146 648 Cion Elisabeth part demain. J'étais
676 605 3058 839 tellement contente qu'elle était
670 754 3308 991 là, car j'ai. peu d'amies [ici],exceptée.
2556 739 2706 823 ici
714 938 3139 1194 Hundi? qui est un camarade mer¬
705 1160 1291 1291 veilleux –
655 1534 2828 1724 [space] Et vous, comment allez-vous?
705 1674 2896 1846 J'espère que vous êtes tout à
676 1833 3108 2048 fait remise et – contente – je vous
717 1970 3208 2229 souhaite du courage, du travail,
655 2135 1712 2360 et le sourire.
648 2263 3146 2460 Donc nous allons faire les grandes
617 2397 3202 2656 routes en Allemagne – je vais faire
620 2578 3124 2840 des projets plus exactes – et je vous
633 2796 1166 2937 écrirai –
689 2868 2924 3121 N'est-ce pas vous n'aller pas me
689 3040 2999 3283 faire attendre longtemps pour
658 3217 2232 3423 avoir de tvos nouvelles?
1316 3386 2762 3585 Bien à vous toujours
1827 3688 2647 3906 Annemarie
