5240 7317
2351 399 4127 641 Beyrouth, bei Regen. Januar 34
974 1438 4566 1630 \p\Klaus, Brüderlicher – mir kommt es auch vor als sei es an Dir
979 1574 4692 1741 Dich der ausbleibenden Briefe wegen zu wundern – der Deine kam
964 1680 4798 1857 mir gestern, und sehr gelegen – Beyrouth, mag ich es auch anfangs
984 1796 4858 1937 und nach dem kalten amerikanischen Norden über die Massen lieb¬
984 1902 4692 2053 lich gefunden haben – jetzt, so auf die Länge und bei Regen und
979 2018 4737 2154 allein – ich glaube auch, ich habe mich gestern, anlässlich eines
974 2094 4793 2250 hübsch geplanten Abends mit Döschen Fisch recht vergiftet. Aber
974 2205 4682 2351 morgen soll das Leben wieder anders werden und ich fahre mit
913 2301 4742 2462 zwei jungen Leuten – davon der eine ein Schlumberger und etwa so
974 2401 4535 2533 wie wir junge, fleissige und gelehrsame Männer gerne haben –
913 2492 4959 2654 also, mit ihm und einem deutschen Herrn von Walther fahre ich nach
933 2633 4879 2755 Damaskus wo die Derwische jährlich einmal und eben gerade morgen
928 2734 4868 2876 nacht [sic] sich drehen, nach den Gesängen ihres dichterischen Meisters
938 2835 4823 2982 Celaleddin. Sein letzter Nachkomme, Meister in Konya, hat sich, als
928 2926 4833 3072 ihm Kemal Pascha das kosmische Kreisen verbot, in Stambul zuerst
938 3057 4995 3199 in europäisch vorgeschriebener Kleidung gezeigt, hernach zu seinem
933 3143 4737 3269 Hotelfenster hinabgestürzt. Verzeih das grausige Geschichtlein –
928 3244 4863 3395 aber es ist so gewesen, und was wir morgen sehen ist der ausster¬
943 3355 1630 3511 bende Rest.\:p\
943 3365 4778 3582 \p\\g\Warum\:g\ hast Du mir eigentlich nie und prinzipiell nicht die
938 3532 4853 3688 Sammlung zugeschickt? Ich bin über die "Mühle" bestens informiert –
943 3648 4833 3789 gerade fiel mir Herzogs Tagebuchstückchen in die Hände – und Dein
943 3718 4964 3905 Brief berichtete ja nur höchst Erfreuliches – ob die Schweizer auch
928 3854 4879 4001 weiterhin standhalten – mir gefällt es ungemein von ihrer Seite, we
883 3970 4762 4107 wenn es auch nicht schwer sein sollte, sich an der Gabe von Eris
943 4071 4863 4197 Persönlichkeit zu erfreuen. Aber die Leute sind ja so sonderbar ...
943 4152 4742 4298 Dass Marias Chef A. W. Meyer sich das Leben nahm, habt Jhr sicher
959 4263 4894 4430 vernommen – es war ein harter Schlag für Maria, und im Uebrigen ein
943 4389 4016 4510 neuer Fingerzeig Gottes den niemand beachten will –\:p\
969 4450 4889 4611 \p\Was treibt Queri mit Euch? De Laange scheint sehr rührig – dass der
959 4581 4641 4702 betrübliche Fall von Alt Jakob Wassermann Euch nun auch noch
959 4606 4783 4813 Verdruss kosten muss! Den Tod Georges vernahm ich, wie es zu ihm
959 4783 4626 4934 passt, wie eine verspätete, nicht ganz sicher belegte Legende.\:p\
2174 4838 4823 5020 \p\½ [?] Eben war mein Mahmut da, der mich, seit Fred
938 4964 4818 5141 Pasternek westwärts fuhr, nicht aus dem Auge lässt. Er ist Schuh¬
959 5080 4601 5242 putzer seines Zeichens, überdies mein Diener, und bald schon
948 5186 4515 5328 mein Freund. Ein hübscher Mensch und unbehafteter als unser
938 5257 4646 5459 Manuel dessen Blatt mir auch gar keine Freude bereiten kann!
959 5383 4899 5534 Was unsere Finanzen anbetrifft, Kläusilin [sic], so werden die Dreihun-
948 5469 5005 5625 derter des Februars ziemlich pünktlich einlaufen. Und auch für den
959 5615 4646 5741 März soll Sorge getragen werden – Wie steht es nachher? Mit mir
959 5706 4535 5837 etwa so, dass die Reise mich ziemlich, aber nicht übermässig
959 5802 4646 5968 in Anspruch nimmt – dafür fordert der April und Mai allerdings
974 5928 4662 6094 erhebliche Autosteuer – und Versicherung, an das Haus im Tessin
1024 6014 4768 6170 soll auch gedacht sein – berichte mir eben, wie sichs macht, denn
1009 6140 4223 6266 keinesfalls möchte ich Dich hierin im Stich lassen ...\:p\
948 6220 3602 6342 \p\Meine Adresse ab Ende des Monats wird sein:
1130 6276 4667 6453 Bagdad, Jrak, c/o Wagonlits-Cook – und das ist dann wirklich
1014 6392 4768 6619 abscheulich weit. Aber die Zeit soll ja unweigerlich vergehen,
1024 6518 2921 6675 auf was man sich auch einlasse –\:p\
1024 6604 4051 6816 Adieu, Lieber und Befreundeter – grüsse L. recht sehr
2654 6735 3769 6987 Ich bin im Treuen –
3456 6897 3779 7083 Miro
