3530 4520
2479 226 2938 441 20. X. 29
785 870 1987 1117 Lieber Ernst Merz
758 1102 3108 1374 ich danke Dir für Deinen Brief.
767 1302 2948 1555 Ich glaube dass Du Einiges in
755 1492 2809 1694 meinem Eric, was andere
773 1646 3032 1921 übersehen, verstanden hast, eben
782 1927 3207 2144 weil es etwas gemeinsames zwischen
767 2120 1362 2319 uns ist.
773 2286 3099 2546 Ich habe jetzt sehr viel zu tun. Aber
779 2464 2935 2691 Ende dieser Woche, oder Anfang
752 2658 2929 2878 der nächsten, möchte ich gern
843 2824 2993 3086 zu Dir kom[en. Passt es Dir zu
716 3029 3056 3298 der wenig gebräuchlichen Zeit direkt
752 3246 3210 3503 nach dem Essen, also zw. 1h u. 3h?
1136 3500 3044 3769 Bis dahin herzlichen Gruss!
2174 3850 2860 4071 An[emarie
