1893 2434
258 493 780 598 HOTEL ASTORIA
1103 530 1375 644 14. Juli
353 571 676 649 BADGASTEIN
340 626 704 737 TEL: INT. 250 & 251
464 835 1100 951 Claude, cher ami  –
467 939 1693 1085 es war eine grosse Enttäuschung.
455 1006 1604 1149 Ich weiss gar nicht was ich tun
453 1140 1558 1248 soll vor lauter Mutlosigkeit.
472 1238 1604 1343 Je n'ai pas du tout envie de
452 1378 1603 1471 continuer à vivre. Je me sens
452 1447 1589 1560 triste à mourir. Je ne voulais
447 1581 1577 1691 pas te l'écrire, parceque tu
440 1683 1545 1809 ne comprendras pas, et tu es
426 1798 1509 1920 trop jeune. Mais je ne sais
459 1929 1506 2059 pas comment continuer.
347 349 1565 456 J'ai passé ici deux semaines avec
374 416 1590 562 Maud, la plus jolie et la plus
385 551 1601 670 charmante femme du monde.
382 631 1519 780 J’ai beaucoup travaillé, et
364 744 785 859 assez bien.
365 826 1273 960 Je vais maintenant à
426 954 1101 1064 Leermoos, Tyrol
842 1037 1596 1195 Hotel Drei Mohren
344 1157 1619 1311 et Erika y sera, heureusement
362 1286 1632 1431 en quelques jours! Mais je quitte
374 1386 1693 1524 Maud, cette enfant amie plein de
420 1501 1658 1653 tendresse et de cruauté, avec
388 1614 1693 1767 les le sentiment d’ "impossible",
405 1763 1703 1883 profondément découragé. Je crois
411 1852 1635 2007 que je l’aime, et voilà que cela
387 1973 1655 2080 ne semble avoir aucun sens et
382 2080 1431 2180 de donner aucun espoir.
391 340 1607 515 De partir pour Teheran me semble
435 476 1423 625 une fuite, profondément
404 571 701 716 senseless.
364 1039 1686 1192 Ce n'est pas pour ça que je t'écris.
391 1164 1520 1298 Il faut, Claude, que tu me
407 1279 1518 1415 donnes quelques précisions,
400 1392 1408 1497 und zwar weil ich Dir
432 1475 1538 1623 Vorschläge machen will, die
474 1585 1569 1707 ich nur machen kan wen
428 1687 1651 1830 ich darüber informiert bin.
1566 411 1601 1997 1) Was willst Du nach dem Dienst tun.
1470 534 1525 1935 Wie alt bist Du, welchen Beruf willst
1366 532 1419 1725 Du haben, wo wirst Du leben?
1171 453 1219 2057 Wie unbabhängig bist Du? a) von Deinen
1062 471 1120 2214 Eltern? b) finanziell? Hast Du sehr viel Geld?
840 281 871 1968 3) Wan u. wie denkst Du Dir, dass wir uns seen können?
751 463 803 982 sehen könen?
559 607 629 2165 Réponds à Leermoos. J' y reste 14 jours
453 629 498 1985 avant de rentrer à Bocken pour
336 637 384 2108 préparer mon voyage. Amitié tendre –
204 1726 247 2111 Anemarie
541 1102 1322 1262 Leutnant Bourdet
567 1245 1480 1376 93o RAM en manoeuvres
724 1384 1484 1509 Camp des Rochilles
724 1542 1541 1708 par vollaire. Savoie
222 1626 593 1763 Frankreich
