<?xml version="1.0" encoding="UTF-8"?>
<validation-wrapper>
   <PcGts xmlns="http://schema.primaresearch.org/PAGE/gts/pagecontent/2013-07-15">
      <Metadata>
         <Creator>prov=READ-COOP:name=TrHtr:version=2.36.0:model_id=51170:date=09_01_2026_08:13</Creator>
         <Created>2026-01-08T15:04:18.743+01:00</Created>
         <LastChange>2026-01-09T08:38:44.514+01:00</LastChange>
         <TranskribusMetadata docId="13529391"
                              pageId="111818101"
                              pageNr="1"
                              status="IN_PROGRESS"
                              userId="194245"
                              imgUrl="https://files.transkribus.eu/Get?fileType=view&amp;id=YJBIVXMFWDJXMELMUBQAORYW"
                              imageId="94459151"/>
      </Metadata>
      <Page imageFilename="letter_0433_001.jpg"
            imageWidth="2164"
            imageHeight="2794">
         <TextRegion orientation="0.0" id="tr_1" custom="readingOrder {index:0;}">
            <Coords points="65,64 65,2750 2080,2750 2080,64"/>
            <TextLine id="tr_1_tl_3" custom="readingOrder {index:0;}">
               <Coords points="1174,395 1241,423 1410,390 1795,393 1937,433 2069,390 2049,266 1867,286 1678,239 1323,251 1174,303"/>
               <Baseline points="1188,382 1232,381 1276,379 1320,379 1365,379 1409,379 1453,379 1498,376 1542,376 1586,376 1631,379 1675,379 1719,379 1763,379 1808,379 1852,379 1896,379 1941,376 1985,376 2029,376 2074,379"/>
               <TextEquiv>
                  <Unicode>Bocken den 12 [unleserlich] [add from Above: Sept.]</Unicode>
               </TextEquiv>
            </TextLine>
            <TextLine id="tr_1_tl_4" custom="readingOrder {index:1;}">
               <Coords points="348,796 418,771 753,768 853,825 965,768 1067,783 1067,649 932,659 743,572 440,559 346,584"/>
               <Baseline points="361,760 396,759 432,758 467,759 503,761 538,758 574,760 609,761 645,761 680,761 716,761 751,761 787,762 822,764 858,764 893,764 929,764 964,764 1000,764 1035,764 1071,764"/>
               <TextEquiv>
                  <Unicode>Lieber Papa!</Unicode>
               </TextEquiv>
            </TextLine>
            <TextLine id="tr_1_tl_5" custom="readingOrder {index:2;}">
               <Coords points="430,970 1318,960 1410,1014 1713,1019 1713,858 1397,863 1280,796 1059,898 927,865 691,893 589,838 430,868"/>
               <Baseline points="444,952 507,950 571,946 635,950 699,954 762,952 826,952 890,952 954,953 1017,953 1081,953 1145,955 1209,952 1272,952 1336,952 1400,956 1464,956 1527,955 1591,955 1655,955 1719,952"/>
               <TextEquiv>
                  <Unicode>Wir waren Sonntag</Unicode>
               </TextEquiv>
            </TextLine>
            <TextLine id="tr_1_tl_6"
                      custom="readingOrder {index:3;} textStyle {offset:20;length:1;strikethrough:true;}">
               <Coords points="149,1278 470,1213 632,1253 1104,1186 1410,1236 1564,1176 1902,1201 1922,1019 1507,1002 1149,1121 957,1037 554,1104 370,1044 152,1059"/>
               <Baseline points="164,1191 252,1194 340,1194 428,1189 516,1183 604,1180 692,1182 780,1183 868,1183 956,1184 1044,1178 1132,1179 1220,1179 1308,1179 1396,1179 1484,1178 1572,1170 1660,1170 1748,1164 1836,1161 1925,1164"/>
               <TextEquiv>
                  <Unicode>in Meilen. Süzannee Sstrickt</Unicode>
               </TextEquiv>
            </TextLine>
            <TextLine id="tr_1_tl_7" custom="readingOrder {index:4;}">
               <Coords points="177,1430 1151,1447 1549,1392 1934,1437 1934,1283 1825,1253 1770,1293 1546,1258 1445,1328 890,1261 746,1308 584,1261 435,1320 291,1236 177,1270"/>
               <Baseline points="191,1376 278,1373 365,1378 453,1377 540,1375 628,1373 715,1375 803,1373 890,1376 978,1376 1065,1376 1152,1377 1240,1375 1327,1375 1415,1373 1502,1373 1590,1373 1677,1373 1765,1370 1852,1367 1940,1370"/>
               <TextEquiv>
                  <Unicode>für den Ameisenverein eine</Unicode>
               </TextEquiv>
            </TextLine>
            <TextLine id="tr_1_tl_8" custom="readingOrder {index:5;}">
               <Coords points="211,1596 505,1643 627,1596 2014,1594 2014,1492 1614,1430 1211,1422 1019,1492 783,1437 656,1524 368,1435 211,1469"/>
               <Baseline points="226,1558 315,1567 405,1573 495,1573 584,1573 674,1570 764,1567 853,1570 943,1570 1033,1570 1123,1567 1212,1567 1302,1570 1392,1567 1481,1564 1571,1561 1661,1561 1750,1561 1840,1561 1930,1555 2020,1561"/>
               <TextEquiv>
                  <Unicode>kleine Hose. Ich habe von</Unicode>
               </TextEquiv>
            </TextLine>
            <TextLine id="tr_1_tl_9" custom="readingOrder {index:6;}">
               <Coords points="177,1798 1693,1753 2054,1812 2054,1616 1962,1576 1440,1668 1149,1609 664,1701 177,1648"/>
               <Baseline points="191,1761 284,1755 377,1752 471,1751 564,1749 658,1749 751,1749 844,1749 938,1752 1031,1752 1125,1749 1218,1752 1311,1749 1405,1752 1498,1749 1592,1749 1685,1747 1778,1749 1872,1751 1965,1754 2059,1773"/>
               <TextEquiv>
                  <Unicode>Mama eine Karte. Ich danke</Unicode>
               </TextEquiv>
            </TextLine>
            <TextLine id="tr_1_tl_10" custom="readingOrder {index:7;}">
               <Coords points="169,1939 430,1989 758,1934 1186,2001 1775,1959 2064,2019 2026,1803 1611,1852 1502,1800 1186,1847 751,1800 457,1865 169,1815"/>
               <Baseline points="182,1928 276,1922 370,1923 465,1924 559,1923 654,1927 748,1930 843,1932 937,1934 1032,1934 1126,1937 1220,1933 1315,1932 1409,1934 1504,1931 1598,1931 1693,1931 1787,1928 1882,1928 1976,1928 2071,1940"/>
               <TextEquiv>
                  <Unicode>Dir viel mal für den Brief</Unicode>
               </TextEquiv>
            </TextLine>
            <TextLine id="tr_1_tl_11" custom="readingOrder {index:8;}">
               <Coords points="169,2141 723,2123 1007,2210 1228,2126 2076,2190 2031,1994 1952,2046 1783,1982 1546,2074 1211,1989 815,2049 169,2014"/>
               <Baseline points="182,2110 276,2113 371,2116 466,2116 561,2119 656,2119 751,2121 846,2122 941,2125 1036,2130 1131,2124 1225,2119 1320,2119 1415,2122 1510,2122 1605,2122 1700,2122 1795,2125 1890,2131 1985,2130 2080,2134"/>
               <TextEquiv>
                  <Unicode>Peterli hat jetzt nicht mehr</Unicode>
               </TextEquiv>
            </TextLine>
            <TextLine id="tr_1_tl_12" custom="readingOrder {index:9;}">
               <Coords points="204,2372 870,2429 1300,2337 1504,2399 1661,2330 2059,2332 2059,2188 1832,2180 1626,2255 1412,2166 1024,2248 589,2185 467,2253 303,2178 204,2223"/>
               <Baseline points="217,2295 309,2298 401,2301 494,2304 586,2302 679,2304 771,2307 863,2306 956,2307 1048,2312 1141,2313 1233,2310 1325,2310 1418,2309 1510,2307 1603,2307 1695,2310 1787,2313 1880,2313 1972,2310 2065,2322"/>
               <TextEquiv>
                  <Unicode>die Mauser. Ich kann Wello</Unicode>
               </TextEquiv>
            </TextLine>
         </TextRegion>
      </Page>
   </PcGts>
   <PcGts xmlns="http://schema.primaresearch.org/PAGE/gts/pagecontent/2013-07-15">
      <Metadata>
         <Creator>prov=READ-COOP:name=TrHtr:version=2.36.0:model_id=51170:date=09_01_2026_08:13</Creator>
         <Created>2026-01-08T15:04:18.827+01:00</Created>
         <LastChange>2026-01-09T08:42:16.249+01:00</LastChange>
         <TranskribusMetadata docId="13529391"
                              pageId="111818268"
                              pageNr="2"
                              status="IN_PROGRESS"
                              userId="194245"
                              imgUrl="https://files.transkribus.eu/Get?fileType=view&amp;id=PTGPZTQANHHGDQTOAETBHHNQ"
                              imageId="94458853"/>
      </Metadata>
      <Page imageFilename="letter_0433_002.jpg"
            imageWidth="2164"
            imageHeight="2794">
         <TextRegion orientation="0.0" id="tr_1" custom="readingOrder {index:0;}">
            <Coords points="170,358 170,2387 2092,2387 2092,358"/>
            <TextLine id="tr_1_tl_1" custom="readingOrder {index:0;}">
               <Coords points="237,497 594,445 726,502 868,454 1200,511 1285,466 1820,495 1853,334 1469,357 1363,319 1190,379 951,293 563,312 234,234"/>
               <Baseline points="247,435 327,435 408,440 488,442 569,444 650,444 730,449 811,453 891,449 972,443 1053,441 1133,441 1214,441 1294,441 1375,442 1456,447 1536,444 1617,443 1697,444 1778,445 1859,450"/>
               <TextEquiv>
                  <Unicode>fahren, Suzanne auch;</Unicode>
               </TextEquiv>
            </TextLine>
            <TextLine id="tr_1_tl_2" custom="readingOrder {index:1;}">
               <Coords points="206,632 800,641 852,686 1072,634 1966,641 1910,558 1602,490 1467,547 1297,466 1122,537 776,511 641,568 469,495 206,558"/>
               <Baseline points="220,629 307,632 395,629 482,632 570,631 658,632 745,635 833,637 921,641 1008,632 1096,632 1184,638 1271,638 1359,634 1447,632 1534,632 1622,629 1710,629 1797,630 1885,631 1973,635"/>
               <TextEquiv>
                  <Unicode>aber weist Du ich komm</Unicode>
               </TextEquiv>
            </TextLine>
            <TextLine id="tr_1_tl_4" custom="readingOrder {index:2;}">
               <Coords points="215,840 781,823 902,887 1122,831 2011,859 2011,700 1865,760 1533,760 1398,700 1285,762 968,689 696,760 461,681 386,760 215,774"/>
               <Baseline points="229,817 318,817 407,817 497,817 586,820 676,823 765,823 854,823 944,823 1033,823 1123,823 1212,823 1301,826 1391,823 1480,826 1570,823 1659,823 1748,823 1838,823 1927,820 2017,820"/>
               <TextEquiv>
                  <Unicode>nicht auf den Boden [add from above: Pedalle] und</Unicode>
               </TextEquiv>
            </TextLine>
            <TextLine id="tr_1_tl_5" custom="readingOrder {index:3;}">
               <Coords points="192,1025 459,1015 610,1084 920,1039 1365,1074 1623,1015 2023,1060 2023,909 1962,897 1519,963 1306,909 1124,958 807,871 407,954 192,932"/>
               <Baseline points="205,1005 296,1008 387,1008 478,1008 569,1005 660,1005 751,1008 842,1011 933,1014 1024,1015 1115,1014 1206,1014 1297,1014 1388,1013 1479,1011 1570,1012 1661,1014 1752,1015 1843,1011 1934,1011 2026,1014"/>
               <TextEquiv>
                  <Unicode>muss fahren wie mann [sic] auf</Unicode>
               </TextEquiv>
            </TextLine>
            <TextLine id="tr_1_tl_6" custom="readingOrder {index:4;}">
               <Coords points="227,1238 1304,1226 1432,1294 1519,1230 2087,1254 2087,1110 2040,1091 1223,1084 1032,1133 883,1077 561,1145 227,1039"/>
               <Baseline points="241,1191 333,1194 426,1197 518,1197 611,1197 703,1199 796,1202 888,1202 981,1204 1073,1200 1166,1199 1259,1201 1351,1199 1444,1199 1536,1199 1629,1199 1721,1202 1814,1202 1906,1202 1999,1205 2092,1211"/>
               <TextEquiv>
                  <Unicode>Damenwello aufsteigt, und dann</Unicode>
               </TextEquiv>
            </TextLine>
            <TextLine id="tr_1_tl_7"
                      custom="readingOrder {index:5;} textStyle {offset:0;length:2;strikethrough:true;}">
               <Coords points="163,1403 1313,1441 1569,1398 2061,1477 2061,1294 1886,1233 1396,1353 1126,1278 163,1271"/>
               <Baseline points="176,1391 270,1385 365,1388 459,1384 554,1386 649,1393 743,1392 838,1389 932,1391 1027,1391 1122,1391 1216,1391 1311,1391 1405,1390 1500,1388 1595,1387 1689,1390 1784,1394 1878,1394 1973,1397 2068,1399"/>
               <TextEquiv>
                  <Unicode>si bin ich etwas schief we¬</Unicode>
               </TextEquiv>
            </TextLine>
            <TextLine id="tr_1_tl_8"
                      custom="readingOrder {index:6;} textStyle {offset:12;length:1;strikethrough:true;}">
               <Coords points="203,1637 802,1585 987,1675 1467,1607 1725,1656 2011,1592 2011,1488 1678,1507 1169,1436 975,1488 821,1432 639,1505 521,1458 203,1491"/>
               <Baseline points="217,1573 307,1579 397,1579 487,1579 577,1582 667,1585 757,1582 847,1576 937,1579 1027,1579 1117,1579 1207,1579 1297,1576 1387,1576 1477,1576 1567,1582 1657,1582 1747,1585 1837,1584 1927,1585 2017,1588"/>
               <TextEquiv>
                  <Unicode>gez der Stantge. Gestern Mor¬</Unicode>
               </TextEquiv>
            </TextLine>
            <TextLine id="tr_1_tl_9"
                      custom="readingOrder {index:7;} textStyle {offset:14;length:1;strikethrough:true;}">
               <Coords points="251,1843 431,1772 1088,1777 1197,1839 1564,1775 1751,1848 1964,1839 1966,1711 1505,1633 1358,1692 1252,1640 1081,1697 930,1635 726,1706 566,1654 253,1711"/>
               <Baseline points="265,1776 350,1767 435,1769 520,1768 605,1769 690,1771 775,1776 860,1779 945,1776 1030,1776 1116,1776 1201,1770 1286,1765 1371,1767 1456,1770 1541,1770 1626,1771 1711,1773 1796,1772 1881,1770 1967,1767"/>
               <TextEquiv>
                  <Unicode>gen bin ich fesst hinge¬</Unicode>
               </TextEquiv>
            </TextLine>
            <TextLine id="tr_1_tl_10" custom="readingOrder {index:8;}">
               <Coords points="192,2004 355,1959 603,1964 700,2018 1436,1959 1787,1992 1787,1867 1616,1841 1346,1820 1233,1886 1060,1888 937,1843 599,1905 192,1841"/>
               <Baseline points="205,1955 284,1955 363,1955 442,1958 522,1961 601,1955 680,1955 760,1960 839,1955 918,1958 998,1958 1077,1957 1156,1955 1235,1958 1315,1956 1394,1955 1473,1955 1553,1955 1632,1958 1711,1955 1791,1961"/>
               <TextEquiv>
                  <Unicode>fallen, wo ich vor Fräulein</Unicode>
               </TextEquiv>
            </TextLine>
            <TextLine id="tr_1_tl_11" custom="readingOrder {index:9;}">
               <Coords points="206,2184 622,2146 1204,2234 1519,2156 1858,2156 1858,2042 1697,1992 1389,2007 1176,2082 977,2021 712,2099 625,2035 490,2066 317,1999 203,2049"/>
               <Baseline points="217,2143 299,2138 381,2137 463,2138 546,2141 628,2143 710,2143 792,2143 875,2143 957,2143 1039,2146 1121,2144 1204,2146 1286,2149 1368,2149 1450,2146 1533,2147 1615,2148 1697,2149 1779,2144 1862,2146"/>
               <TextEquiv>
                  <Unicode>Straub rundergefahren bin</Unicode>
               </TextEquiv>
            </TextLine>
            <TextLine id="tr_1_tl_12" custom="readingOrder {index:10;}">
               <Coords points="156,2340 1512,2357 1680,2442 1784,2399 1782,2302 1548,2229 1266,2283 1079,2215 970,2279 762,2229 618,2260 435,2163 156,2201"/>
               <Baseline points="170,2319 250,2322 331,2324 412,2325 493,2328 574,2331 655,2334 736,2334 817,2333 898,2330 979,2331 1059,2334 1140,2334 1221,2334 1302,2338 1383,2340 1464,2340 1545,2342 1626,2343 1707,2341 1788,2349"/>
               <TextEquiv>
                  <Unicode>ich kann mein Knie kaum</Unicode>
               </TextEquiv>
            </TextLine>
         </TextRegion>
      </Page>
   </PcGts>
   <PcGts xmlns="http://schema.primaresearch.org/PAGE/gts/pagecontent/2013-07-15">
      <Metadata>
         <Creator>prov=READ-COOP:name=TrHtr:version=2.36.0:model_id=51170:date=09_01_2026_08:13</Creator>
         <Created>2026-01-08T15:04:18.921+01:00</Created>
         <LastChange>2026-01-09T08:44:08.002+01:00</LastChange>
         <TranskribusMetadata docId="13529391"
                              pageId="111818102"
                              pageNr="3"
                              status="IN_PROGRESS"
                              userId="194245"
                              imgUrl="https://files.transkribus.eu/Get?fileType=view&amp;id=OURPDJVLCISEZRXHLHLPKLJC"
                              imageId="94459152"/>
      </Metadata>
      <Page imageFilename="letter_0433_003.jpg"
            imageWidth="2164"
            imageHeight="2794">
         <TextRegion orientation="0.0" id="tr_1" custom="readingOrder {index:0;}">
            <Coords points="110,349 110,1622 2062,1622 2062,349"/>
            <TextLine id="tr_1_tl_1" custom="readingOrder {index:0;}">
               <Coords points="171,498 1467,425 1804,500 1914,471 1911,288 1836,269 1384,332 1191,276 915,356 730,312 481,369 168,286"/>
               <Baseline points="182,423 268,420 355,417 442,420 528,420 615,422 702,423 788,422 875,424 962,426 1049,423 1135,423 1222,423 1309,423 1395,423 1482,423 1569,423 1655,423 1742,423 1829,423 1916,429"/>
               <TextEquiv>
                  <Unicode>bigen u. Vorgestern hat mich</Unicode>
               </TextEquiv>
            </TextLine>
            <TextLine id="tr_1_tl_2" custom="readingOrder {index:1;}">
               <Coords points="112,620 601,662 937,618 1077,664 1272,623 1389,669 1687,618 1916,664 1916,520 1780,481 1352,554 1008,491 496,544 347,476 112,510"/>
               <Baseline points="125,614 214,605 304,608 394,611 484,611 574,611 664,611 753,611 843,611 933,611 1023,608 1113,608 1203,608 1293,614 1382,611 1472,611 1562,614 1652,611 1742,608 1832,611 1922,617"/>
               <TextEquiv>
                  <Unicode>Fredi an die Mauer gestossen</Unicode>
               </TextEquiv>
            </TextLine>
            <TextLine id="tr_1_tl_4"
                      custom="readingOrder {index:2;} textStyle {offset:8;length:2;strikethrough:true;}">
               <Coords points="107,842 1174,850 1306,906 1689,864 1872,913 1887,727 1765,791 1482,715 1348,764 1028,715 806,789 559,693 312,759 217,696 103,725"/>
               <Baseline points="119,811 207,811 296,814 385,817 474,820 563,823 651,829 740,829 829,835 918,835 1007,835 1095,843 1184,847 1273,847 1362,847 1451,850 1539,852 1628,853 1717,853 1806,853 1895,859"/>
               <TextEquiv>
                  <Unicode>das ich es [add from above: dises auch] nich bigen konnte</Unicode>
               </TextEquiv>
            </TextLine>
            <TextLine id="tr_1_tl_5" custom="readingOrder {index:3;}">
               <Coords points="98,1042 2056,1096 2026,935 1462,979 1177,891 422,967 95,903"/>
               <Baseline points="110,1008 207,1006 305,1008 402,1013 500,1016 598,1017 695,1020 793,1020 890,1021 988,1028 1086,1032 1183,1035 1281,1035 1378,1042 1476,1044 1574,1046 1671,1050 1769,1050 1866,1053 1964,1057 2062,1059"/>
               <TextEquiv>
                  <Unicode>mann siet nichts aber es tut weh</Unicode>
               </TextEquiv>
            </TextLine>
            <TextLine id="tr_1_tl_6" custom="readingOrder {index:4;}">
               <Coords points="117,1211 1243,1226 1545,1316 1658,1252 1973,1262 1995,1179 1274,1089 1011,1157 771,1096 115,1108"/>
               <Baseline points="131,1194 224,1194 317,1199 411,1202 504,1202 598,1206 691,1206 784,1207 878,1211 971,1214 1065,1217 1158,1220 1251,1223 1345,1226 1438,1229 1532,1233 1625,1235 1718,1239 1812,1240 1905,1239 1999,1241"/>
               <TextEquiv>
                  <Unicode>ich hab allein gellernt fahren</Unicode>
               </TextEquiv>
            </TextLine>
            <TextLine id="tr_1_tl_7" custom="readingOrder {index:5;}">
               <Coords points="181,1418 330,1409 481,1462 601,1404 886,1453 933,1421 1316,1448 1309,1274 1103,1247 1023,1291 789,1294 671,1230 332,1250 173,1213"/>
               <Baseline points="191,1346 247,1346 303,1348 359,1351 416,1355 472,1359 528,1359 584,1356 641,1358 697,1361 753,1367 809,1367 866,1367 922,1373 978,1381 1034,1379 1091,1379 1147,1378 1203,1378 1259,1382 1316,1388"/>
               <TextEquiv>
                  <Unicode>Viele Grüsse Dein</Unicode>
               </TextEquiv>
            </TextLine>
            <TextLine id="tr_1_tl_8" custom="readingOrder {index:6;}">
               <Coords points="1340,1601 1362,1606 1399,1582 1443,1601 1562,1584 1582,1604 1675,1599 1721,1616 1709,1438 1592,1443 1521,1426 1484,1448 1450,1431 1416,1450 1330,1440"/>
               <Baseline points="1352,1564 1378,1566 1405,1568 1431,1569 1458,1570 1485,1570 1511,1568 1538,1568 1565,1572 1591,1575 1618,1579 1645,1581 1671,1583 1698,1586 1725,1588"/>
               <TextEquiv>
                  <Unicode>Fritz</Unicode>
               </TextEquiv>
            </TextLine>
         </TextRegion>
      </Page>
   </PcGts>
   <PcGts xmlns="http://schema.primaresearch.org/PAGE/gts/pagecontent/2013-07-15">
      <Metadata>
         <Creator>prov=READ-COOP:name=TrHtr:version=2.36.0:model_id=51170:date=09_01_2026_08:13</Creator>
         <Created>2026-01-08T15:04:19.013+01:00</Created>
         <LastChange>2026-01-09T08:44:16.039+01:00</LastChange>
         <TranskribusMetadata docId="13529391"
                              pageId="111818269"
                              pageNr="4"
                              status="IN_PROGRESS"
                              userId="194245"
                              imgUrl="https://files.transkribus.eu/Get?fileType=view&amp;id=QDLMJUAPISNNVHZIRITBFPQJ"
                              imageId="94458854"/>
      </Metadata>
      <Page imageFilename="letter_0433_004.jpg"
            imageWidth="2164"
            imageHeight="2794"/>
   </PcGts>
</validation-wrapper>
