2805 3861
592 796 1109 843 Juillet 32
691 1103 1368 1268 Cher Claude
736 1228 2439 1404 Je n’essaye même pas de vous écrire en
727 1332 2331 1499 Français, den[n] ich möchte nicht dass
727 1445 2458 1613 Fehler Sie beim Lesen stören, während
725 1533 2503 1706 Ihre beiden Briefe für mich stilistisch
729 1667 2043 1844 ein kleines Vergnügen waren.
713 1764 2471 1955 Leider bin ich nicht so sehr "flüchtiges
741 1875 2399 2036 Element“, sondern seit mehreren
732 1984 2501 2145 Tagen krank. Heute habe ich weniger
750 2100 2569 2236 Fieber, trotzdem ist die Lage nicht sehn
725 2279 1234 2403 angenehm.
723 2376 2439 2525 Sie tun gut daran, nach Deutschland,
732 2482 2448 2643 zu reisen. Ich werde allerdings etwa
747 2564 2480 2727 vom 15. Juli bis 7. Aug. in Schweden
745 2670 2419 2813 sein. Sollten wir uns dann gerade
727 2813 2306 2976 verfehlen? Ich würde Ihnen gerne
732 2917 2546 3112 Berlin zeigen. Auch Dominique kommt
720 3074 1814 3250 Anf. August hierher.
736 3173 2489 3420 Die Odysee zu verfilmen ist ein reiz¬
729 3336 2541 3520 voller Gedanke. Aber während meines
707 3443 2528 3622 Studiums der Archäologischen Funde
675 574 2563 771 kom[m]e ich zu im[m]er anderen, überraschenden
691 724 2288 893 Gedanken. Sie wissen dass ich den
680 851 2499 983 Nationalismus nicht liebe, wohl aber
658 938 2354 1098 die gemeinsame europ. Kultur. Wo
658 1063 2474 1232 findet man sie heute noch ausser in
694 1164 2483 1368 ihren Grundlagen? Und es sind sehr
647 1314 2344 1526 gewaltige u. hinreissende Zeugnisse
637 1477 2365 1646 von Mykenae u. Knossos bis zu Ur,
632 1582 1674 1799 Kirde oder Tell Halaf.
668 1799 1540 1980 Mais je ne sais pas
694 1944 1698 2069 si celci vous intéresse?
1025 2128 2100 2318 Freundschaftlich die Ihre
1331 2398 1954 2589 Annemarie S.
878 1889 2185 1984 herrn Claude Bourdet
1395 2119 1842 2166 Zürich
1134 2321 1917 2423 Bolleystr. 34
632 2512 979 2542 Schweiz [Poststempel]
