5456 6911
1095 1627 5169 1900 E. — Du sollst, wen[n] das denkbar, wünschbar
1135 1875 4855 2194 u. möglich ist, zwischen Anfang u. 24.
1155 2062 5209 2427 Januar auf der Lenzerheide Skielaufen –
1145 2291 5199 2600 ich denke dass ich am 3. oder 4. hinauf¬
1110 2503 4708 2873 fahre, am 24. lese ich in St. Gallen –
1145 2721 4459 3071 Das teilt Dir in Eile zum reiflichen
1155 2959 2392 3253 Überlegen mit
2666 3056 3912 3329 Dein Kind A –
1059 3780 1465 4049 P. S.
1069 4034 5103 4348 Ist der von uns zärtlich beförderte Klaus
1130 4231 5103 4556 gut angelangt? Ich triffe nächsten Montag
1095 4444 4029 4799 an wen[n] nichts dagegen geschieht.
