3656 4655
2193 400 3106 461 30. Juillet 1928
770 933 2025 1031 Chère Dominique
684 1158 2924 1231 Moi aussi je suis en vacances –
681 1361 2824 1426 chez ma soer en Suède,
637 1504 2866 1624 c'est très beau et je suis
736 1719 3183 1806 s^re de me reposer. Certainement
702 1944 3217 2017 je ne supporterais pas de rester
550 2100 3135 2233 longtemps ici, car j'ai toujours
615 2380 3096 2466 envie de faire quelquechose, de
683 2564 2917 2713 travaille, d'employer mon
673 2771 3172 2883 temps. J'ai beaucoup de lecture
790 2987 2947 3095 avec moi, aussi jj?étude le
628 3244 3118 3339 piano. En rentrant, vers le
759 3460 3203 3516 15. Août, je reste quelques jours
774 3711 3108 3784 sur le grande campagne de
826 3961 3251 4039 mon oncle entre Hamburg
554 1427 666 1565 d
579 423 2757 495 et Berlin. À Berlin je compte
660 645 2740 756 voir mes deux amies, mais
632 854 2918 947 je ne sais pas si je trouverai
611 1024 2924 1140 le temps. Ensuite je resterai
654 1256 3193 1373 quelches temps à Zurich, j'aurai des
693 1466 3216 1589 leçons de piano avec Mlle Huber (?)
601 1729 3292 1815 et je vais travailler la philosophie
598 1997 1287 2057 ancienne.
550 2190 2929 2241 Chère Dominique, j'oublie que je
641 2385 2988 2425 voulais te feliciter, je suis très
520 2573 2871 2650 contente que tu as si bien
580 2782 3126 2817 réussi en passant ton examen!
1882 3081 3277 3120 Com[emt val Lisette?
610 3285 3092 3367 Il faudra lui donner peu à peu
660 3484 3096 3550 une exercice très régulierement.
596 3668 3240 3765 Du reste je voulais te demander,
596 3956 3192 4028 si tu sais un maître d'équitation
440 301 601 355 II
925 485 3289 554 qui sait avant tout apprendre
940 666 3113 729 à sauter, car je voudrais
825 870 3322 1009 prendre part éventuellement aux
882 1080 3332 1218 concours de l'année 1929 et je
836 1318 3085 1419 voudrais monter 3–4 fois par
840 1532 3341 1647 semaines à Paris. Naturellement
854 1746 3166 1856 je préfère de monter chez
965 2016 3241 2156 le même maître comme toi!
796 2553 2404 2673 Maintenant Schluss!
1747 2810 2608 2878 Bien à toi
2446 3033 3230 3068 An[emarie
1703 578 2415 806 Envoi de: A. Schwarzenbach
2185 638 2834 896 p. Adr. Öhman
1779 861 2480 1043 Saltsjö - Dufnäs
2169 1016 2420 1224 Suède.
