3492 4365
1709 303 2555 506 Bocken, 9. Januar 1935
833 765 1490 920 Liebe Annemarie,
1470 843 3253 1015 \p\dass es Dir schon besser geht, ist schön, dass
627 974 3240 1150 Dein Gefühl des Neugeborenseins durch eine Einspritzung erfolgte,
627 1069 3088 1254 ist weniger erfreulich, denn all die Dinge sind mir zuwieder. –
624 1197 3277 1332 Nach meinen jahrelangen Bemühungen um Dich dachte ich doch, dass Du
620 1271 3294 1456 mich besser kennen könntest! Du mutest mir solch armselig kleinen
627 1392 3321 1527 Gedanken zu, dass es mich kränkt, dass es E.M. war, die Dich zu dem so
620 1504 3327 1649 nötigen Samader-Aufenthalt bestimmte? dass meine Abschied desswegen [sic]
620 1618 3311 1773 so "knapp" war? – es ist traurig, wohin Du gesunken bist, mir das zu¬
624 1713 3166 1837 zuschreiben und nicht einfach zu verstehen, was es für mich nach
614 1844 3199 1959 allem war, dass Du ausgerechnet mit dieser Dame wegfuhrst. – Ja, da
614 1952 3203 2087 kam mir noch einmal klar zu Bewusstsein, dass Du die Freunde wähl¬
610 2033 3105 2168 test, die mit uns nichts gemein haben, dass Du zu ihnen gehörst.
614 2124 3247 2289 Hoffentlich zu Deinem innern Glück – zu Deinem äusseren Wohlleben
614 2272 3196 2404 sind wir angenehm. – Du brauchst Dir keine Sorgen zu machen und
607 2350 3311 2485 Dich nicht aufzuregen darüber, dass ich nicht beglückt war – ich habe
620 2464 3169 2609 trotzdem abgeschlossen mit einem jahrelangen Ringen und Kämpfen.
607 2582 3233 2768 Dass ich der einzige Mensch bin, den Du nicht trügst, das weisst Du
610 2653 1625 2825 wohl in klaren Momenten. –\:p\
610 2754 3223 2940 \p\Wir sind tief eingeschneit! ganz wunderbar schön! Wenn Du weisst
603 2889 3115 3041 wann Du in Dein gemietetes Haus umziehst, berichte es mir – denn
597 2973 3041 3189 Eléonore muss ja dann herauf und das muss ich vorher wissen. –\:p\
