5195 7299
992 788 1671 1061 Mittwoch
932 1304 4706 1646 E. – Dein Brief kam sehr rasch von der
952 1463 4706 1889 Landärztin her, u. ich will über ihre u.
1007 1745 4622 2117 Marias Vortrefflichkeit überhaupt kein
992 1944 4542 2231 Wort verlieren nachdem ich ohnehin
962 2222 4557 2529 schon vier kostbare mit "Bocken" geprägte
947 2370 4666 2797 Briefbögen mit unfruchtbaren Brief¬
1036 2603 4765 3045 anfängen verschwendet habe. Die Tage in
957 2831 4944 3174 Lugano waren eine rechte Pracht u. wir haben
1022 2995 4949 3476 sehr viel Benzin verfahren. Jetzt, in Bocken,
987 3317 4835 3714 gefällt es mir auch ausgezeichnet mit
1036 3516 4979 3932 richtigem Frühling, Reiten u. Plänemachen.
987 3744 4860 4071 Dass ich Han[n]a mit dem Tauschgeschäft der
1002 4012 4944 4240 Balkanreise nicht verletze u. erschrecke, wäre
1051 4165 4969 4508 mir sehr am Herzen gelegen. Ich meine auch
1071 4393 4909 4696 in vollem Ernst dass ich in Canols mehrere
1036 4567 4914 4884 Wochen, in Bocken in paar Tage war u. dass
957 4775 4860 5098 man, in solchen Fällen, im[m]er den Eltern mehr
1031 4998 4974 5341 Rücksicht schulden sollte. Balkanbücher habe
1051 5172 4810 5549 ich in Menge studiert, auch Strassen u.
1096 5465 4706 5693 Karten, u. mir scheint dass man von
1012 5643 4770 6020 Sofia aus unbedingt nach Bucarest u.
1031 5841 4894 6258 an das Schwarze Meer statt gleich nach
1101 6129 4800 6516 Konstantinopel fahren sollte. Aber das
1041 6397 4661 6744 brauchen wir wohl noch nicht so genau zu
1116 6640 1716 6893 wissen.
1161 708 4895 1084 Heute Abend kommt Lili, wen[n] sie zwischen
1200 1036 4553 1363 Berlin u. Zürich nirgens [sic] stecken
1180 1248 4480 1662 geblieben ist. Und am nächsten
1214 1493 4808 1937 Mittwoch möchte ich, mit Maria D.[aelen],
1166 1807 4471 2168 nach Berlin zurück fahren. Wie
1224 2004 5010 2476 lang willst Du den[n] in Canols bleiben?
1132 2317 4813 2597 Aber darüber telephonieren wir bald u.
1108 2577 4071 2972 besprechen alles ausführlich.
1175 2958 4813 3353 Ich war über Deinen Brief sehr froh,
1156 3286 4923 3647 Lieblings-E., denn ich habe eine schlechte
1156 3502 4991 3854 Zeit u. weiss noch immer nicht, wie man
1132 3748 4712 4071 sich aus von solchen Anfällen uner¬
1142 3950 4851 4336 laubter u. überflüssiger Entmutigung
1127 4225 4991 4601 befreit. Es ist nicht angenehm, sich für
1118 4466 4880 4827 restlos unbefähigt zu halten, u. so
1190 4726 4928 5073 weit bin ich gerade jetzt gekommen (des¬
1200 4928 4895 5333 halb schreibe ich auch 4 Briefe um den
1156 5169 4365 5608 Fünften verärgert abzuschicken!)
1840 5588 4885 5921 Adieu, Grüsse Hanna, samt Leu,
1874 5863 5034 6277 u. sei mit Zärtlichkeit umarmt
2751 6157 3762 6417 von Deiner
3690 6422 3989 6725 A.
