5376 6802
857 329 1856 534 Annemarie Clarac [aufgrund von Brief an Maillart (welcher genau?), in dem sie von einem Brief schreibt, der sie politisch für die Nazis gefährlich macht, ist anzunehmen, dass der Brief zur Veröffentlichung gedacht war, aber nie veröffentlicht wurde, wovon AS keine Kenntnis hatte]
675 460 2532 704 Letter from Free French Africa
3304 471 4637 806 Brazaville, June 1941
1516 772 2395 1147 Erika dearest,
1107 1118 4802 1396 \p\when I attempted to mail to you a letter and some manuscripts
607 1345 5046 1623 from San Thome, a couple of weeks ago, I was sure it would be the very last
630 1584 4825 1833 occasion to reach you for an unknown length of time, and I felt rather
630 1788 5041 2043 dramatic about it. In Lisbon you are [add above: one is] told by exactly the people who should
619 1936 4933 2282 know better, that Free French territories and also [add abov: the] Belgian Congo are cut
624 2253 4910 2435 off from the rest of the world except for some cable and radio service.
630 2458 5035 2713 It seemed I was to be sent off into darkest Africa, in order to find even¬
641 2656 4978 2946 tually the disgave battlefield of vaguely known Free French legionnaries,
641 3122 1873 3349 of our civilisation.\:p\
641 3235 4779 3593 \p\This sounded romantic, and not too bad, considering that in Europe our
636 3610 5120 3843 so-called normal life has gone, for good I suppose, – and to replace it, there
636 3718 4989 4070 is not even a battlefield left where one might fight. Except for the bea¬
647 4013 5069 4229 ting heart of London and [add above: still] some peaceful waiting spots like Switzerland and
641 4200 5069 4564 Portugal, there is hardly anything to be found than [add above: but] a sickening atmosphere
653 4445 2412 4751 of defeat and silent waiting.\:p\
647 4655 5137 4967 So, even if it should be a dangerous adventure and would mean a fairewell to
658 4955 5069 5131 what I had been in love with at home, I was determined to find my way into
653 5097 5216 5392 Africa, – which was, believe me, not an easy job.I got a visa for [add above: the] Belgian Congo,
647 5370 5194 5597 and after four weeks' waiting in Lissabon a place on a Portuguese boat which
653 5568 5160 5767 I had ordered and payed for three months age [add above: before]. On bord, nobody seemed to know
675 5778 5182 6079 which parts of French Africa were still held by Vichy and which were incor¬
3116 5960 3338 6091 had
664 5988 5143 6278 porated into free France. If the British would [add above: had] not have kindly prevented me
658 6227 4910 6499 from running into the open arms of Vichy functionnaries and their Nazi
594 600 5115 951 tutors, I might have followed the advice of a former French officer eager to
582 928 5045 1136 join the De Gaule forces, and attempted to tramp my way through from Free¬
594 1124 4844 1378 town (Sierra Leone) into Tshad. And I owe it entirely to the determined
594 1292 5178 1568 navy [add above: naval] officers of the free French port P. who took matters in hand for me, that
582 1540 5190 1811 I found myself one morning in Free French Africa, at a breakfast table in the
588 1811 5109 2087 officers' quarters, dressed up in khaki, and ready to get started for Brazza'-
600 2041 974 2278 ville.
594 2180 5063 2445 \p\Since [add above: then], I found out that matters in this part of the world are less romantic
600 2439 5184 2681 than what I had thought, but also of far greater interest. [add above: As you know] I happened to be in
594 2676 5097 2929 Kaboul when the war started, and gradually saw [add above: consecutively] the Russian Turkestan border,
600 2900 5184 3171 Indias' North West Frontier, Bombay, the Red Sea and Suez, – had some glimpses of
594 3091 5143 3362 Europe between Genova, Switzerland, Unoccupied France, Madrid, and Lisbon, spent
588 3310 5224 3610 some ten months in the U.S., saw Europe again, – warstricken, increasingly hungry
594 3598 5184 3863 and impoverished. But never did I feel beeing so close to events, so positive¬
588 3742 4890 4031 ly involved in the forthcoming tragical battle as here in the territory
605 4013 2433 4279 of the Free French Government.\:p\
582 4244 4953 4538 \p\Brazaville is the capital of Equitorial Africa, and the residence of the
605 4480 4924 4711 Governor General Larminat and of General De Gaulle himself, – who, in fact,
600 4699 4844 4988 has hardly ever [add above: has] a chance to get here. You can call Belgian Leopoldville
611 4878 4826 5120 at the other side of the Congo river a town, if you like, – it has shops,
611 5080 4901 5374 bars, dancings [add above: Hotels], some asphalt streets and monuments, many export and import
605 5288 5017 5587 firms, [add above: a great] many new shiny cars, and its 10 000 [add above: 3500 white] civilians keep up a money making
600 5570 4838 5784 bourgeois existence. But Brazzaville is, for the time beeing, a garrison,
600 5789 4919 6072 runned by military authorities, up to its airport and its powerful radio
617 5980 4982 6303 station, and down to its few little tailors cutting khaki uniforms, and to
594 6199 4596 6550 its few little "cafe-restaurants" where you rarely see a civilian.\:p\
816 430 4757 700 Crossing the Congo in a motor boat back and forth between the two
832 689 4829 937 places, you get a strong impression of how these French and Belgian
832 926 4912 1169 Westafrican territories develop within a scheme of common interests,
816 1158 4901 1384 keeping up the fight for a common future. Nobody on either side even
821 1373 4895 1560 visualizes the possibility of a German victory, and the very idea of
827 1582 4950 1863 future is identified with the victory of the common cause. Both regio
849 1758 5005 2073 colonies are gut off from their "motherland", but the Vichy government
827 2029 4901 2199 and the German occupation abroad are looked at as mere accidents of
810 2172 5110 2437 lost battles. Not yet touched by actual warfare, both Congos have a large
827 2409 4890 2690 number of their men on the African battlefield, the French with the
843 2696 4868 2905 De Gaulle forces, the Belgians mainly in Abessynia. While the mother
849 2900 5033 3115 countries go through the agony of defeat, the colonies are developping
849 3126 4928 3363 into greater economical strength, independance, and self confidence. I
865 3335 5160 3583 would not be surprised if the war would help here to prepare the United
849 3545 5226 3793 States of Africa. The two Capitals where I live now, are by no means isola¬
854 3760 5077 4057 ted provincial jungle places, but growing centre of traffic and commu¬
854 4046 5160 4234 nication. The African continent is gigantic, but dinstances are taken less
816 4190 5094 4542 into account than even in America. I saw a few days ago two planes arri¬
816 4443 5154 4768 ving from South Africa loaded with 25 young aviators. They had been given
810 4702 5165 4906 a few hours' notice, and were bound for an unknown destination, – we had the
805 4879 5209 5160 guess between Tchad, Kairo or Syria. The Governor of Kenya arrived here for
799 5165 5044 5424 an official visit, the nephew of the Negus past unofficially on his way
805 5380 5044 5606 from London to Abessynia. One of my French friends from Afghanistan who
805 5584 5165 5882 had joined the De Gaulle forces, left Brazza a week ago for Delhi, another
788 5766 5226 6047 just left for New York. I wonder sometimes in what direction and for which
799 6031 5088 6268 destination I might leave one day, ... but than, I only have just arrived.
805 6240 4884 6582 And we might within short time emissions for Germany from our RADIO
805 6389 1577 6582 BRAZZAVILLE
894 558 5020 858 And within very short time we might start German emmissions from the
889 822 4741 1143 RADIO BRAZZAVILLE, – you know from your work you did last year in
910 1127 4968 1308 London how important this weapon might become! – Emissions for Canada
910 1241 5056 1535 and the U.S. are already working, – we have to do them at 3 A.M.and 3.34[add on  side: 5]
910 1525 4787 1773 A.M. in order to let you have a reasonable hour to listen in. Nazi
925 1737 4870 2068 stations try hard to disturb our emmissions, but we work harder to
925 2021 1623 2270 fight them.
1882 2140 4803 2435 \p\I shall write you again, with the next mail, – as I
931 2404 4705 2637 am sure they won't be able to stop U.S. boats from reaching the
925 2616 3433 2968 African coasts! — With all my love, as ever,\:p\
3355 2714 3676 3076 your
3841 2906 4617 3143 Annemarie
