5313 6812
3651 115 5089 285 [2.7.34. Datierung nach
4162 215 4884 396 Fleischmann]
476 486 1753 686 ANNEMARIE SCHWARZENBACH
922 641 1307 771 DR. PHIL
2615 446 3216 661 am Montag
1087 1047 4723 1227 \p\Mein lieber, treuer und bester Klaus – ich habe, versteht sich,
1112 1207 4673 1307 dem schönäugugen [sic] Mädchen Mops ein Sümmchen gleich anweisen
1102 1317 4793 1458 lassen, fünfzig Franken dacht' ich mir – und will auch den Brief
1112 1397 4678 1548 schreiben, morgen erst – denn heute, weil ich so müde bin, kann
1112 1498 4623 1643 ich's nur Dir zumuten, ein kleines Montagabendgeschwätz zu
1112 1618 4698 1748 vernehmen – was habe ich auch für ein Wochenende überstanden,
1102 1718 4969 1853 mit Theresens und Deiner ältesten Schwester Hilfe – es war wieder
1107 1828 4858 1968 einmal \g\grässlich\:g\, und für alle Beteiligten ein Nerven¬
1097 1923 4573 2049 kummer ersten Ranges. Sie werden es Dir schon anschaulich
1112 2034 4914 2194 schildern, und Eri wird einfach den Kopf schütteln dass ich Dir
1112 2139 4919 2269 folgendes zu schreiben noch wage: man liebt seine Eltern nicht
1107 2249 4673 2359 nur, sondern auch ... und so halte ich es mit meiner Mama, die
1112 2344 4853 2494 nach allem, was sie sich wieder antat, ganz leichenblass drein¬
1107 2449 1538 2585 schaut.\:p\
1102 2539 4808 2700 \p\Ja, und nun fahren wir morgen im Regen nach Graubünden. Weisst
1162 2635 4919 2775 Du, mir ist es nun gar nicht recht, dass ich von dort geradeaus
1112 2735 4989 2875 zu Maud [Thyssen] fahre – da ich so bequem und ohne weiteres mit den beiden
1107 2855 4798 2985 Lieben hollandwärts steuern könnte – doch, konnt ichs ahnen? Und
1117 2965 4793 3075 nun ist es mit Maud verabredet – sie ist ein schönes, und nicht
1102 3060 4778 3206 nur dies, auch ein liebes Mädchen. Die Berge locken mich auch (
1102 3161 4663 3281 nicht ohne Absicht hielt ich Tyrol für uns alle so ratsam)
1122 3266 4753 3376 – und ich sorge mich bloss, ob ivh [sic] Dich dann noch sehe, und wo
1107 3351 4793 3476 denn überhaupt – es sei, dass ich in zehn Tagen noch das Steuer
1112 3461 4773 3601 wende – aber von Gastein aus ist es dann \g\ziemlich\:g\ weit.
1112 3551 4738 3686 Vielleicht fliege ich auch von Amsterdam aus. Nun hast Du ja
1107 3671 4683 3797 einen Gunstpass [KM erlangte der tschechischen Pass nachdem er die dt. Staatsbürgerschaft aberkannt erhielt]. Kennst Dich fein auf Aemtern aus. Frägst Du
1097 3782 4698 3892 nicht, mir zu Liebe, in Amsterdam gelegentlich ob die gro se [recte: grosse]
1107 3882 4793 4027 niederländische Jndien-Fluglinie mir ein Gratis- oder mindes¬
1117 3982 4673 4122 tens \g\sehr\:g\ erm sssigtes [recte: ermässigtes] Billet nach Baghdad geben würde?
1107 4067 4758 4212 Wer ausser mir fliegt denn am 20. August und holt sich einen
1107 4182 4863 4308 Sonnenstich? Tu es wirklich, Kläuschen – es wäre doch rührend und
1112 4277 4473 4428 schön wenn Du mich zum Flugplatz begleiten könntest ...\:p\
1117 4393 4493 4528 \p\Gute Nacht, lieber Klaus – Dein Bruder Bibi ist sehr artig
1112 4488 4853 4663 geworden, und Deine Mutter Milein ruft ihn manchmal selbstver¬
1107 4618 1963 4733 gessen "Klaus" ...\:p\
1107 4638 2655 4838 \p\ist der Beps wirklich da?\:p\
1117 4793 4869 4964 \p\Und ich bin bald in: \g\Gastein\:g\, Hotel Astoria. Es klingt ab¬
1107 4909 1728 5044 scheulich.\:p\
1117 4959 4683 5144 \p\Für Deinen Aufsatz bedanke ich mich nur deshalb nicht, weil
1107 5069 4909 5249 meine Grossmutter ihn zuerst lesen wollte und ich ihn nun ein¬
1102 5199 5114 5384 fach noch gar nicht lesen durfte. Ich weiss aber dass er schön [add in line: ist –]
1067 5334 1387 5485 war.\:p\
1868 5364 3276 5580 und bin, ganz treu
2534 5540 3381 5765 die Deine:
3586 5455 3927 5710 Miro
756 6291 4773 6541 P. S. Deine Adresse ist ja wieder sehr putzig u. gibt zu raten! –
