2724 3432
1787 247 2478 405 13. April 1930
507 723 2446 906 Lieber Herr Fueter – vielen herzlichen
481 857 2438 1054 Dank für Ihren inhaltsreichen
468 983 2472 1161 Brief – Sie sind vielleicht von Ihren
476 1114 2386 1348 Wanderfahrten zurück u. bereiten
462 1264 2362 1474 sich, wie ich, mit Fleiss auf das
434 1369 2462 1587 neue Semester vor (von dem ich viel
465 1485 2501 1705 an Anregung, Arbeit u. som[gem]erlicher
460 1613 2491 1845 Freude erhoffe!). Jedenfalls wünsche
441 1753 2551 1986 ich Ihnen dass Sie schöne Tage gehabt
444 1908 2557 2113 haben u. alles das was Sie brauchen!
512 2034 2388 2268 – Sie fragen welchen Eindruck ich
465 2168 2409 2370 von der Italienfahrt [unklar, in welchem Zusammenhang AS im Winter/Frühling 1930 nach Italien reiste!] empfing. –
455 2294 2373 2493 Rom war erstaunlich u. beglückend,
449 2430 2315 2659 ein “Ganzes“ in welchem sich die
462 2559 2472 2790 grössten Gegensätze der Geschichte, u.
499 2680 2578 2924 im[gem]er in ihrer glänzendsten Äusserung
483 2811 2543 3045 vereinen zu einem Schauspiel mensch¬
499 2951 2580 3206 licher Grösse trotz aller "Vergänglichkeit" –
429 243 2465 418 und dieses alles im herrlichen Rahmen
426 363 2536 574 einer unvergleichlichen Landschaft, schwer
402 500 2481 691 von Geschichte, u. endend im "heute", im
404 618 2263 798 Leben einer eleganten, von Tradition
393 730 2530 924 spürbar erfüllten u. den[gem]och völlig modernen
410 847 2350 1006 Stadt – nachher kam Neapel mit Capri,
418 973 2222 1178 Vesuv u. Amalfi – endlich Mailand.
385 1107 2369 1301 Wenn Sie Lust haben möcht ich Ihnen die
393 1230 2413 1402 "literarische" Arbeit dieser Ferien zu lesen,
363 1325 2388 1536 geben, ein Aufsatz "Stellung der Jugend" [smallform_0020 bzw. smallform_0021] u.
372 1440 2473 1653 eine Novelle "Paris" [smallform_0018] – Sie werden sich viell.
339 1560 2511 1768 wundern dass darin so wenig von den neuen
358 1680 2517 1861 Eindrücken ist – die Novelle enthält nichts
369 1812 2503 1995 als die Stimmung eines Abends, nichts als
363 1921 2533 2109 eine menschliche Beziehung. Aber vielleicht
363 2036 2375 2213 kann ich Ihnen erklären was ich davon
391 2159 2582 2364 denke: Wen[gem] schreiben einen "mänlichen" Willen
456 2254 2467 2473 zur Formung erfordert, so gibt es doch bei
454 2375 2347 2579 den Schreibenden zwei Seelenhaltungen:
434 2498 2498 2705 Der Män[gem]lichere, schöpferische Mensch kann in
437 2612 2383 2877 das was er schreibt, bewusste Ideen
448 2768 2528 2973 oder Eindrücke legen, oder er kann sogar
361 2869 2465 3115 von einer Idee ausgehend Schreiben – Der andere,
462 3022 2241 3227 in seiner Psyche "weiblichere" Mensch
526 302 2339 495 schreibt unbewusst, als Instrument
538 445 2369 664 gleichsam wartend, dass ihm eine
553 568 2437 782 fast fremde Kraft die Feder führe.
526 712 2550 895 Ein solcher, selbst wen[gem] er viele Gedanken
526 855 2502 1029 verarbeitet, sollte nicht versuchen sie
536 983 2510 1167 in sein Schreiben zu mengen: es würde
506 1069 2523 1265 als Theorie wirken. Das aber, was er ganz
513 1222 2465 1378 verarbeitet hat, wird in dem was er
488 1363 2450 1534 schreibt, sicher irgendwo wieder zum
490 1514 1351 1642 Ausdruch kom[gem]en.
521 1577 2452 1793 \p\In diesen Menschen zähle ich mich. Und
518 1710 2374 1874 ich bin deshalb sehr anspruchslos
506 1808 2440 2002 im "Thema" dessen was ich schreibe.
523 1932 2384 2145 Ein Einsdruck, ein gesprochener Satz, eine
508 2025 2482 2269 menschliche Beziehung genügt. Ich lausche
503 2150 2399 2364 beinahe nur den Worten die ich schreibe
523 2299 2482 2523 u. überlasse es dem "Zufall" was darauf
518 2407 2414 2611 werden soll. Ich "will" nichts, wen[gem] ich
523 2575 913 2711 schreibe.\:p\
558 2691 2284 2834 \p\Ich weiss nicht ob ich mich klar
553 2799 1421 3010 ausgedrückt habe.\:p\
507 458 2267 697 \p\Und damit genug. - Wir werden uns
519 590 1346 787 ja bald sprechen.\:p\
534 739 2262 936 Grüsse an Ihre verehrten Eltern –
509 885 1943 1077 und Ihnen stets alles Gute
1207 1029 1406 1190 Ihre
1182 1136 2452 1431 An[gem]emarie Schwarzenbach.
397 1923 2362 2196 P.S. zulezt war ich 10 Tage krank u. bin
617 2108 2516 2323 noch in unerfreulichem Halb-Stadium –
617 2252 2291 2469 dadurch hatte ich aber Zeit viel
631 2401 2267 2586 zu lesen. Sie kennen das ja aus
619 2569 1567 2745 eigner Erfahrung!
