5376 6866
576 1142 1425 1462 Zürser Hof
758 1350 2972 1734 Zürs-Arlberg. Dienstag
870 1990 4840 2529 Eri – hier sitzt man schon wieder eingefangen
891 2305 5080 2743 von Neuheiten aller Art [Verweis auf die rapiden verschlechternde Situation nach der Machtübernahme der Nationalsozialisten], u. weiss natürlich nicht
896 2503 5112 2924 ob die festen u. unausweichlichen Gewohnheiten
891 2743 4888 3084 dieser (sehr bezaubernden) Talschaft eigentlich
934 2956 4989 3292 richtig u. genehm sind. Zuerst laufe ich im
950 3180 5027 3549 Kurs Ski u. bin müde u. Maria ist es auch,
998 3373 5101 3757 u. wir kämpfen still gegen die Vergewaltigung
880 3554 4867 3933 der Berliner die sich hier umtun – wen[n] man
864 3810 4963 4184 sie am späten Nachmittag los ist, kan[n] ich ganz
880 3986 5053 4488 friedlich arbeiten [Vermutlich Arbeit an Flucht nach oben], Skilaufen betäubt sanft u.
966 4258 4691 4664 macht mich einer Art von "versunkener
955 4504 5246 4856 Konzentration" gefügiger als die menschenreichen
955 4787 5171 5101 Tagesläufe Berlins. Das Hotel ist übrigens ein
934 5011 4989 5363 snobistischer Affenkasten, aber nirgends gibt es
961 5299 4931 5619 Betten u. so bleibe ich da vorläufig u. zahle
1030 5512 5171 5870 Strafe für jede Freiheit, die immer zugleich ein
977 5752 4616 6153 Verstoss gegen die Hausordnung ist ...
945 6025 4899 6409 München war mir zu kurz, ich finde mich
987 6249 4861 6601 nicht so schuell zurecht u. weiss bloss
1161 1194 4760 1368 dass es hätte so sein müssen, am Abend o
1208 1321 4741 1604 mit der Theres, wie Du es wolltest, um
1241 1557 4812 1863 wieder den beschwichtigenden Traum zu
1170 1774 4769 2099 erzeugen den mir die Abende mit Mops
1231 2010 4835 2354 verdreht u. gefährdet hatte [Morphium-Konsum]. Die "Pfeffer–
1156 2241 4925 2481 mühle" aber hat mich über die Massen
1146 2481 4920 2812 erfreut u. wen[n] ich auch gern hätte, Du
1217 2731 4736 3033 müsstest nicht alle bevorstehenden
1132 2930 4925 3312 Som[m]erabende d konferierend verbringen,
1170 3354 4562 3585 so müsste doch etwas was man so
1203 3515 4864 3930 prächtig hinstellt, erhalten u. fort¬
1231 3826 2948 4180 geführt bleiben – – –
1222 4114 4661 4500 \p\Über unsere Ferienabsichten zu sprechen
1113 4392 4590 4755 ist es wohl noch zu früh. Halte mich
1127 4670 4387 4991 nur informiert, ich schreibe auch
1146 4901 4557 5302 bald wieder u. schicke Dir was ich
1241 5199 3090 5444 hier oben so dichte.\:p\
1514 5486 3071 5812 Grüsse den Klaus
2401 5958 3958 6293 Stets Dich liebend
3883 6406 4114 6689 A
