3647 4637
1628 422 2281 553 Fetan. 22 Mai 27
1064 741 3345 869 Ma chère Dominique, j'étais tres contennte de recevoir ta
536 862 3214 1050 lettre – elle était si gentille et tu t'occupe tant de moi. Pourquoi?
525 993 3257 1153 Je suis étonnee de me trouver assez bien ici sauf que j'ai toujours
529 1174 3179 1284 envie d'e partir pour un petit moment, pou[sic] Zurich--que veux-tu. je
529 1295 3012 1405 m'attache très vite à des endroits et encore plus vite a des
532 1401 3370 1550 personnes--seulement sans confiance. J'ai confiance en très peu de gens
532 1572 3267 1692 – même en les croyant. C'est une autre chose qui me fait peur: je sais
539 1710 3257 1831 que bientot ils vont me faire des déception, et bientot je vais les
525 1827 3374 1997 oublier. C'est triste, cela me fait del[sic]  peine et je ne sais pas comment
511 2008 3104 2153 me changer – alors je suis persuadée que c'est toujours ma faute –.
521 2079 3250 2295 Tu me demande si je crois en Dieu? et tu attends que je te répondes
514 2210 3260 2377 – c'est difficile car je ne sais pas que dire. Oui je suis sure qu'il
518 2352 3246 2529 y a une force divine – elle s'exprime dans chaque chef d'oeuvre, dans
511 2476 3285 2636 l'art – dans tout ce qu'on ne peut ni apprendre ni comprenne-dans tout
514 2668 2753 2771 ce qui ce retrouve dans nos sentiments les plus nobles.
500 2785 3083 2948 D'ou' viendront-ils? Ils ne sont pas du tout logiques et ils nous
493 2916 3196 3061 donnent pas de profit – donc – La chaleur intérieure qui te rend forte
504 3072 3235 3210 c'est bien Dieu.  Moi je n'ai pas de Dieu en moi – je suis perdue aussi
504 3196 3349 3331 tot que je n'ai personne qui m'aime et qui me donne ce que je'appelle
500 3285 3037 3477 la vie. Et je suis sans force, envers des gens qui je reconnais
500 3466 3342 3583 comme faux ou méchants, aussitot qu'ils m'attirent par la Leidenschaft
486 3597 2895 3760 de leurs sentiments pour moi. Je travaille que par ambition.
1050 3906 1969 4154 Affectueusement [Handschrift
2125 4147 2749 4300 A[emarie
797 1684 2767 1729 Mademoiselle D. Schlumberger
1001 2013 2633 2114 7 Rue Sas Cases
1571 2323 2584 2429 Paris VII
611 2561 1347 2592 France
