4978 6215
786 227 2673 425 Annemarie Clarac-Schwarzenbach:
791 371 2565 578 Letter from the Belgian Congo [ev. geplant als englischsprachige Veröffentlichung durch EM]
3108 292 4427 548 Lisala, July 17th, 1941
1275 756 4482 944 \p\Dearest Erika, – we have to-morrow an airplane stopping
796 929 4630 1077 here on its way from Stanleyville down the river to the capital,
815 1067 4620 1201 – and the very prospect to be able to mail a letter to you, which
815 1161 4669 1285 eventually should arrive in the U.S., is a relief. It means, one is
805 1260 4655 1463 still in contact with another life than the slow, heavy breath of
805 1379 3800 1507 the jungle, and makes the pulse go a little faster.\:p\
815 1428 4665 1626 \p\Besides of myself, the shopkeepers among the fourty white of this
830 1606 4576 1754 post are busy, too, to get some mail ready, – the others dont care
815 1724 4501 1843 anymore. It seems The main event in the "brousse" – (which means
855 1789 4828 1967 'jungle', and a lot more) is obviously the arrival of the riverboats
825 1912 4457 2056 carrying fresh food, such as butter, meat, fruit, and vegetables,
820 2001 4620 2194 mostly from the Cape. Since the stocks of French wine and Scotch
830 2164 4269 2308 whisky are emptied, Colonial might even get used to drink
815 2263 4447 2397 South African liquor. But they are conservative people, and at
820 2322 4605 2520 present, nothing is left than some Congo beer. A few nights ago, I
820 2476 4620 2629 have sorrowly finished with some friends from Luxembourg a last
830 2574 4684 2787 bottler of Alsacian "Framboise", the combination with a dinner of
820 2708 2718 2841 antilope roast was somehow old.\:p\
840 2723 4620 2955 \p\Yet, if you have just arrived from Europe, as I have seen it some
825 2925 4615 3059 two months ago, you find no reasons to complain about war condi-
830 3049 4398 3256 tions in the Congo. And it makes you feel alright to be in a
840 3182 2817 3306 country which actually is at war.\:p\
845 3207 3424 3395 \p\Its contribution, I understand, is important.\:p\
840 3355 4630 3548 \p\It is normally important, first, to proove, that a European country
850 3508 4432 3652 invaded and occupied by the Germans, is not in fact defeated.
840 3602 4699 3750 Antwerp used to be the port for the Congo. Belgian industrial and
855 3731 4240 3869 commercial companies in the Congo did all their business
850 3839 3538 3988 through their main offices in the motherland.\:p\
850 3918 4655 4101 \p\Now the Germans control Antwerp and Bruxelles, yet they dont get
840 4007 4684 4225 one grain of Congo coffee, not one once of gold, no copper, no tin,
845 4170 4585 4319 no palm oil, no arachide, no copal,no cotton, tobacco or rice out
855 4245 4709 4447 of this trimendously rich colony, – which is eighty times the size
845 4383 1932 4546 of Belgium itself.\:p\
855 4477 4684 4630 \p\Yet, business in the Congo has not suffered. The output of copper,
860 4595 4541 4753 tin and gold is even increaseing. Under the new trade agreement
860 4719 4650 4887 with Great Britain, England buys almost the entire output of the
855 4788 4472 4956 copper from the Katanga, of palme oil, and diamonds. The 500 000
855 4936 4581 5080 onces of Congo fine gold a year is added to Britain's reserve.
855 5020 4487 5223 The timber is sold to the South African Union. A good deal of
870 5104 4694 5277 ores from the Congo are shipped to the U.S. for refining. The rest
855 5257 4605 5455 remaining of the 1940 coffee crop is also sold on the New York
855 5406 1304 5574 market.\:p\
615 447 4472 625 \p\As to the imports, there was of course a shortage right after the
620 625 4540 783 invasion of Belgium. All European sources were suddenly closed, and
620 720 4440 857 stocks in the country got exhausted. But the orientation towards
625 841 4519 972 the South African Union, England, the U.S. and Canada began at once,
625 935 4351 1119 shipping from the Cape to the Congo port of Matadi is steadily
615 1083 4220 1209 intreased, and the arrival of goods is by now fairly regular.\:p\
604 1182 4525 1340 \p\At the same time, agericultural production and local industries are
620 1277 4614 1435 developping rapidly. In the Katanga, farmers now produce milk, butter
625 1398 4535 1540 eggs, fruit, and vegetables, in the Kivu mountain regions they plant
620 1503 4430 1655 tobacco and even tea, – indead, this country should be rich enough
625 1603 3747 1766 to make its 30 000 White live on its own ressources [Kommentar zur kolonialen Logik dieses Satzes, da der großteil der eigentlichen Arbeit/Produktion durch die indigene Bevölkerung geschieht].\:p\
615 1692 4540 1876 \p\But there should be more roads, railroads, and airlines. While I was
615 1850 4656 1965 in Leopoldville, I naturally could'nt realize that enormous parts of
631 1939 4582 2097 the Congo are still untouched wilderness [damit meint AS: von Weissen nicht 'kultivierter' Regenwald, der jedoch Lebensgrundlage für die indigene Bevölkerung ist]. In order to reach Lisala,
615 2060 4498 2212 some 800 miles up the river from Leo, I had to travel 7 days on a
615 2186 4488 2317 riverboat, – and you saw day and night nothing than the trimendous
625 2270 4677 2433 green walls of the jungle,  – native villages beeing just tiny cleared
625 2375 4756 2538 spots with dozen primitive huts and some wood biled up on the bank.
615 2522 4603 2638 At night, we used to stop a few hours in order to load wood for our
620 2601 4672 2759 engines, than we would carry on in the dim moonlight, winding through
620 2722 3405 2880 thousands of islands covered with thick green.\:p\
615 2796 4614 2985 \p\From Leopoldville to Lisala, there is no road, only the river. And if
646 2948 4609 3079 you look at the “brousse”, which is just like an ocean extending to
620 3048 4661 3190 all sides and closing the horizon, you come to believe that you will
625 3153 4803 3332 never find your way into an open space again. It is rather frightening.
631 3279 4603 3410 Now, I am in this spot at the river since ten days, waiting for some
625 3368 4708 3558 means of transportation to reach a plantation, some 200 miles inland.
625 3510 4567 3652 If I am lucky, a lorry is going into that direction, some day. Mean¬
646 3573 4751 3768 while I get to understand what people call here "to live en brousse".
625 3731 4430 3894 Among the fourty white, there are some shopkeepers and agents,
631 3815 4856 3957 selling goods to the black, and buying their product, mainly palm fruit
625 3925 4677 4073 for their companies. They get percentages from what they sell, and if
631 4046 4609 4183 they work hard, they can make some money. But in this climate – we are
631 4172 3952 4299 in the Equator region – it takes a lot of energy to work.\:p\
625 4283 3589 4414 \p\The rest of the lot are government functionaries.\:p\
631 4383 4645 4525 \p\They work less. But at the end of a three years' term, functionnaries,
631 4493 4609 4635 planters and sale agents are equally exhausted, and they need their
625 4598 2223 4766 leave of six months badly.\:p\
625 4703 4493 4871 \p\As they cannot return to Europe, they now are sent to the Cape, or
631 4840 4488 5008 into the Kivu mountains. But the change of climate in the Kivu is
625 4929 1545 5092 not sufficiant.\:p\
631 4998 4609 5197 \p\As many young Belgians are mobilized in the Congo, there is a shor¬
646 5150 4556 5308 tage of white labour in all branches. And you cant replace them, as
631 5287 3778 5428 Belgians in the motherland are not allowed to leave,
625 5376 2917 5518 nor can of course Dutch or French etc.\:p\
620 5413 4183 5628 \p\Most of the Colonials have relatives in Belgium, – especially
631 5607 4199 5744 children, as they used to send them to school there. And most
646 5717 3400 5875 of them get no news at all since the invasion.\:p\
834 700 4403 884 \p\Old colonials remember the last war. They know what a German
839 839 4323 973 occupation means. You would think, that people in the colony
834 918 4557 1092 must be very war-conscious. But they also are tired of the war.
839 1052 4398 1181 You cant plame them for it, – especially not in remote jungle
854 1171 4448 1310 places where they spend years in a hard, dreary life fighting
834 1291 4393 1430 against sickness, termites, and the incredible fatigue of the
834 1385 4587 1559 heavy and solemn jungle. They say, that in the brousse even wild
839 1504 1986 1628 animals get silent.\:p\
834 1574 4815 1747 \p\Still, there are two radios in Lisala, runned of course by batteries.
844 1712 4328 1832 You always find somebody who is still interested enough to
844 1837 4462 1990 listen in. You hear Brazzaville, Ankara, London, Moscouw, and very
834 1941 4388 2115 often New York. It is almost a miracle. But than, many are not
839 2060 3092 2184 capable anymore of a conscious effort,
864 2129 4338 2303 they lack the imagination to realize that the human voices
849 2259 4542 2397 speaking in the night belong to human beeings, alive, right now,
834 2383 4577 2546 and at work in some building in far away cities, – and that the
844 2497 4403 2666 trimendous events they are talking about, are going on, right
849 2601 4467 2735 now, shaking the entire world, and that every bit of effort is
849 2695 3663 2839 entering the same large stream towards victory.\:p\
839 2829 4398 2973 \p\But there are people enough, in the Congo, who do know. When I
839 2934 4492 3073 had a chance, a few weeks ago, to talk to the Governor General,
849 3043 4457 3177 Mister Ryckmans, I saw that the course of this country at the
849 3152 4691 3321 side of Great Britain will be ready and the energy and courage
844 3281 4572 3445 of its effort unbroken. Dont forget, also, that the government of
844 3385 2829 3524 the Belgian Congo is in London ...\:p\
839 3485 4596 3638 \p\few While we were travelling up the river, we met in a small
844 3609 4661 3748 post a young Belgian officer who was asking us the latest news
844 3703 4725 3897 from Syria and North Africa. He was at this post since ten months,
849 3822 4477 3971 training black soldiers. My comrades, two Free French officers,
864 3941 4691 4085 on their way to Cairo, talked about the Syrian armistice, and that
869 4075 4641 4194 General De Gaulle would now soon be [added to the left side: able] free to drive into Marocco.\:p\
864 4160 4572 4284 \p\The young Belgian looked at us with a grim expression of pain.
864 4264 4532 4467 "Dont go to fast", he said, – "dont finish the job before I have
854 4368 3087 4527 got a chance to fight on your side!" – \:p\
864 4522 4537 4646 \p\The two French officers should by now be in the Sudan. You can
864 4601 4358 4735 reach Cairo from here in three or four weeks, and there are
844 4711 3519 4909 airplanes, too. I hope to be on my way soon ...\:p\
869 4850 4651 5133 \p\But please, if you can, send me some news before that, to Leopold¬
849 5063 1310 5232 ville, —\:p\
1380 5217 2452 5440 with all my love –
2393 5316 2715 5554 your
2829 5490 3440 5713 Annemarie
