3447 4454
215 101 2825 299 Oberst Dr. Alfr. Schwarzenbach-Wille, Thalwil
3139 242 3212 714 [unleserlich]
1419 400 2555 501 Thalwil, den 8. Januar 1735.
810 661 1722 853 Meine liebe Annemarie,
1224 745 3125 950 \p\Besten Dank für Deinen gestrigen Brief. Ich habe
658 889 2900 1029 mich natürlich etwas gewundert, dass Du zu Dr. Ruppaner
667 990 3089 1159 gegangen ist, aber es ist wohl das beste für Dich. Ich hoffe
661 1113 3011 1269 nur, dass Du seine Rathschläge befolgst und das unsinnige
658 1237 3037 1335 Leben aufgiebst, das Du in den letzten Jahren geführt hast.
658 1335 3053 1458 Was mich am meisten von allem betrübt hat, ist, dass Du mit
654 1435 2851 1595 Spritzen operiert hast und es noch tust. Wenn man sich
667 1540 3017 1667 schon an Morphium und dergleichen gewöhnt, so ist das nach
651 1621 2930 1794 meiner Erfahrung ganz entsetzlich, und ich komme dadurch
664 1761 2933 1904 eigentlich erst auf den Gedanken, dass Deine Mutter doch
658 1855 2972 2005 in Vielem recht hatte, und dass Du auf der schiefen Ebene
654 1966 3056 2106 schon viel weiter heruntergekommen bist, als ich ahnte, und
658 2096 2819 2223 als ich glauben möchte. Das hast Du doch alles Deinen
651 2155 2978 2314 Freundinnen zu verdanken, und es wundert mich nur, ob und
644 2298 3125 2428 wenn Du einzusehen beginnst, wie falsch Deine Einstellung war
658 2399 3115 2549 und noch ist. Ich gebe beinahe die Hoffnung auf, dass Du je w
654 2493 2978 2588 wieder in ein richtiges Fahrwasser kommst und das tut mir
658 2562 2816 2731 unendlich leid für Dich und fast noch meht für Deinen
658 2666 3170 2832 zukünftigen Mann, der besseres verdiente als eine Morphinistin
651 2793 3017 2913 zu heiraten. Ob Du mit Erika Mann mehr Glück hast, als mit
641 2874 3053 3001 Deinen früheren Freundinnen, bleibe dahingestellt. Nach den
644 2998 3151 3128 bisherigen Erfahrungen zweifle ich an Deiner Menschenkenntnis,
648 3128 3086 3262 und ich frage mich auch, woher Du das Recht ableitest, über
651 3196 3115 3379 das Niveau von Jimmi [James Schwarzenbach] und vielen andern in Zürich herzuziehen.
641 3307 2513 3460 Sie sind jedenfalls moralisch gesünder als Du.\:p\
1012 3411 2962 3580 \p\Ich habe bisher immer zu Dir gestanden, aber die
651 3496 3164 3717 letzten Erfahrungen haben mich erschreckt, und ich weiss nicht
644 3639 3082 3776 mehr, was ich denken soll. Du wirst wohl gemerkt haben, dass
644 3747 3118 3899 ich nicht so herzlich zu Dir war, wie es sein sollte, und ich
641 3838 3082 3984 fange an, mich an den Gedanken zu gewöhnen, dass Du nicht zu
641 3952 2933 4098 uns gehörst, sondern in ein anderes Milieu, und zwar ein
638 4072 2962 4235 schlechtetes. Denke einmal darüber nach und dann schreibe
631 4140 1103 4290 mir wieder.\:p\
1680 4189 1891 4293 Dein
2200 4241 2480 4381 Papa
