2709 3454
1419 270 2048 375 Lissabon, 17. Februar 1941
1394 343 1979 449 c/o Légation de Suisse
958 572 1684 697 Lieber Professor Burckhardt,
869 729 2311 872 \p\–es liegt mir daran, Sie meine Rückkehr in die Schweiz im
670 835 2361 947 Voraus wissen zu lassen, denn ich möchte Sie so bald als möglich in
665 944 2447 1083 Genf aufsuchen. Es ist ein Jahr her, seitdem ich Sie zuletzt sah, und ich
656 1046 2472 1185 habe von Ihren damaligen, freundschaftlichen Vorschlägen keinen Gebrauch
661 1162 2452 1292 zu machen gewusst. Sie wissen, dass ich nach Amerika fuhr, wo ich auch im
656 1283 2447 1396 Juni meinen Vater zum letzten Mal sah. Er hielt es für richtig, dass ich
658 1357 2427 1512 vorläufig dort bleibe, – und ich habe es ehrlich versucht. Teilweise war
658 1480 2463 1589 der Aufenthalt sehr interessant, und lehrreich für mich, –aber obwohl ich
654 1582 2440 1716 auch Einiges gearbeitet, vor allem Artikel für unsere Schweizer Blätter
658 1678 2370 1818 geschrieben habe, war es aus manchen Gründen alles in allem ein sehr
658 1793 2470 1930 wenig glückliches Jahr. –Mein Bruder, mit dem ich mich ausgezeichnet ver¬
658 1927 2449 2025 stand, –und ich sind schliesslich einig darüber gewesen, dass ich zurück
661 1998 2418 2150 fahren soll. Und so bin ich seit acht Tagen an dieser äussersten Küste
654 2100 931 2243 Europas ...\:p\
679 2209 2413 2363 \p\Soeben habe ich mit unserer gemeinsamen Freundin Annette geluncht, und
651 2329 2397 2463 mit unserem Minister Henri Martin, der ebenfalls ein alter Freund von
651 2433 2438 2570 mir ist. Herr Martin hat mich mit Oberst Iselin vom C.I.C.R. zusammenge¬
651 2542 2368 2681 bracht, der mir Grüsse an Sie und Professor Huber auftrug, da ich ihm
656 2645 1680 2744 sagte, ich würde sofort nach Genf reisen.\:p\
649 2738 2465 2874 \p\Inzwischen habe ich mich aber insbesondere mit Herrn Martin dahin geei¬
642 2862 2467 2951 nigt, dass sich ein Aufenthalt in Portugal in diesem Augenblick durchaus
638 2971 2422 3064 lohnen würde. Ich bleibe also die nächsten acht bis vierzehn Tage hier,
647 3067 2465 3153 und werde mit ihm, ferner unserem Hafenkommissar, Herrn Berlocher, und mit\fml\\:p\
609 284 2306 443 \fml\\p\den Herren vom C.I.B.R. zusammenarbeiten, um den einen oder anderen
606 411 2391 545 Artikel über solche Fragen wie "Le ravitaillement ..." etc. gut fundiert
609 543 1161 672 zu Papier zu bringen.\:p\
616 633 2401 765 \p\Um aber zum besonderen Thema dieses Briefes zu kommen, – ich habe an Sie
616 753 2374 856 ein nicht geringes Anliegen, und glaube, mich an keinen besseren Freund
614 836 2408 968 wenden zu können als an Sie. –Ich komme nicht ohne bestimmte Absicht in
614 932 2425 1061 die Schweiz, sondern in der Hoffnung, nach schwersten persönlichen Erfah¬
609 1039 2381 1171 rungen und bitteren Enttäuschungen an dem Punkt wieder anzuknüpfen, wo
616 1161 2450 1276 ich vor einem Jahr "desertierte". Ich \g\brauche\:g\ aber nicht nur Arbeit,
619 1264 2438 1379 –ich glaube auch, sie besser leisten zu können als damals, und inzwischen
616 1364 2504 1516 viel gelernt zu haben. Es wird mir aber immer deutlicher, dass ich heute als
592 1477 2504 1589 freier Journalist nicht in dem Sinn und dem Mass nützlich sein kann, wie ich
589 1572 2482 1697 es möchte. Ich finde es bestätigt, z. B. nach den Gesprächen mit Martin, Oberst
594 1685 2504 1812 Iselin, und anderen kompetenten Menschen, dass das C.I.C.R. der richtige Rück¬
562 1787 2506 1924 halt für mich sein würde. –Am liebsten würde ich in irgendeiner Funktion nah[überschriebeb:c]h
592 1892 2540 2012 Aegypten, Marseille, oder in den Nahen Osten gehen. Ich würde aber auch zunächst
589 1995 2543 2142 in der Schweiz bleiben. –Da ich Sie vielleicht schon in zwei Wochen, oder wenig
594 2137 2511 2259 später, in Genf aufsuchen werde, –würden Sie sich vielleicht zu meinen Gunst[en]
575 2235 2479 2355 schon mit Professor Huber in Verbindung setzen, –und von sich aus überlegen,
572 2313 2521 2435 ob und wie Sie mich am besten verwenden können? –Sie hatten darüber vor einem
565 2421 2411 2555 Jahr Pläne, –das gibt mir Hoffnung. –Ja, ich komme also ein bischen wie der
572 2533 1203 2667 verlorene Sohn zurück ...\:p\
567 2641 2511 2746 \p\Unserer Freundin A. geht es recht gut. Sie trug mir natürlich die herzlichsten
572 2726 2452 2846 Grüsse an Sie und Ihre Frau auf. Wann sie weiter reist, ist noch unbestimmt.
570 2844 2531 2976 –Ich freue mich \g\sehr\:g\, Sie bald zu sehen, lieber Professor Burckhardt, –nicht
565 2936 2152 3093 nur wegen künftiger Arbeitspläne, sondern auch ganz persönlich.\:p\
883 3127 2433 3215 Inzwischen meine herzlichsten Grüsse, bitte auch an Ihre Frau,
866 3203 2452 3311 Empfehlungen an Professor Huber,– und Grüsse an Martin Bodmer,–
1538 3271 1675 3359 Ihre [handschriftlich]
1848 3279 2191 3379 Annemarie
