3485 4457
1956 124 2964 393 Bochen, 11. Okt. 25
581 738 1784 1027 Lieber Herr Pfarrer!
461 978 3212 1240 Ich danke Ihnen vielmals für Ihren Brief,
431 1124 3114 1428 den ich in Moment bekam, als ich ihn nur
435 1342 907 1495 wünschte.
405 1390 3167 1701 Ich hätte den Artikel – auf Ruedis Wunsch – um¬
446 1589 3099 1810 ändern sollen, aber dann hatte ich ihn ganz
236 1709 3215 1960 weglassen müssen, u. da mich Vrenis Antwort interres¬
442 1896 3197 2042 sierte, ließ ich ihn doch erscheinen. Basti u. ich
300 2024 3309 2200 haben uns geeinigt, dass die Antwort besser wäre, wen[n]
375 2144 3260 2335 er oder ich sie geschrieben hätte (Aussichtlicher sicher!)
416 2252 3170 2485 Übrigens habe ich auch von Erwin Bartholdy
401 2361 2938 2545 eine Karte, nach der er sich im Grunde
375 2492 2987 2694 darüber freut, dass jemand einmal einwenig
322 2575 2934 2874 ehrlich wurde. Und am Führertag wird es
420 2751 3125 3013 vielleicht ganz glatt. Allerdings, wer von den
431 2822 3073 3114 Mädchen soll (in meinem Sin[n!) ein Referat
375 2968 3313 3268 halten, wen[ nicht ich? Und ich bin wahrschein¬
480 3088 3174 3391 lich nicht da, traurig genug. Villeicht nimmt
367 3362 1563 3538 sich Ruedi meiner an.
435 3365 3088 3661 Ich wäre letzthin fast zu Ihnen gekom[men.
412 3549 3058 3751 Es wäre unter Umstanden auch gar nicht so
446 3639 3092 3950 dum[ gewesen. Ich war nämlich beinahe
521 3762 3020 4044 verrückt an Hand einer Geschichte, die
543 3961 2946 4268 meine ganze Familie, ins besondere
477 188 1996 433 Mama – furchtbar aufregte.
390 365 2913 578 Nun ist beschlossen worden, dass ich aus
430 567 3180 816 moralischen u. gesundheitlichen Gründen nicht
444 671 3126 960 hierbleiben soll. Ich ka[n gar nichts tun,
473 827 3184 1115 als mich mit dem Gedanken abzufinden,
451 1000 2985 1267 dass ich nach dem 22. Okt. (Hochzeit
440 1180 3177 1455 meiner Schwester) ins Engadin gebracht
440 1357 3202 1527 werde. Ich kan[n dan[n in der Schule von
567 1502 3224 1762 Fetan die Matura machen (in 2 Jahren
495 1653 2350 1888 werde ich es schon zwingen).
498 1809 3278 2058 Ich bin – (das ist es ja!) – auf alles andere
469 1946 3191 2184 eingestellt, als im[mer am selben Ort, im[mer
462 2123 3166 2318 mit den selben Leuten, u. diese wenigen
397 2256 3108 2455 nicht selbst gewählt, ohne Musik, Bühne,
440 2357 1870 2567 u. Stadtlärm zu leben.
422 2502 3321 2711 Aber all diese selbstherrlichen, zu erwachsenen
469 2639 3173 2823 u. beinahe kranken Ideen sollen mir eben
390 2780 3281 3058 abgewöhnt werden (sagt man). Und ich sehe
473 2953 3112 3162 zum ersten Mal ein, dass z. Z. nichts
466 3076 3227 3296 anderes möglich ist. Verzeihen Sie, dass ich
502 3242 2888 3473 Ihnen nicht besser u. ausführlicher
527 3386 3112 3624 schreibe. Ich kom[me doch im[mer auf dasselbe
477 3531 2939 3758 u. ich glaube, es hat keinen Sin[, all
545 3664 2805 3888 meinen Freunden davon zu erzählen.
495 3776 3029 4029 Ich hoffe sehr, noch mal nach Rein
643 3985 1560 4188 zu gelangen.
1754 3924 2679 4130 Herzlich grüßt
2180 4061 3025 4260 Ihre An[emarie
