2690 3360
480 419 1948 644 Bocken bei Horgen, 27. Sept. 32.
501 792 1659 1026 Mein lieber Onkel Georg!
464 946 2404 1124 Ich habe mich in den letzten Wochen mit
466 1089 2525 1309 dem Projekt einer Schweizer Filmgesellschaft
466 1174 2520 1436 beschäftigt – einem Projekt dass allerdings noch
464 1328 2446 1495 sehr in den Anfängen steckt – aber doch
472 1415 2388 1643 schon nach allen Seiten hin erwogen
469 1574 2557 1754 ist – so dass ich es Dir ruhigen Gewissens
456 1683 2584 1858 vortragen kan[n]. Ich weiss nicht ob Du durch
429 1778 2435 1956 Zufall erfahren hast dass ich mich mit
427 1903 2260 2072 Archäologie abgebe. ich tue das einzig zu
464 1998 2404 2234 dem Zweck, einmal die Herstellung eines
453 2109 2364 2335 Ausgrabungsfilms zu veranlassen – der
464 2252 2560 2417 ebenso gut u. passionierend sein soll wie
466 2364 2449 2541 die Kulturfilme der Russen – u. der die
464 2486 2382 2698 gemeinsame Grundlage u. Herkunft der
427 2581 2409 2806 europäischen Kultur darstellen u. das
466 2743 2306 2963 Gefühl dafür wieder wecken soll – Du
472 2833 2335 3055 begreifst dass mir das gerade heute sehr
443 2963 2396 3175 wichtig vorkom[m]t. Es handelt sich doch
468 306 2201 508 um eines der wenigen Gebiete, wo dem
454 438 2274 626 Nationalismus Grenzen gesetzt sind, und
457 580 2338 777 wo noch Raum ist für wohlfundierte
433 693 1344 863 europäische Gefühle.
411 801 2231 989 Aber darum handelt es sich zunächst
438 924 2317 1056 nicht. Hingegen habe ich einen Bekannten,
419 1037 2266 1226 den ich für sehr begabt, vielseitig und
403 1201 2306 1376 klug halte: Dr. Ernst Petersen, Natur¬
408 1285 2335 1494 wissenschaftler u. Architekt, Neffe von
435 1427 2419 1626 Fauck [?], auch in der Filmbranche tätig.
427 1559 2386 1750 Dieser Mann hat die Absicht eine Film-
406 1680 2572 1889 Gesellschaft zu gründen u. als erstes einen
417 1806 2561 2008 Montblanc-Film (ohne Leni Riefenstahl)
438 1943 2352 2153 zu drehen – als zweiten eventuell den
460 2099 2360 2311 besagten Ausgrabungs- u. Expeditions¬
438 2241 2424 2435 film. Verleih u. Verkauf, sowie Atelier¬
435 2381 2344 2558 aufnahmen, würden in Verbindung
433 2478 2349 2704 mit Ufa oder Paramount gemacht –
433 2634 2368 2843 Petersen hat sich mit verschiedenen
454 2798 2282 2975 Industriellen in der Schweiz in
454 2946 2212 3155 Verbindung gesetzt, weil er hofft,
547 384 2415 668 schweizerisches Aktienkapital zu finden,
555 513 2218 750 indem er speziell schweizerische
529 626 1808 884 Interessen berücksichtigt.
529 774 2463 1060 Ich schreibe Dir das in großen Zügen,
521 895 2321 1158 weil ich an[n]ehme dass Petersen
532 1029 2621 1276 Dir selbst in nächster Zeit ausführlich
510 1171 1297 1395 schreiben wird. [vertical space]
455 1495 2350 1763 Was meine Stellung zu diesem Projekt
458 1684 2437 1913 betrifft: Ich habe vor, wen[n] möglich mit
442 1779 2352 2000 Petersen zu arbeiten (wir wollen statt
432 1897 2405 2110 Engagements für die Beteiligten mit Gagen
418 2042 2531 2276 das Prinzip der Gewin[n]beteiligung durchführen)
503 2171 2439 2384 – In Zürich existiert aber eine Filmgesell¬
439 2281 2321 2521 schaft, Praesens-Film unter Direktor
500 2437 2308 2613 Wechsler, mit der man vielleicht
492 2565 2421 2739 verhandeln kön[n]te. DIch halte es für
489 2708 2481 2889 sehr schwierig, das nötige Kapital zu
505 2805 2600 3084 finden um eine selbständige Gesellschaft
471 2976 2558 3179 zu gründen – doch glaube ich, man würde
551 389 2233 620 wohl das Geld auftreiben, um einen
546 528 2472 681 einzelnen Film (natürlich am liebsten
546 658 2502 848 gleich "meinen" Archäolog. Film!) drehne
581 773 2351 986 zu können. Wen[n] dieser Film Erfolg
548 902 2236 1109 hat, ist die Weiterarbeit leicht.
510 1096 2395 1270 \p\– Interessierst Du Dich aber überhaupt
558 1206 2192 1393 in weiterem Masse für Film?\:p\
484 1347 2456 1516 \p\Würdest Du Dir die Zeit nehmen, unsere
482 1462 2415 1685 Pläne etwas ausführlicher zu hören?
489 1585 2290 1806 Ich nehme an dass Du am Besten
489 1744 2546 1957 beurteilen kan[n]st, wie weit in der Schweiz
466 1870 2402 2110 überhaupt Möglichkeiten für solche
494 2049 1731 2244 Pläne vorhanden sind –\:p\
886 2264 2466 2479 Viele herzliche Grüsse, auch an
512 2387 1711 2564 Tante Olga – von Deiner
1724 2548 2285 2738 Annemarie
