2417 3167
743 236 1716 384 CHESA DR RUPPANNER
1669 321 2119 467 SAMADEN
1740 439 1913 544 ENGADIN
1935 126 2149 259 [1935
2076 244 2239 347 Jan]
1442 531 2232 761 Sonntag morgen
396 825 1418 964 Mein liebes Mameli!
469 949 2192 1181 Also unser Telefon war ja ein wenig
458 1050 2115 1260 knapp, wie auch Dein Abschied am
473 1170 2102 1354 Don[n]erstag – aber ich dachte mir schon,
493 1311 2104 1500 dass es Dir im letzten Augenblick
521 1506 2190 1639 noch einmal schwer vorkam, dass es
518 1635 2211 1795 ausgeradmet Erika war, die mich
533 1755 2205 1888 dazu überredet hat, mich richtig zu
557 1883 2207 2063 pflegen u. unter die Kontrolle eines
566 2025 2209 2202 Doktors in begeben! Anderen teils
574 2194 2157 2350 ist es doch schon lange so, dass
576 2310 2280 2468 unter meinen vielen Freunden sie
600 2425 2222 2597 du Einzige ist, auf die sich im
602 2569 2258 2734 Ernstfall höre – und, da ich mit
737 2715 2232 2835 Dir ja besprochen hatte, dass ich
512 378 2239 523 mich anlässlich dieser Frontenskandale
510 484 2248 648 nach allem Vorgefallenen einfach nicht
532 618 2248 772 hatte gegen Sie entschliessen kön[n]en —
542 752 2278 897 was mit meiner ganzen menschlichen
547 864 2271 1048 wie politischen Einstellung zusammen¬
564 998 2224 1176 hängt – so muss es doch wohl jetzt
564 1115 2246 1284 dabei bleiben, dass ich mit Erika
508 1230 2239 1435 befreundet bin; — Du weisst, Mama,
549 1370 2122 1567 ich werde deshalb Deine Ein¬
545 1528 2282 1707 stellung nicht weniger achten, wie
551 1634 2241 1848 ich es ja auf der Polizei bewiesen
545 1790 2161 1934 habe, u. vor allem, Dich nicht
599 1902 2228 2088 weniger lieb haben! Übrigens war
571 2021 2161 2200 es wirklich sehr gut dass Erika
571 2166 2224 2306 mich überredet hat, hierher zu
571 2271 2168 2462 gehen, ich bin zu ganz erlöst.
581 2423 2125 2598 Dr. Ruppauer untersuchte mich
568 2563 2157 2745 gestern u. sagte, ich sei eben.
612 2706 2150 2870 ganz herunter, abgemagert, u.
599 2799 2246 2959 habe schlechtes Blut. Ich darf
394 246 2078 410 zunächst nicht Skielaufen, muss eine
446 328 2183 570 Liegekur machen, ganz Diät essen.
497 499 2113 690 Gestern gab er mir für die Nacht
501 587 2103 806 ein Mittel, u. zum ersten Mal
461 745 2025 951 fühle ich mich heute wie neu
499 821 2147 1061 geboren. Nach St. Moritz darf ich
522 1017 2080 1168 selten – die ein ganz kurzer
543 1210 2122 1341 Besuch gestern (Maud Thyssen ist
568 1332 2122 1501 für einige Tage dort) mich ganz
518 1450 2219 1671 erledigt hat, so dass ich vor dem
560 1633 1671 1783 Essen ins Bett musste.
585 1758 2172 1928 \p\Ein Glück, dass Inge Westendarp
581 1876 2174 2033 da ist, wir werden im[m]er zusammen
573 2006 2164 2162 liegen u. essen, etc. Erika muss ja
617 2139 1320 2307 heute schon fort.\:p\
552 2214 2097 2429 Ich denke, Mameli, ich werde
642 2358 2177 2549 Dir bald wieder telephonieren
602 2478 1892 2661 u. schön einen besseren
646 2623 2223 2808 Bericht geben kön[n]en. Du kan[n]st
544 348 2110 533 ja auch einmal selbst bei Dr.
560 459 2205 635 Ruppan[n]er anfragen. Ich finde ihn
574 599 2191 770 sehr nett. Er ken[n]t meine Disser¬
544 734 2186 870 tation u. hat gesagt "Es wäre ja
529 815 2180 1016 schade, wenn ein so junges Fräulein
538 933 2218 1154 nicht wieder gesund würde, welches
531 1046 2295 1231 in seinem Leben schon mehr geschafft
565 1190 1902 1380 hat als mancher Mann".
529 1321 2198 1507 \p\Ich hoffe, in 10-14 Tagen kann ich
558 1470 1394 1658 dan[n] nach Sils.\:p\
522 1597 2275 1818 \p\Wie geht es die Dir, liebes Mameli?
544 1741 2268 1922 Du solltest Dich ja nach den Weih¬
520 1821 2177 2044 nachtstagen auch erholen! Grüß
520 1976 2286 2202 bitte die liebe Meme u. Papa, u. sei
569 2110 2232 2306 bitte gar nicht besorgt. Hier ist
490 2220 2313 2462 ja alles auf solche Serbel [Zürchdeutsch für kränkelnde/magere Person] wie mich
499 2387 2157 2593 eingerichtet. Ich küsse Dich fest
578 2537 1895 2690 u. schicke Dir alles Liebe.\:p\
1050 2672 1333 2832 Dein
1498 2713 1796 2966 Zwerg
