1621 2398
202 1260 1397 1386 Ma très chère Jaqueline! Nous ne
216 1368 1426 1491 pouvons plus passer par Nyon
210 1421 1428 1527 comme nous sont très en retard –
185 1509 1416 1594 nous enverrons donc nos lettes[sic]
184 1573 1285 1690 par la poste – Chérie, j'étais
195 1664 1429 1745 tellement contente de te revoir!
190 1748 1369 1859 Et je remercie, ainsi que mon
210 1789 1446 1891 ami Scirre?, très sincèrement à les
184 1870 1488 1986 beaux-parents d'avoir été si gentille
202 1938 1387 2069 pour nous – c'était une journée
263 2008 1351 2101 Merveilleuse – Bien des choses
429 2088 1208 2181 Ausriss Luc – Baiser pour toi –
1038 2158 1464 2236 Annemarie
273 1375 993 1407 8428 Genève, Pont du Mont Blanc
