3539 4520
2452 222 2883 467 15. X. 29
718 856 2033 1084 Ma chin Jaqueline –
718 1091 3147 1358 Vous êtes au Foyer. Moi, j'ai envie
705 1239 2876 1503 d'y être. Un peu dans votre
721 1419 3005 1641 chambre, en parlant avec vous.
714 1589 1310 1799 Jaqueline.
705 1782 2925 1976 Vraiment, vos 2 dernières lettres
708 1921 2918 2153 m'attristent. Je vois si bien vos
727 2127 3314 2403 yeux, très clairs et donnant beaucoup
743 2275 2995 2487 de confiance – je sens aussi votre
753 2413 3169 2674 main qui est petite et forte. Mais
740 2584 2301 2828 vos lettres sont si loin.
650 2857 2886 3095 [space] Je vais vous raconter d'ici. J'ai
650 2995 3195 3304 des cours toute la journée – jusque 5h,
914 3243 3195 3520 6h, et 2 fois jusque 7h. Le matin je
695 3385 2970 3674 parts a 71/2h dans ma voiture. Je
682 3536 3127 3864 rentre fatiguée. Pour le déjeuner
721 3752 3275 4067 je vais au Dolder Grand Hotel parceque
817 3990 3211 4263 pour le moment il y a là mon
550 240 3085 494 amie portagaise Maria Helena, avec sa
645 408 3174 635 soeur Isabelle, et sa mère qui est
678 579 3322 830 une femme exquise. Avec cette famille
678 747 3289 1004 j'ai vecu tout un roman. Je vous
705 935 3072 1159 diras seulement que la mère est
711 1083 2519 1406 l’amie de Mme Riedel.
609 1343 2795 1600 Après, quand Helena sera partie, je
642 1567 3348 1817 déjeunerai seule, ou chez Grand-Maman.
662 1775 3085 1982 Le docteur m'a dit que j'avais
701 1936 2970 2222 des pierres dans la bile, et des
698 2104 3292 2423 intishin assez malade, c'est pourquoi
691 2371 2555 2637 j'ai toujours des douleurs.
616 2733 3125 3026 [space] Chère Jaqueline, je voudrais que vous
701 2986 3158 3263 m’écrivez, et bien vite. N’oubliez pas
711 3085 2973 3385 le soir au Greifensee, et notre
688 3286 3283 3559 départ pour Berne. Ne soyez pas triste
668 3523 1251 3721 un Foyer.
682 3599 3194 3925 Vous dites que vous n'aimez person[e.
662 3823 3256 4086 Mais ce n'est pas vrai. Moi, j'aime trop.
678 3984 3049 4218 C'est pourquoi je me sens seule. Mais
635 4119 1715 4323 cela ne fait rien.
1775 4155 2028 4320 Votre
2483 4264 3065 4389 An[nemarie
479 2744 517 4184 Jutti est en Espagne. Samdi
341 2750 388 4263 envoit ses meilleurs pensées.
