3539 4511
2558 246 3040 452 17. XII. 29
782 925 3063 1234 Jaqueline, j'ai une envie folle de
812 1144 3353 1364 partir avec vous pour la montagne,
805 1314 3350 1583 vous savez mon enthousiasme pour
742 1510 3333 1673 l'Engadine, je voudrais tout vous
725 1633 3246 1886 montrer et je sais que ce serait
715 1833 3306 2016 le moyen pour vous fain connaître
669 2032 3093 2235 et comprendre un tas de folies
708 2225 2102 2485 que j'ai en moi!
659 2328 3293 2648 Mais, pour le moment je me trouve
675 2575 3343 2827 comme vous encore au milieu du
728 2774 3280 3040 travail, d'un travail ardent et
722 2970 2927 3243 fatiguant, les jours de fêtes
742 3147 3320 3423 approchent, il y a encore beaucoup
735 3360 3363 3612 ce qu'il fait terminer – c'est pourquoi
732 3506 3240 3775 j'ai à peine le temps pour vous
858 3735 3057 3965 remercier et pour vous dire
945 3925 3187 4148 que vous ne devez être ni triste
741 504 3074 774 ni découragée, quoique je le suis
747 734 2838 874 moi-même souvent: mais
734 898 3017 1147 les projets, la vie qui sera, le
738 1059 3169 1323 plaisir d'être c'est assez pour
765 1305 3205 1575 rester gaie et plein d'initiative!
771 1621 3023 1876 Mon frère m'a raconté de Paris,
792 1809 2783 2036 de vous, de tout le monde.
768 2331 3090 2625 [space] il faut que je finisse. Mille voeux
822 2552 2895 2820 pour les jours de fêtes, chère
816 2750 1496 3011 Jacqueline!
1393 2989 2070 3211 Bien à vous
2137 3433 2832 3633 An[emarie
