2218 2815
1404 267 1628 352 BOCKEN
1263 307 1766 433 OB HORGEN, ZÜRICHSEE
113 395 961 609 17. September 19104 [?]
304 614 1334 835 Lieber Herr Öhman [sic]
171 793 1925 1052 Wie geht es Dir? Sind die schlim[m]en
73 994 2021 1205 Russen noch nicht reingekom[m]en? Und
65 1190 2033 1386 wenn sie reingekom[m]en sind, so habt
81 1321 2106 1542 Ihr sie sicher recht verhauen. Hörst Du
86 1580 2048 1751 die Kanonen von den Russen, oder
83 1761 2021 1950 bist Du noch im Spital? Weisst Du, Du
83 1938 2043 2156 könntest mich schon holen, trotz dem
75 2139 1970 2353 Krieg, denn ich möchte sehen, wie es
161 459 1998 663 im Krieg zugeht. Ich habe gesehen,
78 615 2104 834 wo Stockholm ist und ich gucke auf der
113 832 2127 1008 Karte, wo die Deutschen sind. Bist Du froh
78 1018 1835 1237 über die Siege von Deutschland?
806 1194 1850 1406 Viele Grüsse von
83 1381 1646 1588 Annemarie und Susanne.
