2976 3758
657 462 930 561 21. April
667 704 2497 807 [es gibt keinen Leerschläge nach Satzzeichen. Diakritische Zeichen sind von Hand ergänzt.] Encore en chemin,mon Claude. c'est incroyable! Je suis partie
669 792 2482 863 de Teheran le 14...et maintenant je suis treès près de Prag.
672 834 2492 915 Jch hoffe hier Erika zu finden - stell Dir meine Erregung vor-
669 895 2416 952 ihr Telegramm hat mich in Persien nicht mehr erreicht,und
672 940 2556 1006 vielleicht komme ich nun in Prag an,und keine Pfeffermühle ist
669 991 2433 1046 da.Es wäre eine schreckliche Enttäuschung. Jch schreibe Dir
669 1021 2585 1097 lieber vorher, mon ami, noch im Hochgefühl dieses ersten Tages in
664 1092 2556 1161 Europa. C'est quandmême l'Europe que nous aimons...il n'y a pas
669 1139 2590 1223 de Nationalisme .C  a u d e! Wie lange ein halbes Jahr sein kann
676 1188 2475 1250 - nun ist eine Welt zwischen Euch und mir, und auch zwischen
664 1240 2470 1309 Bocken und mir. Jch habe ein wenig Angst davor. Aber stärker,
672 1289 2258 1363 viel und tausendmal und immer wieder, ist die Freude.[p]
672 1321 2649 1417 Je ne sais pas pourquoi c'est toi qui dois recevoir cette lettre.
679 1390 2534 1454 - mais voila, c'est donc toi. Jch kann gar nicht recht verstehen
669 1444 2475 1515 dass Du immer noch im Militärdienst bist, ich fange an es zu
672 1498 1796 1557 hassen, weisst Du. Mein alter Egoismus.[p]
669 1523 2556 1621 Grüne Felder neben dem Zug, Hügel, und Städte, und alle Schlösser
676 1597 2524 1688 und Klöster[l von hand eingefügt] des reichen Böhmens welches Wallenstein so liebte.
669 1651 1653 1710 Sechs Monate fremdes[r von Hand eingefügt] Land, Claude -[p]
672 1690 1808 1779 sechs Tage ohne ein Wort zu sprechen - [p]
676 1744 2534 1828 und dann ist es s e h r lang. Verstanden .J'ai bien envie de te
679 1806 1137 1872 voir, mon chéri.[p]
676 1845 2561 1946 Je t'ai écrit, probablement, que je retourne en Perse - je veux te
676 1909 1223 1975 raconter pourquoi :[p]
672 1916 2435 2022 Wir sind uns doch einig über das was in Europa zu tun ist -
681 2002 2499 2076 nein, aber was nich t zu tun ist, weil es sich nicht lohnt -
679 2069 2524 2113 wenn man nicht das volle letzte Opfer bringt - oder in der Lage
676 2108 2052 2175 ist die eine Entscheidung erzwingt - wie Erika.[p]
672 2125 2455 2219 Aber-ich möchte nicht wie ein Mädchen leben, Claude - ich bin
676 2199 2470 2266 kein richtiges M-ädchen, welches an den Dingen vorbei sieht,
679 2251 2561 2327 und ein Leben im engen Kreis führt - selbst wenn der Kreis Liebe
676 2310 2199 2374 heisst. Jn Europa hält mich Liebe, sonst gar nichts -
679 2367 1026 2435 tu le sais.[p]
669 2403 2598 2472 Aber, ich glaube du hast mir auch davon gesprochen dass man sich
676 2458 2608 2526 befreien muss.Ich will von m i r aus leben können. Jch will nicht [t von Hand ergänzt]
676 2514 2588 2578 durch Gnade leben, oder mit geschlossenen Augen. Voila - c'est pour
681 2558 2598 2627 qoi je préfere partir. Je serai Archéologue - ich hoffe es gefällt
679 2608 2598 2681 Dir? Dann ist, in Teheran, Frau von Blücher, das bedeutet unerklär
681 2662 1774 2731 lich viel für mich. Cela...plus tard.[p]
679 2701 2020 2775 Jetzt kommt ein Sommer, ich möchte,mit Erika.[p]
679 2760 2426 2831 Und Du??... Bitte, wir müssen uns doch sprechen. Vielleicht
679 2802 2517 2883 holst Du mich vor Weihnachten in Persien ab? Aber es ist eine
684 2863 1296 2932 lange mühsame Reise.[p]
669 2876 2561 3009 Adieu lieber Claude. Jetzt fahren wir durch einen grossen Wald -
691 2969 1902 3055 Quelle joie, de revoir cette chère terre!
1186 3036 1806 3139 Tendresse, mon vieux-
1660 3270 1847 3309 A
889 1571 1313 1751 Lieutenant
1350 1651 1556 1761 Monsieur Caude Bourdet
1004 1811 1392 1851 47 Av. de Jéna
1405 1919 1686 1960 Paris
860 2061 1242 2093 Faire suivre s. v. p.
1468 1819 2123 1916 93e RAM Grenoble
1349 2099 2021 2138 Les Collines
1132 2181 1532 2310 Vence
1254 2292 2050 2475 Alpes Maritimes
