2835 3533
1904 252 2283 414 Dimanche
595 663 2366 815 Man petit Claude - ich sehe Dich mit dem
623 759 2485 918 Lastwagen unterwegs zum Markt - ich sehe auch
628 870 2338 1029 das Zi[m]er, die Pinien, die Linden u. die
608 981 2500 1160 Wiese – ich sehe mich auch mit Dir zusa[m]en,
626 1090 2545 1254 mon ami, u. ich lese Deinen Brief u. weiss
605 1211 2472 1367 was Du Dir gedacht hast, u. dass Du traurig
590 1324 1864 1458 bist we[n] ich nicht ko[m]e ...
575 1420 2517 1614 Voilà - c'est pourquoi je t'écris aujourd'hui,
628 1554 2172 1713 par une soirée calme et solitaire.
608 1637 2639 1816 Erstens, Lieber: Der Orient wartet nicht. We[n] ich
628 1753 2598 1927 diese Unternehmung richtig durchführe, so ist
636 1849 2477 2028 es weil ich fühle: es ist Zeit für mich,
631 1957 2412 2134 etwas ganz allein zu tun, sachlich zu tun,
663 2058 2568 2248 ja, auch - einen "Erfolg" zu haben. Es ist der
651 2184 2502 2364 psychologische Moment dafür, auch äusserlich -
658 2301 2406 2480 weil ich gerade mich von Berlin trenne,
651 2417 2515 2588 gerade meine ungeheure Abhängigkeit spüre -
641 2535 2414 2707 (ma dependance de vous, de mes amis!)
633 2671 1748 2800 u. deshalb allein sein will.
641 2757 2616 2964 Ein Freund von mir, ein grosser u. bedeutender
686 2896 2464 3042 u. überaus reizender Ma[n], interessiert
648 3007 2323 3178 sich für meine Reise - setzt sozusagen
696 3100 2606 3274 Vertrauen in mich - damit aber wird alles
654 411 2439 600 sachlich, ich muss reisen wa[n] es für die
654 585 2424 746 Ausgrabungen günstig ist, nämlich ganz
664 709 1678 855 Anf. Okt. - Entendu? -
682 771 2248 962 - Du führst aber wichtige Gründe für
664 907 2414 1091 "la Graulet" an: mit Recht, mit Recht -
664 1014 2518 1242 petit Claude, tu sais que je tiens beaucoup
694 1123 2516 1324 à te voir - et qu'il n'y a pas beaucoup
669 1227 2419 1460 de personnes qui me sont plus chers -
659 1363 2471 1591 mais 1) j'ai tant à préparer - avec les
657 1534 2013 1668 journaux, avec les éditeurs -
828 1611 2479 1752 2) Ich muss mir die Mandeln heraus¬
915 1723 1681 1852 nehmen lassen.
791 1802 2541 2023 3) Je tiens à être quelques jours avec
592 1971 2486 2139 Maria qui a des vacances le 5 Septembre.
597 2090 2119 2251 Und wie lang ist der September?
575 2201 2566 2382 Schreibe mir, wie weit la Graulet ist, u. wo.
558 2328 2211 2484 Schreibe wie lange Du dort bleibst.
600 2553 2345 2746 Endlich noch ein sehr ernstes Wort:
640 2702 2258 2860 ich glaube, wir alle - Du, Erika, ich -
622 2803 2429 2977 fühlen, dass wir unter den Damokles-
625 2917 2546 3138 Schwert jener drohenden Kriegs Katastrophe
595 3051 2442 3230 leben. Toi aussi tu le sais. Tu dis que
674 3165 2595 3314 peut-être nous ne nous verrons plus.
718 569 2461 788 Mon ami, c’est le sentiment affreux :
758 728 2321 935 que tout ce que nous faisons est
746 872 2405 1054 provisoire, presque inutil[e durchgestrichen] - sauf
765 1008 2482 1176 peut-être de se donner tout à fait
774 1124 2309 1337 corps et âme à la politique, à
714 1267 2552 1444 cette opposition qui est la notre et qui
679 1430 1451 1572 sera l'avenir ...
697 1497 2568 1714 Also - Orientweise, Offiziersschule - à quoi
723 1651 2374 1845 bon! Und nun frage ich Dich, lieber
735 1777 2589 1908 Claude - warum, we[n] Du selbst in diesem
732 1885 2393 2062 Masse an die Katastrophe glaubst -
721 2015 2346 2207 Warum opferst Du dan[n] dieses ein
707 2127 2510 2319 Vielleicht einzige Jahr das uns verbleibt,
667 2295 2293 2454 der Offiziersschule? Warum nicht
702 2381 2500 2570 Orient mit mir, oder, besser: Oesterreich?
730 2542 2043 2699 "Schreiben nützt nicht" - Claude -
728 2636 2314 2820 was nützt? Was ... bleibt uns zu tun?
1241 2801 1728 2974 Tendrement -
2004 3074 2113 3221 A.
908 1583 2074 1730 Monsieur Claude Bourdet
1007 1771 1550 1932 "La Graulet"
1279 1897 1975 2059 par Bergerac
1429 2097 1910 2260 Dordogne
756 2093 1223 2323 Frankreich [Stempel]
752 614 846 676 £-
1898 238 2267 380 Dimandes
842 652 2352 794 etit Clande - ich sehe Dich mit dem
855 767 2470 916 igen vielerwegs zum Markt - ich sehr and
864 903 2324 1028 immer, die Pinien, die Linden u. die
955 1001 1056 1089 id
1108 997 2497 1141 habe mich auch mit Dir zusammen.
870 1102 1049 1229 mi,
1106 1082 2540 1259 u. ich lese Deinen Brief u. weiss
1102 1196 1255 1301 lokkrite
1533 1174 2475 1373 Deker Classio von Du Fraurig
936 1216 1065 1349 Dir
868 1371 1078 1469 où
1828 1408 2514 1583 is aujourd'hui
885 1460 1087 1572 c'est
1836 1559 2171 1664 litain.
864 1596 999 1721 e
1828 1640 2617 1830 ertel nicht. Wies ich
955 1686 1078 1810 tiel
1854 1756 2591 1882 durchführe, so ist
888 1791 1069 1917 til en
1852 1854 2466 1989 Zeit für mich
1839 1970 2409 2092 geblich in tun.
903 1983 1021 2123 Jan
1852 2064 2562 2204 haben. Es ist der
890 2121 1017 2228 nde
1858 2175 2492 2287 auch äusserlich
859 2226 1082 2344 logio
1808 2298 2396 2457 Berlin Erenne
850 2331 966 2499 id
1089 2309 1742 2532 Inventanten hochgelassen Houtunter
1255 2473 1594 2564 ungeheur.
1723 2409 2495 2582 Hthängigkeit Spürs
925 2453 1163 2549 wenn
868 2564 1734 2711 dépendance de vous,
1782 2582 2420 2735 de mes amis!)
853 2680 1734 2818 halb allein sein will.
857 2763 2610 2943 reund von mir, ein grosser u. bedeutendes
853 2875 2451 3037 beraus riander Mais, intéressiert
844 3010 2313 3170 in meine Reise - seft sozusagen
850 3129 2610 3306 rauen in mich - damit aber wird alles
