5601 7038
774 852 2856 1186 Hohenzollernstr. 23/24
818 1169 1459 1487 Freitag –
935 1704 5228 2149 E.-Liebling, es ist, kurz gesagt, die beste
958 2015 5233 2299 aller Überraschungen, Dich in Dresden
941 2277 5228 2678 oder Prag oder im böhmischen Wald
946 2555 5334 2851 bei Schneesturm u. Rübezahl zu glauben
963 2839 4933 3179 u. statt dessen Dein Bild gleich aus
985 3112 5172 3524 München zu bekom[m]en. Natürlich ist es
991 3463 5050 3775 dem Photographen nur halb gelungen,
1002 3708 5167 4025 nur viertels, aber trotz allem, das Bild,
952 3997 5339 4437 macht sich an meiner Wand ganz wunder¬
930 4254 5306 4654 schön u. beruhigt mich durch seine Gegen¬
902 4538 5245 4860 wart. Wie es mir geht, fragst Du – ich bin
969 4821 5200 5194 doch 10 Tage im Bett geblieben, aber das
935 5066 5417 5501 war gut, notwendig u. richtig. Jetzt weiss
1013 5395 5044 5757 ich dass "Ariane" [laut Fleischmann: "sog. Damenlokal in Berlin", gemeint ist wohl eine Lesben-Bar, ev. diejenige, in der Ursula arbeitet, siehe auch KM Tagebuch 1931-33, S. 11 - 18.X.31.] ein Komplex, u.
963 5673 5384 6018 das Dasein in Berlin nur möglich ist, wen[n]
980 5902 4933 6291 man sich sehr streng beschränkt was
1002 6252 4888 6664 Zeit, Menschen u. Reden anbetrifft.
1086 838 5065 1227 Ich mache es also mindestens wie unser
1109 1086 5284 1413 Klaus, der auch ruhig an seinem Schreib¬
1064 1384 5324 1688 tisch bleibt abgesehen von einer Mittags¬
1103 1576 5324 2009 pause, u. erst ab 7 Uhr bin ich dann für
1114 1919 3472 2313 Verabredungen zu haben.
1019 2155 5397 2442 \p\Es braucht Dich u. mich eigentlich gar nicht zu
996 2341 5374 2729 verwundern dass der psychische Reinfall den
1030 2617 5408 3028 psychischen [add above line: physischen] so rasch hervorgerufen hat: man
996 2808 5408 3174 nen[n]t das, scheint mir, Flucht in die Krankheit,
1002 3089 5442 3489 u. es war ja auch so dass g die ganz unmässige
974 3326 5436 3720 Leidenschaft für Ursula noch viel unmässigere
1086 3585 5267 4035 physische Austrengungen, Alkohol u. Nächte
1024 3810 5228 4187 ohne Schlafen u. jene Ausfahrt [gemeint ist vermutlich Rheinsberg, das in lyrische Novelle verarbeitet wird] – mit sich
1007 4164 1795 4451 brachte. – [sehr langer Strich]\:p\
912 4283 5442 4710 Ich weiss auch, leider, heute so wenig als vorher,
945 4479 5239 4963 was daraus wird, es ist alles recht unge¬
996 4766 5284 5200 schickt, u. Klaus hat es mit seinem Kind [damaliger Freund v. KM recherchieren]
1052 4986 5099 5431 viel leichter. Ursula war zweimal bei mir,
1007 5217 5329 5667 es liess sich freundlich an, u. gelegentliche
985 5498 5144 5920 Ariane-Besuche werden mir auch nicht
990 5740 5329 6100 mehr den Hals kosten. Aber alles Andere
1013 6021 5329 6393 muss ich wohl abwarten, etwas muss sich
979 6342 4986 6624 eben ändern, Ursula oder ich, oder die
1013 6607 5425 6866 äusseren Umstände. Indessen kom[m]e ich mit
1066 582 5017 1094 den fürsorglichen Speyers, u. auch mit
1094 827 4952 1246 Frau von Schmidt-Pauli, sehr freundlich
1050 1115 4854 1573 aus u. denke, mehr an Bücher, an alle
1083 1382 5343 1839 Art von Arbeit, als an die letztlich unleidigen
1088 1567 4952 2149 Herzenszustände. So sehr hat mich, E.,
1012 1899 5338 2416 der Satz über die "Damen in meinem Herzen"
1039 2160 5147 2612 beschämt u. Deine kurze Gegenwart von
1066 2443 4935 2862 allerhand tiefen Missverständnissen u.
1083 2737 4027 3156 falschen Ellenmassen befreit.
1143 2889 5458 3292 \p\Ricki war nicht sehr irrsin[n]ig, (wieviel, ungeheuer
1039 3145 5305 3537 viel lieber ist mir aber sein Irresein als Evas
1045 3390 5430 3809 Klugheit) u. Klaus sehe ich hoffentlich morgen.
1105 3613 5066 3950 Bald gehen wir auch in Franks [Bruno Frank?] Première u.
1154 3831 5077 4299 fragen uns warum die Leute nicht lieber
1126 4135 3548 4549 "Plagiat" spielen wollen – –\:p\
1170 4484 4984 4821 Gute Nacht, grüsse alle u. die Theres
1230 4631 5049 5001 insbesondere, schreibe bitte bald. Ich gebe
1159 4968 4957 5283 mir grosse, allergrösste Mühe Dir nicht
1159 5158 5077 5566 allzuviel mehr über Kinderkrankheiten
1170 5479 3107 5822 berichten zu müssen.
1513 5741 3716 5964 Es liebt Dich sehr Dein
3488 5855 4277 6176 Kind A.
