2870 3667
1073 322 1758 493 THE JOINT EXPEDITION
1269 431 1570 509 TO PERSIA
1073 486 1755 589 ERICH F. SCHMIDT, FIELD DIRECTOR
345 561 1278 676 THE MRS. WILLIAM BOYCE THOMPSON FOUNDATION
425 662 1205 762 THE UNIVESITY MUSEUM, PHILADELPHIA
1863 566 2488 687 THE MUSEUM OF FINE ARTS
1936 655 2415 776 BOSTON, MASSACHUSETTS
687 797 1020 915 22 novembre
746 1066 1522 1180 Mon cher vieux Claunde –
774 1164 2228 1351 tu sais que tu m’ as un peu abandonné
765 1246 2251 1443 ces derniers temps? J’ ai vécu, dans notre
735 1399 2287 1579 camp d'excuvations, très isolée du monde
742 1506 2244 1744 de mes amis – et en voilà le résultat :
762 1666 2310 1894 je me suis fiancée avec le seul garçon
783 1789 2164 1997 qui était, entre ce monde que
753 1897 2255 2141 j’aime, et mon nouveau entouragé
749 2015 2362 2280 d' Orient. C'est Claude-Achille Clarac,
733 2141 2353 2419 Chargé d' Affaires de France – et ton oncle
753 2273 2333 2559 Pozzi sera donc notre chef à Teheran!
740 2419 2449 2712 Mon petit, je ne sais pas si cette décision te
756 2540 2456 2867 frappera beaucoup – cela ne changera donc
698 2666 2461 3011 rien en moi! Mais, comme toutes les relations
703 2819 2440 3157 me manquent, j’ aime autant d ne rien
687 2919 2529 3291 t’ écrire. Je suis en train de rentrer en Suisse.
669 3077 2461 3401 Je sont serai à Sils à partir de Janvier
692 549 2466 716 et j’ espère que tu viendras me voir là-bas.
701 637 2418 873 Ecrits-moi en mot à Bocken, quand ce
723 776 1884 965 sera possible que tu vienne.
961 965 1338 1091 Tendresse
1384 1093 1490 1179 de
1615 1186 2054 1298 Annemarie
556 1453 967 1565 via u.R.S.S
901 1696 2029 1857 Monsieur Claude Bourdet
1158 1849 1812 1988 47 Av. de Jena
1647 1997 1935 2123 Paris
599 2171 878 2287 France [Teheran, 24.XI.34
