3503 4448
2030 305 3215 495 Dimanche après-midi
754 812 2258 1138 Ma chère Jacqueline –
831 1191 2799 1400 Me voilà à Meilen. Nous
815 1421 2726 1590 sommes venus dans la
791 1600 2726 1830 Buick, et jai conduit
735 1821 2756 2052 bien plus lentements que la
772 2006 3150 2295 dernière fois. À Zurich, j'avais
732 2249 3202 2483 envie de m'arrêter: immaginez-vous
784 2473 3089 2704 que Mme Riedel chante dans le
892 2655 2879 2932 Corso, avec le plus grand
781 2833 2938 3104 succès!!! Mme Riedel est la
775 3104 2901 3362 femme que j'ai tellem tant
788 3359 2947 3562 aimé comme gosse de 16 et
692 3519 3005 3796 17 ans et peut-être elle était
729 3771 2624 4048 la meilleure amie que j'ai
729 3950 1787 4230 jamais eu. Je l'aimerais
585 278 2909 582 passio[nément et elle m'aimait
666 553 2932 782 aussi, et c'était très beau. –
553 740 3039 1009 Maintenant, elle est toujours avec
682 924 3145 1235 une dame portugaise que j'aime
682 1173 2877 1451 beaucoup, et dont la fille
1794 1400 3081 1616 et appelée "une amie de moi." –
821 1616 1616 1852 C'est drôle –
572 1817 3171 2211 Ma chère Jacqueline, c'est absolument
637 2111 3022 2424 navraut que vous n'êtes pas
1228 2350 3187 2664 là! Meilen ne me plaît à peine
763 2618 3126 2961 aussi. Je suis plein d'esprit
740 2832 3174 3161 de révolte. Mais cet esprit me
737 3051 2974 3378 réveille et me rend plein
734 3271 1451 3504 de joie –
640 3485 3174 3837 Donc ne m'en voulez pas pour l'autre
718 3717 2822 3982 (première) lettre que j'ai écrit le
724 3889 3110 4193 matin à Bocken. Pourquoi n'être
773 4070 1736 4306 vous pas là?
2253 4176 2925 4328 Annemarie
