4656 3672
2388 313 2648 414 BOCKEN
2254 385 2771 512 OB HORGEN, ZÜRICHSEE.
2907 232 3649 433 22 Juli 29
2464 909 3127 1055 Cher vieux –
2462 1067 3967 1254 je viens de t'écrire une
2436 1232 3969 1404 lettre. Malheureusement
2412 1383 3984 1613 en vain, parce que je ne
2395 1553 4306 1821 savais pas que tu ne supporte
2388 1749 4201 1964 pas Jaqueline [Nougarede]. Elle ne le
2412 1938 4211 2156 mérite pas, du reste, mais
2421 2139 4196 2340 voilà des choses qu'on ne
2421 2304 3675 2507 peut pas discuter.
2397 2488 4318 2725 Je pense que Jaqueline arrive
2385 2668 4101 2955 le 4 août. Après quelques
2400 2849 4304 3103 jours elle va à Meilen chez
4119 212 4234 336 .
2050 320 2380 548 Jutta. [Zum Aufenthalt von J. vgl. die Briefe an sie 0920 bis ca. 0930, ev können diese jetzt besser datiert werden - undatiert aus dem SLA]
2072 523 4279 788 Je t’ai proposé dans ma lettre la
2121 747 4091 978 chose suivante: Viens si tôt
2179 860 4094 1160 que possible. Je pars, avec
2171 1080 4088 1314 toi, pour l'Alp le 2 Août –
2171 1262 3846 1479 Tama l montera déja la
2160 1386 4210 1667 semaine prochaine. Viens donc
2185 1612 4232 1832 quelques jours avant si tu peut,
2174 1799 3998 2003 et reste avec moi a Bocken.
2168 1923 4380 2198 Je suis là à partir du 29 Juillet
2212 2119 4251 2347 Donc : écris vite, viens en tout cas
2193 2292 4303 2499 a Bocken jusqu'au 2 ou 4 Août
2187 2449 4009 2626 et décide toi-même si tu
2185 2617 4314 2912 viendras encore a l'Alp, in spite
2174 2747 2962 2945 of Jacqueline –
2251 2810 3705 3174 je t'embrasseet  j'attends
2278 3097 2940 3295 ta réponse
3477 3237 4020 3513 An[emarie
1912 3267 3105 3438 De Hertha je n'en pas encore
1948 3369 2540 3488 de réponse!
