5411 6839
848 680 4259 961 Rheinsberg. Hotel Seeterrasse [add on side: Fürstenhof]
820 921 1534 1157 9. Nov. 31 [zentraler Brief für die Entstehungsgeschichte von "Lyrische Novelle"]
820 1337 5006 1736 \p\E.-Liebling, wir fahren also, Doris u. ich, nicht
826 1556 5119 1877 nach München: den[n] Doris ist wieder versöhnt u. froh
826 1826 5096 2085 u. bleibt in Berlin, bei mir dafür handelt es sich
809 1927 4967 2231 um keine Aussöhnung u. deshalb bin ich gestern
803 2158 5203 2478 in der Dunkelheit, ganz gegen meinen Wunsch u. gegen
809 2309 4984 2675 meine Feigheit, hierher gefahren – wo ich alsbald 14
815 2478 5034 2826 Stunden geschlafen, dazwischen ein wenig über meine
792 2675 5265 2961 Einsamkeit geweint habe. Aber trotzdem ist es ganz recht
764 2860 5136 3141 dass ich nicht nach München gekommen bin, was hätte
809 3000 5209 3248 ich dort anderes getan als Dir meine 17jährigen Komplexe
803 3141 5231 3512 vorzutragen, das aber kann ich genau so gut in Berlin tun.\:p\
747 3444 5023 3731 \p\Ob es mir wohl endlich gelingen wird, E., erwachsen zu
759 3635 5203 3939 werden? Das sehr kluge Kind Ursula hat mir gesagt
759 3798 5220 4085 ich sollte kein zweites Buch wie den "Bernhard" schreiben
742 3933 5220 4253 u. wenn ich nicht so masslos verwöhnt u. verzogen wäre, hätte
770 4090 5046 4388 ich es wohl nicht gedruckt. Hingegen sagte mir Speyer,
764 4248 5242 4562 ich würde wohl nie ein besseres Bude schreiben als eben
719 4428 5158 4709 diesen "Bernhard". Worauf ich hellsichtig u. erschrocken
719 4574 4950 4843 daran dachte, dass Speyer tatsächlich nie etwas
747 4765 5265 5068 Besseres geschrieben hat als "Schwermut der Jahreszeiten"
747 4911 5248 5192 – ein Buch dass den "Bernhard" an Qualitäten sehr über¬
764 5096 5113 5332 trifft, an 17jährigen Komplexen aber mit ihm kon¬
725 5287 1865 5574 kurrieren kan[n] –\:p\
714 5602 5079 5838 Ich möchte gern, dass nicht Speyer recht behält, sondern
725 5815 5164 6074 Ursula deren Ausspruch vom "Masslos verwöhnt sein" ich
747 5984 5231 6203 von Dir auch einmal gehört habe. – Sie sagte mir übrigens
708 6108 5141 6304 dass ich we[n] ich weiterfahr mich in dieser kritiklosen
742 6259 5152 6501 Weise tausend Leuten preiszugeben – zwar meine verwöhnte
736 6394 5231 6613 Matrosenrolle noch einige Jahre liebenswürdig weiter¬
927 472 4769 810 spielen könne, aber niemals einen Menschen für
949 716 4824 977 mich haben würde. Worauf ich, in[n]erlich ver¬
905 888 4657 1138 zweifelt aufbegehrend, gern die Lüge vorgebracht
927 1010 4974 1327 hätte dass es Dich unter allen Umständen für mich
927 1205 3403 1471 gäbe, aber ich habe nichts gesagt. [vertical space]
855 1893 5013 2198 \p\Speyers Methode ist, die Leute, wen[n] das Leben sie ein wenig
888 2087 5035 2393 angehaucht hat, ins Landerziehungsheim zurück zu
827 2254 5157 2587 schicken. Und die Methode der meisten Menschen ist, mich
866 2420 5052 2726 zu streicheln, mir zu essen zu geben u. mich, wenn es
855 2581 5035 2881 gar nicht mehr gehen sollte, in die Schweiz zurück zu
860 2759 5257 3070 schicken. Dieses: dass ich mich bei Frau v. Schmidt-Pauli oder
794 2898 4952 3198 bei Maria oder bei Rut im[m]er für 2 Stunden trösten
838 3053 5235 3370 lassen kann, hat mich auch verhindert, weg zu fahren.
816 3275 5257 3536 Ursula findet, dass ich für diese Rolle zu klug u. zu begabt
816 3364 5118 3742 sei (das findet sie im[m]erhin), dass ich es mir zu leicht
822 3519 4108 3830 mache, u. dass es schade um mich sei.\:p\
788 3952 5240 4230 \p\Ich finde, dass Ursula recht hat. Als Du mir etwas Ähn¬
783 4086 5174 4369 liches sagtest wie sie, nahm ich es nicht so ernst weil
794 4274 5129 4552 es mir dabei ganz gut ging. Jetzt geht es mir, allen
788 4413 5190 4769 Ernstes, nicht so gut, weil ich zum ersten Mal einge¬
777 4563 5207 4896 sehen, zugegeben, wahrgemacht habe, dass ich verdienter¬
810 4796 5224 5052 massen allein bin u. dass ich meine bisherige Rolle unter
799 4974 5163 5279 keinen Umständen weiterspielen kann ohne mich ent¬
827 5107 2381 5412 setzlich zu schämen.\:p\
805 5412 4985 5812 Grüsse den Klaus recht sehr, die Theres ebenso. Es ist
827 5618 4724 5934 hundekalt u. feucht in den hübschen Herbst¬
777 5790 5035 6112 wäldern hier, u. bei Euch gibt es vielleicht schon
738 5990 4957 6317 Schnee? Adieu, adieu, ich wollte den Brief recht kurz
772 6201 5052 6473 schreiben, statt dessen schrieb ich ihn betrügerischer
766 6345 5074 6573 Weise recht eng. Lies ihn mit Geduld u. nim[m] daraus
761 6434 3009 6695 die selbstsüchtige Liebe Deiner
3585 6680 3829 6724 A.
