3665 4583
575 890 2174 1170 5. I. 32 Bocken/Horgen
953 1542 2686 1798 Ma bien chère Jaqueline –
1012 1778 3204 2060 Tu es si gentille de m'envoir
959 1950 3132 2239 écrit après mon long silence.
920 2185 3111 2394 Merci millefois pour tes bons
902 2319 3114 2584 voeux, moi aussi je t'envoie
896 2558 3198 2769 mes voeux sincèrs pour une très
860 2698 1977 2930 heureuse année!
843 2915 3237 3177 Je vais assez bien. J'ai travaillé
840 3100 3192 3335 trois mois à Berlin, j'ai écrit
860 3296 3055 3585 un roman qui va paraître
747 3505 3106 3778 en printemps. J'étais souvent
822 3743 3132 3972 malade, pas gravement du reste
774 3924 3088 4222 et en ce moment je pars pour
797 633 2917 927 les Grisons (pas pour St. Moritz!)
815 857 3029 1136 pour me remettre au soleil ...
791 1096 2914 1348 Chère Jaqueline, je serai très
791 1299 3117 1505 contente de vous revoir, de voir
845 1545 3283 1799 ton apartement – je  ne sais quand
830 1757 2986 1987 je viendrais à Paris - mais
787 1932 3059 2199 sûrment une fois pendant cette
794 2187 1287 2344 année.
797 2353 3005 2653 Ne pene pense pas que je t'oublie.
775 2568 3183 2780 C'est tout simplement la distance
745 2783 3162 2944 entre nous, et la vie nouvelle à
818 2908 3014 3177 Berlin, mais je reste toujours en
821 3174 1811 3383 amitié sincère.
1826 3362 2020 3510 Ta
2284 3462 2938 3680 Annemarie
