5475 6902
1046 1462 1833 1695 3. I. 32
939 1863 5025 2244 E. – Es schneit unbändig u. unentwegt,
1056 2096 4736 2492 ich sitze in Arosa bei Ursula die
1081 2330 4848 2817 ganz verändert, braun, fröhlich u.
1102 2604 4701 3107 esslustig geworden ist – ich selber
985 2833 4990 3274 habe mich schnell erkältet u. habe
1020 3218 4767 3543 wieder Halsweh woran ich mich
1046 3401 4802 3817 noch im[m]er nicht gewöhnen kann –
1046 3726 4553 4249 zumal ich morgen in St. Gallen
1071 4015 4797 4543 aufsagen soll. Dein Brief kam,
1132 4381 5041 4701 sei sehr bedankt, hoffentlich hat
1208 4650 4416 5000 der kleine Bankier Dir den
1168 4939 4817 5350 Schweizerischen Geldzeddel auch
1152 5234 4787 5645 anstandslos ausbezahlt? Dem
1107 5518 4762 5954 Sylvesterspiel, habe ich, oh Ärger,
1122 5802 4807 6254 des Yorckfilms im Familienkreis
1137 6157 4848 6518 wegen [gemeint ist ev. die familiäre Auseinandersetzung um die Reise mit Ruth Yorck nach Venedig 1930, aufgrund derer ihr eine Reise zur Aufführung von EM verboten wurde?], nicht gehört, dafür lese
1017 1017 4843 1302 ich Tasso u. stimme Dir bei u. hoffe
1057 1227 4524 1591 dass der Bepser nicht spielen
1012 1526 4648 1915 darf – u. die Tinte geht mir aus [deshlab der Wechsel auf Bleistift auf der zweiten Seite],
1147 1761 4434 2214 und E., E., ich freue, mich
1082 2065 4474 2469 wie es sich gar nicht sagen
1087 2389 4509 2803 lässt, dass du bald auf die
1077 2653 4319 3162 Lenzerheide kom[m]st – Grüsse
1072 2963 4588 3367 Kläuschen sehr; ob er fleissig ist,
1092 3202 4588 3631 was schreibt er den[n]? Bei mir
1092 3486 4683 3890 ist alles in festtäglichen Still¬
1057 3875 4389 4254 stand geraten, von den verd...
1052 4050 4798 4504 Halschmerzen ganz zu schweigen,
1017 4374 4863 4788 die mich immer gleich ganz schwach
1042 4574 5027 5022 u. niedergedrückt machen. Wo haben
1022 4838 4983 5247 wir aber auch den "festen Punkt“ von
1092 5162 4848 5526 dem aus man die Welt aus den
1132 5466 2494 5835 Angeln hebt,
988 5601 4873 5960 \p\ich finde, E., dass man Europa u. die
1032 5865 5037 6204 alten Weg für ein Weilchen verlassen
988 6155 4988 6474 sollte, hier verlangt man zu wenig Mut
1002 6339 3815 6658 u. zuviel Geduld von uns –\:p\
958 6434 4170 6778 Grüsse für Theres – u. Medi u. Bibi –
759 2162 817 6465 Umarmung, Zärtlichkeit, man[n]igfache Gedanken
566 2226 617 4217 für Dich von A. –
186 179 266 3959 Den Roman bringe ich auf die Lenzerheide mit –
