1932 2385
929 246 1287 323 PALACE HOTEL
1017 316 1200 386 HANS BADRUTT
1322 323 1561 451 ST. MORITZ
407 683 1577 862 Cher Claude, (mon très cher
407 813 1705 999 Claude) – j’ai honte de ne pas
372 938 1790 1135 avoir écrit avant: c'est parcequ –
376 1005 1740 1243 j'essaye de travailler. Alors, si
379 1122 1690 1335 Margot ne me force pas de
371 1259 1656 1433 quitter la Stube de Sils
383 1363 1598 1549 pour prendre de l’air – je
349 1477 1721 1714 reste là, en “perdant mon temps”
320 1616 1665 1853 même sans lire, presque sans
295 1712 1621 1923 réflexion – et je donne l’im-
304 1807 1690 2044 pression de quelqu’un de très
323 1928 1565 2162 paresseux. Mais voilà ce qui
290 2081 1561 2246 m'arrive, quand, après une
392 218 1771 410 long interruption, je recom]ence
388 336 1635 510 à écrire – il faut du temps,
417 463 1782 644 plonger dans le rien, retrouver
374 569 1519 762 la mémoire, l'image –
247 674 1531 909 Le soir, au lit, je constate que
368 819 1063 982 je n’ai rien fait! –
297 941 1783 1132 Heureusement, Remarque est ici,
302 1070 1216 1236 et il fait la même chose – cela
313 1190 850 1284 me console.
336 1259 1721 1492 Hier, j’ai eu un accès formi-
250 1365 1703 1572 dable de faiblesse, on m'a
275 1501 1553 1676 ramené à l’hôpital. Mais
263 1587 1724 1851 en général, je suis très bien
265 1730 1703 2016 et un peu plus courageuse.
456 1889 1537 2087 – Et tois, mon chéri –
959 156 1063 217 – 2 –
917 229 1272 351 PALACE HOTEL
1006 292 1188 369 HANS BADRUTT
1307 346 1546 417 ST. MORITZ
374 441 1678 595 Com]nt vas ton travail?
431 539 1626 720 Et Paris? Qui est avec
358 650 1711 853 toi? Te sens-tu satisfait
342 781 1562 973 de ce qui t’occupe? Je
322 924 1613 1115 sais – ich weiss. Je pense
335 1034 1086 1220 souvent à toi – Je suis
388 1193 1652 1395 seule avec Margot et cela
327 1313 1317 1535 me fait beaucoup  de
350 1445 1520 1650 bien. Elle est épatante,
362 1551 1562 1777 je crois la que je l’aime de
310 1726 1137 1883 tout mon coeur.
319 1873 1536 2043 Beaucoup de bonnes pensées
864 2013 1389 2170 Annemarie
