4656 3648
546 1025 1975 1158 Ecoute mon vieux, je ne suis
588 1093 1968 1275 pas un bonhomme à pain
569 1217 1953 1387 d’épice, et je ne suis pas
563 1316 1973 1541 à vendre, et tu ne dois pas
588 1446 1977 1662 penser que je te fais un
578 1592 1898 1759 sourire de politesse si?
608 1690 1938 1906 que tu as failli abîmer
567 1838 1540 2015 notre amitié. Voilà.
588 1900 2101 2105 Ton histoire, surtout la deuxième,
567 2035 2011 2221 m'a fait beaucoup de plaisir.
575 2150 2020 2377 Le Satyr a raison. Mais l'
631 2294 1324 2441 homme aussi.
559 2337 2005 2602 Seulement dans la pratique,
621 2538 2016 2730 il y a 2 cas: Les gens qui
640 2647 2148 2850 nous regardent rien, peuvent
638 2752 2016 2927 avoir le noir et le blanc
620 2876 2052 3087 de la même personne. Et
670 3021 2122 3218 aussi un sourire. ça c'est
608 3167 1891 3471 de la politesse. Mais ces
554 777 1847 1001 gens-là ne peuvent pas
570 930 1897 1090 acheter le bonhomme
522 1097 1128 1236 que sourit.
484 1172 1927 1413 Quant aux autres, qui sont
516 1344 1394 1525 plustôt des amis,
545 1424 1977 1629 – mais Dominique, tu trouve
509 1585 2035 1783 donc que je te souris toujours?
488 1734 1961 1958 Naturellement, on ne peut pas
513 1897 1960 2091 m' écraser le corps et voir
537 1988 1994 2239 ce qu'il y a à l'intérieur.
530 2147 1851 2341 Mais ça se voit sans cela,
478 2320 1724 2525 que le sourire n'est pas
520 2434 1707 2605 toujours "en exposition".
503 2662 1942 2841 Et tu es bête, d an dessus
532 2780 1899 2977 de tout. Non vieux, si tu
530 2943 1798 3154 es fatiguée, et si tu as
568 3084 1715 3264 envie que je vienne
526 3184 1918 3467 sauter, tu n'as qu'a le
2396 965 3551 1141 dire, car je te disais
2413 1118 3763 1318 que j'étais fatiguée – donc
2446 1268 3133 1460 pas empêcher.
2343 1435 3729 1618 Ecoute, quand on aura les
2356 1582 3676 1743 vacances, et le soleil, et
2337 1703 3668 1855 on dormira, les ballons
2343 1887 3697 2016 monteront de nouveau au
2373 1986 3701 2168 ciel! – Du reste, je viens
2389 2147 3765 2332 pour déjeuner, si ça te va,
2415 2299 3608 2487 mais je ne peux pas
2354 2423 3712 2635 aller nager aujourd'hui.
2356 2567 3623 2806 Je te raconterai aussi de
2345 2732 3091 2894 M. Vollmoeller.
2438 2858 3300 3066 À tout à l’heuRE!
3120 3040 3661 3197 An[emarie
