4445 6360
3107 599 3489 741 BOCKEN. [zeitliche Schätzung: ca. April 31, vor dem 26. April, Zeit der Examen; Brief bei Fleischmann nicht ediert]
2912 697 3711 848 OB HORGEN. ZÜRICHSEE.
604 1172 3955 1669 \p\E.- Die Pläne wachsen ins Zahllose
639 1514 3919 1886 und ich habe, mit gutem Gewissen,
639 1784 3813 2104 nicht einmal Zeit sie alle mit
590 2002 3933 2264 dem nötigen Ernst durch zu denken.
608 2237 3875 2530 Doch da Mädi [=Medi?] zweifelsohne ihre
613 2441 3782 2788 Prüfung schon bestanden hat
639 2685 3995 3001 rechne auch ich mit ähnlichem
661 2899 1327 3223 Erfolg.\:p\
657 3054 4217 3449 \p\Bei uns nämlich will die ganze Familie
639 3342 3680 3644 wieder einmal sich zerstreuen,
621 3502 4177 3884 sogar die Grossmama welche damals
648 3715 3937 4026 unserem Mahle assistierte – und,
644 3924 4061 4239 da sie nicht gerne in der Bahn u.
639 4155 3950 4483 nicht gern allein reist habe ich
675 4363 3986 4705 proponiert bis Berlin mit ihr
701 4696 4195 4967 im Auto zu fahren. Dieses selbe Auto
697 4847 4164 5207 würde auf der Rückfahrt über
675 5073 4044 5446 München reisen (nämlich nicht
675 5260 4008 5664 der Victory sondern das feudale
670 5491 4004 5908 Gefährt welches uns auf die Bahn
750 5739 4110 6174 brachte), wen[n] dies für mich günstig
763 6001 1842 6236 sein sollte.\:p\
4168 574 4198 2430 In grosser Hast
3987 943 4023 2457 geschrieben!
3847 870 3896 2498 Empfehlungen
3675 956 3745 2372 an die Eltern
739 465 3950 722 \p\Dieser Plan wäre nicht übel weil ich
761 700 3980 1027 ohnehin nach Berlin fahren will
739 887 3954 1209 u. dies auf diese Weise ohne Zeit¬
774 1101 3162 1431 verlust geschehen könnte.\:p\
744 1340 3819 1653 \p\Aber – u. es ist ein grosses Aber, –
787 1531 4119 1844 Du schreibst ob ich am 26. mit Dir
774 1753 3741 2049 zurück oder ohne Dich kommen
718 1971 3950 2301 wolle. Wohin kommen? Wenn Du
696 2218 4137 2527 damit München meinst, so müsste
657 2432 3998 2793 man aus Vernunft- Benzin- Geld-
722 2680 3863 3032 Zeitgründen sagen dass Du dan[n]
705 2901 4167 3297 keinesfalls vorher eine Schweizerreise
744 3136 3850 3510 unternehmen sollst da ich ja wie
753 3384 4015 3758 gesagt nur wenige Tage später nach
705 3602 3054 3976 München kommen kann.\:p\
713 3932 4059 4259 \p\Welch umständliche, ganz examens¬
709 4154 3771 4489 belastete, unklare Plänemacherei!
692 4407 4193 4720 Ich rekapituliere den jüngsten, meinen,
692 4624 3780 4968 mit Hilfe Mamas ausgeheckten
739 4855 3985 5311 Plan: Wenn Du nicht in die Schweiz
700 5120 4128 5607 kom[m]st, beeile ich mich entsprechend
770 5381 3593 5833 mit der Berlinerfahrt. Das
748 5607 1470 5925 ergibt:\:p\
3156 559 3550 746 BOCKEN
2952 702 3741 863 OB HORGEN. ZÜRICHSEE.
746 967 4131 1309 \p\Wir fahren sofort nach dem Examen
789 1309 3954 1578 d.h. am 26., hier fort. Sind am
759 1548 4071 1881 27. oder 28. in Berlin. Dort bleibe
741 1821 3836 2168 ich bis Ende der Woche u. fahre
676 2042 4157 2432 Samstag oder Sonntag (2. 3. Mai) nach
672 2358 1665 2640 München.\:p\
746 2562 3633 2917 Was würdest Du dazu meinen,
746 2783 3585 3091 denken, beschliessen, anders
741 3030 3888 3360 machen? Ich lasse Franks und
776 3238 3910 3633 sehr Grüssen. Klaus' Essaybuch [vermutlich: Auf der Suche nach einem Weg. Aufsätze. Transmare Verlag, Berlin 1931.]
737 3533 3893 3884 habe ich schon bekommen u.
711 3698 3702 4110 drin wenig auch gelesen, sehr nett
715 4036 4027 4439 und liebenswert war es von ihm
767 4287 2747 4569 an mich zu denken!
2757 4261 4305 4643 Wohin kann man Klaus denn
2747 4448 4049 4712 denn schreiben? –
702 4465 4006 5042 Den "Bernhard" habe ich ganz aus
707 4747 4105 5254 den Augen verloren, noch einmal
689 5063 3862 5527 wegen des Doktortitels, den ich
737 5258 4101 5818 noch nicht habe u. oft verfluche
724 5479 3906 6099 weil ich Kopfschmerzen habe,
850 786 3819 1112 dauernd, unverbesserlich, was
904 1031 3318 1424 keine guten Folgen haben
913 1270 3783 1681 kann trotz Ehr u. Ruhm! [vertical space]
918 1822 3693 2301 Schreibe, sei nachsichtig gegen
895 2075 3526 2463 so viel Wirrwarr, (am Ende
899 2359 3476 2653 wird doch alles anders als
890 2558 3512 2915 man denkt pflegen die Leute
895 2798 3435 3178 zu sagen) und sei vielmals
863 3042 3489 3467 umarmt von Deinem Kind A
411 3724 4050 4303 [Oder fährst Du nicht doch in die Schweiz ...] [Achtung: eckige Klammern von AS!!!]
