2872 3586
301 338 648 373 hôtel jacob
447 362 870 480 et d’angleterre
370 455 817 577 44, rue jacob. paris - 6°
470 557 720 640 tout confort
350 607 830 700 téléphone avec la ville
355 672 837 780 dans toutes les chambres
440 797 733 832 R. C. Seine 9.491
1609 345 1979 495 tél. littré 87-91
1797 427 1989 500 87.92
1412 470 2181 605 paris, le         193
1272 867 1589 997 2. Juni
642 1127 2544 1274 Hier, mein ami Clande - ist der Brief auf den
700 1239 2526 1359 Du wartest. Und Danke für den Deinigen.
657 1327 2519 1462 Seien Sie unbesogt – ich hätte mich schon
707 1432 2449 1624 umschlagen lassen, schon dreimal, u.
672 1574 2576 1732 es ist nie ganz so weit gekommen. Auch jetzt
677 1672 2549 1872 nicht. Aber natürlich bleibt Vieles was
722 1812 2539 1977 von Zeit zu Zeit ein wenig auf mich
687 1917 2499 2116 einschlägt, u. nicht nur zu Unrecht.
690 2059 2701 2261 Parce que – j’ai les parents les plus charmants
705 2179 2629 2356 au monde, et j’aime ma famille. Je ne
765 2296 2604 2466 peux pas exister sans l’effort continué
710 2434 2551 2586 de m’entendre avec eux, avec leur vie,
740 2556 2629 2744 parce que je me sens responsable envers
740 2699 932 2839 eux.
737 2731 2636 2954 Mais soyez sûre: on trouvera une façon -
742 2881 2534 3041 si seulement, moi je deviens assez sûre
782 3026 2156 3211 de moi et de ce que je fais.
663 503 2646 703 Und nun die "Zeitschrift." Ich sprach heute
740 621 2518 809 mit Jean Schlumberger. Wir werden,
715 789 2627 940 Klaus u. ich, nächste Woche mit Verlegern
708 878 2493 1080 sprechen. Ich denke: der Versuch, ein
715 999 2506 1176 Quartal lang (3 Num[m ]ern) wird sich
695 1147 2414 1322 lohnen. Nous avons peu d'argent -
695 1282 2508 1495 2000-3000 frs frz. par numéro. Donc il
742 1440 2491 1638 faudra s'entendre avec une édition.
698 1546 2548 1736 On ne se décidera pas trop vite. Paris, en
695 1699 2427 1872 tout cas, sera préférable à Zurich.
678 1840 2345 2020 - Faites vos examens, cher Claude. Ich
681 1948 2321 2143 denke oft daran u. hoffe dass es Dir
700 2074 2380 2262 leicht gelingt. Ungefähr am 15. komme
723 2197 2429 2368 ich nach Zürich - fahre also nicht so
755 2336 2496 2543 rasch weg. Später, falls die Zeitschrift
742 2437 2392 2627 etwas wird, fahre ich, je nach dem,
774 2592 1613 2728 nach Paris zurück.
725 2696 1223 2915 Erika grüsst.
1418 2886 2373 3070 Amitié grandissante
2000 3033 2123 3142 de
2141 3117 2242 3273 A
681 1200 977 1234 hôtel jaboc
793 1288 1218 1325 et d'angleterre
698 1343 1176 1391 44, rue jacob. paris-6'
887 1430 1115 1474 tél.
747 1442 842 1492 littré 87-91
974 1472 1097 1506 87-92
935 1691 1106 1811 Monsieur Clauce Bourdet
1062 1861 1675 1978 34 Bolleystrasse.
1445 2069 1703 2170 Zurich
899 2256 1137 2385 Suisse [Stempel: 3 ? 1933]
