4936 3336
2785 286 3042 389 BOCKEN
2654 363 3186 471 OB HORGEN. ZÜRICHSEE.
2908 775 4023 1001 Ma chère Jaqueline –
2883 983 4666 1251 Votre lettre a eté si gentille,
2895 1174 4635 1405 Je vous en remercie infini¬
2877 1323 4563 1598 ment. Je vois que vous avez
2829 1472 4463 1696 beaucoup de travail, chère
2841 1683 4625 1912 Jaqueline, vous n'alléz pas
2818 1863 4782 2118 trop vous fatiguer, n'est-ce pas?
2800 2028 4725 2244 Mais moi-même je travaille avec
2808 2211 4751 2417 grand plaisir en ce moment, vous
2805 2430 4638 2672 ne pouvez vous imaginer quel
2798 2584 4761 2805 intérêt je prends à mes études,
2818 2756 4713 2991 je trouve que l'histoire donne
432 288 1982 512 tant d'explications, du
438 502 2363 687 réponses, et de clarté: On voit
396 646 2316 880 les causes et les conséquences
371 818 2301 1024 des actions, les limites et la
404 937 2147 1168 grandeur de l'homme, la
404 1058 2306 1256 rélativité de tous les valeurs
396 1215 1145 1403 humaines –
347 1333 2332 1624 je crois que chaque jugement sur
347 1506 2285 1768 une question morale doit être
301 1699 2255 1863 basé sur une connaissance des
329 1825 2252 2062 forces dans l'histoire, beaucoup
350 1997 2419 2216 plus que sur la philosophie qui
376 2180 2340 2394 est toujours une abstraction.
373 2497 2154 2728 [space] Et nos projets de vacantes?
355 2672 2368 2898 Surtout: n'en dites rien à Tania,
389 2829 2267 3027 je vous en prie – car elle serait
407 2986 2311 3176 triste en apprenant que nous
2598 283 4722 539 combinons quelquechose, tandis que je
2672 486 4632 698 n'aurais pas l'occasion de la
2682 679 2946 795 voir!
2679 806 4640 994 Le médecin veut que je passes 1–2
2695 954 4545 1120 mois à la Montagne – si
2687 1120 4590 1279 vraiment ce serait nécessaire,
2679 1266 4511 1480 je vous prierais de venir me
2703 1416 4622 1601 recontrer là-bas et de passer
2740 1583 4511 1837 quelques jours avec moi ?
2722 1797 3734 2032 Voulez-vous?
2769 1995 4228 2191 Bon soir chère Jaqueline –
2748 2125 4611 2389 travaillez bien, soyez surtout
2793 2347 3861 2537 heuveuse et gaie!
3684 2524 4331 2709 An[emarie
423 671 1990 957 Gundi et Jutta vous envoient leurs
542 861 1942 1110 pensées! Elles ne vous ont pas
476 1126 951 1258 oubliées!!!
