<?xml version="1.0" encoding="UTF-8"?>
<validation-wrapper>
   <PcGts xmlns="http://schema.primaresearch.org/PAGE/gts/pagecontent/2013-07-15">
      <Metadata>
         <Creator>prov=READ-COOP:name=TrHtr:version=2.25.0:model_id=51170:date=31_03_2025_12:12</Creator>
         <Created>2025-03-31T12:09:06.829+02:00</Created>
         <LastChange>2025-08-29T11:45:02.141+02:00</LastChange>
         <TranskribusMetadata docId="7710571"
                              pageId="94264083"
                              pageNr="1"
                              status="IN_PROGRESS"
                              userId="194245"
                              imgUrl="https://files.transkribus.eu/Get?id=MQYCTTSRUIFCPFUNFLGELUIV&amp;fileType=view"
                              imageId="78874721"/>
      </Metadata>
      <Page imageFilename="letter_0288_001.jpg"
            imageWidth="5474"
            imageHeight="6912">
         <TextRegion id="r" custom="readingOrder {index:0;}">
            <Coords points="352,552 5234,552 5252,3734 5252,6599 1056,6599 352,3668"/>
            <TextLine id="tr_1_tl_1" custom="readingOrder {index:0;}">
               <Coords points="325,656 734,666 976,598 1217,651 1799,630 1799,477 1642,488 1521,414 1149,493 1049,441 855,504 787,467 593,493 493,435 441,488 325,483"/>
               <Baseline points="352,602 441,602 531,602 620,602 710,602 799,602 889,608 978,602 1068,602 1157,602 1247,602 1337,608 1426,602 1516,602 1605,608 1695,608 1784,608 1814,608"/>
               <TextEquiv>
                  <Unicode>ROMAS VIESNICA</Unicode>
               </TextEquiv>
            </TextLine>
            <TextLine id="tr_1_tl_3" custom="readingOrder {index:1;}">
               <Coords points="813,782 1364,792 1359,630 1270,624 1201,672 1117,645 1054,687 1007,687 944,630 808,672"/>
               <Baseline points="835,764 925,764 1014,764 1104,764 1193,764 1283,764 1372,769"/>
               <TextEquiv>
                  <Unicode>RESTORANS</Unicode>
               </TextEquiv>
            </TextLine>
            <TextLine id="tr_1_tl_5" custom="readingOrder {index:2;}">
               <Coords points="603,965 797,918 1054,918 1280,997 1448,950 1548,992 1542,724 1406,803 1107,776 787,803 693,755 598,797"/>
               <Baseline points="632,877 722,877 811,877 901,877 990,877 1080,877 1169,883 1259,877 1348,877 1438,877 1528,883 1563,883"/>
               <TextEquiv>
                  <Unicode>OTTO SCHWARZ</Unicode>
               </TextEquiv>
            </TextLine>
            <TextLine id="tr_1_tl_7" custom="readingOrder {index:3;}">
               <Coords points="656,1180 850,1222 992,1191 1259,1191 1327,1228 1406,1191 1490,1212 1490,1054 1338,1044 1212,1117 1075,1102 1023,1049 934,1086 860,1028 719,1117 656,1107"/>
               <Baseline points="686,1175 775,1175 865,1175 955,1175 1044,1175 1134,1175 1223,1175 1313,1175 1402,1175 1492,1175 1504,1181"/>
               <TextEquiv>
                  <Unicode>TEL. ADR.: ROMASVIESNICA</Unicode>
               </TextEquiv>
            </TextLine>
            <TextLine id="tr_1_tl_9" custom="readingOrder {index:4;}">
               <Coords points="908,1264 986,1270 1065,1254 1086,1280 1123,1264 1243,1264 1243,1191 1207,1201 1170,1191 1154,1201 1128,1191 1039,1196 1028,1207 992,1191 960,1207 908,1201"/>
               <Baseline points="937,1259 984,1259 1074,1253 1163,1253 1253,1253"/>
               <TextEquiv>
                  <Unicode>TEL. CENTR.</Unicode>
               </TextEquiv>
            </TextLine>
            <TextLine id="tr_1_tl_11" custom="readingOrder {index:5;}">
               <Coords points="876,1359 944,1369 992,1343 1065,1364 1107,1348 1170,1380 1264,1369 1264,1264 1091,1275 1049,1249 1034,1270 986,1275 934,1259 913,1275 876,1270"/>
               <Baseline points="907,1313 996,1313 1086,1319 1175,1319 1265,1319 1271,1319"/>
               <TextEquiv>
                  <Unicode>RIGA 3525</Unicode>
               </TextEquiv>
            </TextLine>
            <TextLine id="tr_1_tl_2" custom="readingOrder {index:6;}">
               <Coords points="3588,682 4013,603 4197,682 4496,609 4606,656 4785,640 4905,713 5052,682 5052,430 4874,483 4664,404 4412,498 4003,488 3777,430 3672,483 3588,456"/>
               <Baseline points="3617,614 3706,608 3796,602 3885,602 3975,608 4064,608 4154,614 4243,614 4333,608 4422,608 4512,608 4602,608 4691,608 4781,614 4870,608 4960,608 5049,620 5067,614"/>
               <TextEquiv>
                  <Unicode>HÔTEL DE ROME</Unicode>
               </TextEquiv>
            </TextLine>
            <TextLine id="tr_1_tl_4" custom="readingOrder {index:7;}">
               <Coords points="4029,792 4223,808 4291,776 4328,803 4601,787 4601,651 4533,645 4486,677 4375,640 4276,693 4244,666 4150,693 4087,661 4029,666"/>
               <Baseline points="4058,769 4076,764 4166,769 4255,769 4345,769 4434,769 4524,769 4613,764"/>
               <TextEquiv>
                  <Unicode>RESTAURANT</Unicode>
               </TextEquiv>
            </TextLine>
            <TextLine id="tr_1_tl_6" custom="readingOrder {index:8;}">
               <Coords points="3856,929 3950,960 3987,923 4097,981 4234,913 4428,918 4470,950 4507,918 4764,929 4795,923 4790,782 4727,750 4627,803 4181,813 3956,766 3851,803"/>
               <Baseline points="3885,877 3975,877 4064,877 4154,883 4243,883 4333,883 4422,883 4512,877 4602,883 4691,877 4781,883 4810,889"/>
               <TextEquiv>
                  <Unicode>OTTO SCHWARZ</Unicode>
               </TextEquiv>
            </TextLine>
            <TextLine id="tr_1_tl_8" custom="readingOrder {index:9;}">
               <Coords points="3893,1222 4087,1196 4139,1228 4228,1191 4501,1217 4601,1191 4648,1222 4758,1201 4758,1107 4360,1123 4249,1112 4071,1023 4019,1054 3893,1028"/>
               <Baseline points="3921,1181 4011,1181 4100,1181 4190,1181 4279,1181 4369,1181 4458,1181 4548,1181 4637,1181 4727,1181 4769,1181"/>
               <TextEquiv>
                  <Unicode>TEL. ADR. : ROMEHOTEL RIGA</Unicode>
               </TextEquiv>
            </TextLine>
            <TextLine id="tr_1_tl_10" custom="readingOrder {index:10;}">
               <Coords points="4166,1259 4239,1275 4260,1264 4291,1275 4323,1264 4344,1280 4407,1264 4475,1270 4475,1201 4433,1196 4412,1207 4402,1196 4333,1196 4307,1207 4255,1186 4244,1201 4166,1196"/>
               <Baseline points="4196,1253 4285,1259 4375,1259 4464,1265 4488,1265"/>
               <TextEquiv>
                  <Unicode>TEL. CENT</Unicode>
               </TextEquiv>
            </TextLine>
            <TextLine id="tr_1_tl_12" custom="readingOrder {index:11;}">
               <Coords points="4145,1390 4197,1385 4207,1396 4228,1385 4249,1406 4270,1390 4297,1406 4365,1380 4396,1401 4449,1380 4512,1385 4512,1275 4344,1280 4318,1264 4297,1280 4202,1270 4181,1254 4145,1259"/>
               <Baseline points="4172,1319 4261,1319 4351,1325 4440,1319 4524,1319"/>
               <TextEquiv>
                  <Unicode>RIGA 3525</Unicode>
               </TextEquiv>
            </TextLine>
            <TextLine id="tr_1_tl_13" custom="readingOrder {index:12;}">
               <Coords points="3368,1794 3484,1868 3830,1805 4202,1899 4617,1789 5057,1841 5057,1668 4874,1726 4669,1653 4507,1689 4176,1647 3751,1731 3473,1611 3368,1632"/>
               <Baseline points="3396,1778 3485,1778 3575,1784 3664,1784 3754,1790 3843,1790 3933,1790 4023,1784 4112,1784 4202,1778 4291,1778 4381,1784 4470,1784 4560,1790 4649,1790 4739,1790 4828,1790 4918,1790 5007,1790 5073,1796"/>
               <TextEquiv>
                  <Unicode>RIGA, 21. Mai –</Unicode>
               </TextEquiv>
            </TextLine>
            <TextLine id="tr_1_tl_14" custom="readingOrder {index:13;}">
               <Coords points="992,2172 1091,2193 1375,2088 1511,2125 1611,2093 2088,2109 2088,1946 1941,1973 1574,1852 1280,1994 992,1988"/>
               <Baseline points="1020,2083 1110,2077 1199,2077 1289,2077 1378,2077 1468,2083 1557,2077 1647,2077 1736,2077 1826,2077 1916,2077 2005,2083 2095,2083"/>
               <TextEquiv>
                  <Unicode>Klaus–Heinrich –</Unicode>
               </TextEquiv>
            </TextLine>
            <TextLine id="tr_1_tl_15" custom="readingOrder {index:14;}">
               <Coords points="997,2251 1243,2345 1653,2251 4354,2340 4664,2324 4664,2067 3919,2193 3284,2051 2602,2230 2135,2104 997,2188"/>
               <Baseline points="1026,2244 1116,2244 1205,2244 1295,2244 1384,2250 1474,2250 1563,2250 1653,2250 1742,2250 1832,2250 1921,2250 2011,2244 2101,2250 2190,2256 2280,2262 2369,2268 2459,2268 2548,2274 2638,2274 2727,2274 2817,2274 2906,2280 2996,2280 3085,2274 3175,2274 3264,2274 3354,2274 3444,2274 3533,2274 3623,2262 3712,2268 3802,2262 3891,2256 3981,2256 4070,2256 4160,2250 4249,2250 4339,2250 4428,2250 4518,2250 4608,2250 4679,2250"/>
               <TextEquiv>
                  <Unicode>\p\morgen, in aller Frühe, verreise ich in Gegenden, deren</Unicode>
               </TextEquiv>
            </TextLine>
            <TextLine id="tr_1_tl_16" custom="readingOrder {index:15;}">
               <Coords points="981,2518 1826,2413 4895,2466 4832,2345 4197,2303 981,2329"/>
               <Baseline points="1008,2417 1098,2417 1187,2411 1277,2417 1366,2417 1456,2417 1545,2417 1635,2417 1725,2417 1814,2417 1904,2411 1993,2411 2083,2411 2172,2417 2262,2417 2351,2417 2441,2423 2530,2423 2620,2429 2709,2423 2799,2423 2888,2429 2978,2429 3068,2429 3157,2429 3247,2435 3336,2435 3426,2435 3515,2441 3605,2435 3694,2435 3784,2429 3873,2429 3963,2429 4052,2423 4142,2423 4231,2429 4321,2423 4411,2423 4500,2435 4590,2435 4679,2435 4769,2441 4858,2447 4906,2453"/>
               <TextEquiv>
                  <Unicode>Ortsnamen ich mir nicht merken kann, u. in die man</Unicode>
               </TextEquiv>
            </TextLine>
            <TextLine id="tr_1_tl_17" custom="readingOrder {index:16;}">
               <Coords points="997,2607 4931,2707 4931,2555 3504,2434 3247,2534 992,2523"/>
               <Baseline points="1026,2572 1116,2566 1205,2566 1295,2566 1384,2566 1474,2566 1563,2566 1653,2566 1742,2572 1832,2566 1921,2566 2011,2566 2101,2572 2190,2572 2280,2572 2369,2572 2459,2572 2548,2578 2638,2572 2727,2578 2817,2584 2906,2584 2996,2584 3085,2590 3175,2596 3264,2602 3354,2608 3444,2608 3533,2608 3623,2614 3712,2614 3802,2608 3891,2608 3981,2608 4070,2602 4160,2602 4249,2602 4339,2608 4428,2614 4518,2614 4608,2620 4697,2620 4787,2626 4876,2632 4942,2632"/>
               <TextEquiv>
                  <Unicode>eigentlich auch nicht fährt. Nach 14 Stunden soll ich</Unicode>
               </TextEquiv>
            </TextLine>
            <TextLine id="tr_1_tl_18" custom="readingOrder {index:17;}">
               <Coords points="992,2807 5052,2833 5047,2676 986,2613"/>
               <Baseline points="1020,2763 1110,2757 1199,2751 1289,2751 1378,2745 1468,2745 1557,2745 1647,2745 1736,2745 1826,2745 1916,2745 2005,2745 2095,2751 2184,2751 2274,2751 2363,2751 2453,2751 2542,2751 2632,2751 2721,2751 2811,2751 2900,2751 2990,2751 3079,2757 3169,2757 3259,2769 3348,2769 3438,2775 3527,2781 3617,2787 3706,2787 3796,2793 3885,2793 3975,2793 4064,2793 4154,2793 4243,2793 4333,2793 4422,2799 4512,2799 4602,2805 4691,2811 4781,2817 4870,2823 4960,2823 5049,2835 5061,2835"/>
               <TextEquiv>
                  <Unicode>dan[n] in einem Städtchen anlangen, das zu Estland gehört,</Unicode>
               </TextEquiv>
            </TextLine>
            <TextLine id="tr_1_tl_19" custom="readingOrder {index:18;}">
               <Coords points="1007,2975 4921,2996 4916,2885 4753,2948 4465,2817 2114,2864 1925,2765 1689,2880 1007,2875"/>
               <Baseline points="1038,2936 1128,2930 1217,2930 1307,2930 1396,2924 1486,2918 1575,2918 1665,2912 1754,2912 1844,2912 1933,2912 2023,2912 2112,2918 2202,2918 2292,2912 2381,2918 2471,2912 2560,2912 2650,2912 2739,2912 2829,2912 2918,2918 3008,2918 3097,2924 3187,2924 3276,2930 3366,2936 3456,2936 3545,2942 3635,2942 3724,2942 3814,2948 3903,2948 3993,2948 4082,2954 4172,2954 4261,2960 4351,2960 4440,2966 4530,2972 4619,2978 4709,2984 4799,2984 4888,2984 4936,2990"/>
               <TextEquiv>
                  <Unicode>nahe vom Peipus-See u. der russischen Grenze liegt, ein</Unicode>
               </TextEquiv>
            </TextLine>
            <TextLine id="tr_1_tl_20" custom="readingOrder {index:19;}">
               <Coords points="992,3169 3153,3080 3804,3216 4979,3184 4931,3006 4470,3090 986,2964"/>
               <Baseline points="1020,3115 1110,3109 1199,3103 1289,3097 1378,3097 1468,3091 1557,3085 1647,3085 1736,3079 1826,3079 1916,3079 2005,3079 2095,3085 2184,3085 2274,3079 2363,3079 2453,3073 2542,3073 2632,3073 2721,3068 2811,3068 2900,3068 2990,3068 3079,3073 3169,3079 3259,3079 3348,3085 3438,3085 3527,3091 3617,3091 3706,3097 3796,3097 3885,3103 3975,3103 4064,3103 4154,3109 4243,3109 4333,3115 4422,3127 4512,3133 4602,3139 4691,3151 4781,3145 4870,3151 4960,3151 4990,3157"/>
               <TextEquiv>
                  <Unicode>orthodoxes Kloster u eine russische sprechende Einwoh¬</Unicode>
               </TextEquiv>
            </TextLine>
            <TextLine id="tr_1_tl_21" custom="readingOrder {index:20;}">
               <Coords points="992,3284 1574,3379 3279,3242 5036,3379 5031,3179 4874,3169 4638,3258 3216,3095 992,3169"/>
               <Baseline points="1020,3270 1110,3264 1199,3264 1289,3259 1378,3259 1468,3253 1557,3253 1647,3247 1736,3241 1826,3241 1916,3241 2005,3241 2095,3235 2184,3235 2274,3235 2363,3235 2453,3235 2542,3229 2632,3229 2721,3229 2811,3229 2900,3223 2990,3229 3079,3229 3169,3235 3259,3235 3348,3241 3438,3241 3527,3247 3617,3253 3706,3253 3796,3253 3885,3259 3975,3259 4064,3264 4154,3270 4243,3270 4333,3282 4422,3288 4512,3300 4602,3312 4691,3318 4781,3324 4870,3330 4960,3342 5049,3348"/>
               <TextEquiv>
                  <Unicode>nerschaft besitzt, – dazu einen Jesuitenpater aus Paris,</Unicode>
               </TextEquiv>
            </TextLine>
            <TextLine id="tr_1_tl_22" custom="readingOrder {index:21;}">
               <Coords points="1013,3499 2996,3426 3337,3536 4569,3557 4816,3536 4816,3421 3415,3263 1458,3384 1007,3310"/>
               <Baseline points="1044,3450 1134,3444 1223,3438 1313,3438 1402,3426 1492,3432 1581,3432 1671,3426 1760,3420 1850,3420 1939,3420 2029,3420 2118,3420 2208,3420 2298,3420 2387,3420 2477,3426 2566,3426 2656,3420 2745,3420 2835,3420 2924,3420 3014,3426 3103,3426 3193,3432 3282,3426 3372,3426 3461,3432 3551,3432 3641,3432 3730,3432 3820,3432 3909,3438 3999,3432 4088,3438 4178,3438 4267,3444 4357,3444 4446,3450 4536,3461 4625,3461 4715,3467 4804,3479 4828,3479"/>
               <TextEquiv>
                  <Unicode>der in der Zaren-Zeit im Auftrag des Papstes eine</Unicode>
               </TextEquiv>
            </TextLine>
            <TextLine id="tr_1_tl_23" custom="readingOrder {index:22;}">
               <Coords points="1013,3699 5220,3678 5215,3552 4994,3515 1007,3536"/>
               <Baseline points="1038,3641 1128,3635 1217,3629 1307,3623 1396,3617 1486,3617 1575,3611 1665,3611 1754,3611 1844,3611 1933,3611 2023,3611 2112,3611 2202,3605 2292,3611 2381,3605 2471,3605 2560,3611 2650,3611 2739,3605 2829,3611 2918,3605 3008,3605 3097,3611 3187,3611 3276,3611 3366,3611 3456,3617 3545,3623 3635,3623 3724,3623 3814,3623 3903,3623 3993,3623 4082,3623 4172,3623 4261,3623 4351,3629 4440,3629 4530,3635 4619,3641 4709,3647 4799,3647 4888,3658 4978,3652 5067,3652 5157,3652 5234,3658"/>
               <TextEquiv>
                  <Unicode>den orthodoxen Gemütern angepasste Messe las, um die Seelen</Unicode>
               </TextEquiv>
            </TextLine>
            <TextLine id="tr_2_tl_1" custom="readingOrder {index:23;}">
               <Coords points="1028,3945 2440,3798 5131,3919 5131,3772 4528,3667 1028,3725"/>
               <Baseline points="1056,3849 1146,3843 1235,3832 1325,3826 1414,3820 1504,3814 1593,3808 1683,3808 1772,3808 1862,3802 1951,3808 2041,3802 2130,3796 2220,3796 2309,3790 2399,3790 2489,3784 2578,3790 2668,3790 2757,3790 2847,3790 2936,3790 3026,3790 3115,3790 3205,3790 3294,3790 3384,3790 3473,3790 3563,3796 3652,3790 3742,3796 3832,3796 3921,3802 4011,3808 4100,3808 4190,3808 4279,3808 4369,3814 4458,3814 4548,3814 4637,3826 4727,3826 4816,3838 4906,3838 4995,3838 5085,3843 5145,3849"/>
               <TextEquiv>
                  <Unicode>für Rom zu gewin[n]en. Der Gasthof des Städtchens nennt</Unicode>
               </TextEquiv>
            </TextLine>
            <TextLine id="tr_2_tl_2" custom="readingOrder {index:24;}">
               <Coords points="1102,4103 1516,4103 1700,4003 1931,3987 2392,4045 2508,3966 2718,4019 3069,3971 3069,3882 2518,3866 2413,3804 2182,3830 1994,3940 1894,3898 1721,3945 1558,3835 1107,3929"/>
               <Baseline points="1128,4017 1199,4011 1289,4005 1378,3999 1468,3999 1557,3993 1647,3993 1736,3993 1826,3987 1916,3987 2005,3981 2095,3975 2184,3969 2274,3969 2363,3963 2453,3957 2542,3957 2632,3957 2721,3957 2811,3957 2900,3951 2990,3945 3079,3945"/>
               <TextEquiv>
                  <Unicode>sich "Aristide Briand"...\:p\</Unicode>
               </TextEquiv>
            </TextLine>
            <TextLine id="tr_2_tl_3" custom="readingOrder {index:25;}">
               <Coords points="1086,4228 4087,4097 4365,4181 4842,4118 4848,3929 1091,4092"/>
               <Baseline points="1116,4190 1187,4184 1277,4184 1366,4178 1456,4166 1545,4166 1635,4166 1725,4166 1814,4166 1904,4160 1993,4160 2083,4154 2172,4148 2262,4142 2351,4136 2441,4130 2530,4130 2620,4130 2709,4124 2799,4124 2888,4124 2978,4112 3068,4112 3157,4112 3247,4112 3336,4112 3426,4106 3515,4106 3605,4106 3694,4106 3784,4106 3873,4106 3963,4100 4052,4100 4142,4100 4231,4088 4321,4088 4411,4082 4500,4082 4590,4082 4679,4082 4769,4082 4858,4088"/>
               <TextEquiv>
                  <Unicode>\p\Und weil ich das – wohl ganz richtige u. begründete</Unicode>
               </TextEquiv>
            </TextLine>
            <TextLine id="tr_2_tl_4" custom="readingOrder {index:26;}">
               <Coords points="1102,4475 2062,4318 5063,4307 5068,4171 1107,4265"/>
               <Baseline points="1134,4357 1140,4363 1229,4357 1319,4351 1408,4351 1498,4345 1587,4339 1677,4333 1766,4333 1856,4327 1945,4327 2035,4321 2124,4315 2214,4309 2304,4303 2393,4303 2483,4303 2572,4297 2662,4297 2751,4297 2841,4291 2930,4285 3020,4279 3109,4273 3199,4273 3288,4273 3378,4273 3467,4279 3557,4273 3647,4273 3736,4273 3826,4273 3915,4273 4005,4267 4094,4267 4184,4261 4273,4255 4363,4255 4452,4249 4542,4249 4631,4243 4721,4237 4810,4243 4900,4231 4990,4231 5079,4231"/>
               <TextEquiv>
                  <Unicode>Gefühl habe, dass sich ab morgigen Tages die Reise ins</Unicode>
               </TextEquiv>
            </TextLine>
            <TextLine id="tr_2_tl_5" custom="readingOrder {index:27;}">
               <Coords points="1123,4575 2455,4585 2906,4449 4465,4438 4611,4543 5215,4349 4879,4255 4611,4386 3436,4412 3132,4286 2817,4407 2686,4312 2051,4470 1542,4360 1128,4459"/>
               <Baseline points="1152,4536 1193,4536 1283,4524 1372,4518 1462,4512 1551,4506 1641,4500 1730,4500 1820,4500 1910,4500 1999,4506 2089,4506 2178,4506 2268,4488 2357,4470 2447,4470 2536,4464 2626,4458 2715,4458 2805,4458 2894,4446 2984,4446 3073,4440 3163,4440 3253,4440 3342,4434 3432,4446 3521,4452 3611,4446 3700,4440 3790,4440 3879,4440 3969,4440 4058,4440 4148,4434 4237,4428 4327,4428 4416,4434 4506,4434 4596,4434 4685,4434 4775,4434 4864,4434 4954,4434 5043,4428 5133,4422 5222,4416"/>
               <TextEquiv>
                  <Unicode>Abenteuerliche u. Ungewisse wendet, schreibe ich Dir, brüder¬</Unicode>
               </TextEquiv>
            </TextLine>
            <TextLine id="tr_2_tl_6" custom="readingOrder {index:28;}">
               <Coords points="1138,4779 2676,4785 3247,4611 4769,4674 4916,4653 4921,4522 3400,4433 2864,4580 2691,4486 2440,4606 1144,4627"/>
               <Baseline points="1175,4721 1259,4721 1348,4715 1438,4709 1528,4703 1617,4697 1707,4691 1796,4685 1886,4679 1975,4679 2065,4673 2154,4667 2244,4667 2333,4661 2423,4655 2512,4649 2602,4649 2691,4643 2781,4637 2871,4631 2960,4619 3050,4613 3139,4613 3229,4608 3318,4608 3408,4613 3497,4613 3587,4608 3676,4608 3766,4608 3855,4608 3945,4608 4034,4608 4124,4608 4214,4613 4303,4613 4393,4619 4482,4625 4572,4619 4661,4625 4751,4625 4840,4625 4930,4625"/>
               <TextEquiv>
                  <Unicode>liches u. Freundes-Herz, diese nächtliche Epistel – –</Unicode>
               </TextEquiv>
            </TextLine>
            <TextLine id="tr_2_tl_7" custom="readingOrder {index:29;}">
               <Coords points="1133,4973 2607,4968 3253,4821 3536,4916 3767,4806 4937,4853 4942,4664 1138,4774"/>
               <Baseline points="1163,4900 1187,4900 1277,4900 1366,4900 1456,4894 1545,4888 1635,4888 1725,4882 1814,4876 1904,4876 1993,4870 2083,4864 2172,4858 2262,4852 2351,4852 2441,4846 2530,4846 2620,4840 2709,4840 2799,4840 2888,4834 2978,4834 3068,4828 3157,4822 3247,4816 3336,4810 3426,4804 3515,4799 3605,4804 3694,4804 3784,4804 3873,4799 3963,4793 4052,4793 4142,4793 4231,4793 4321,4787 4411,4787 4500,4793 4590,4793 4679,4793 4769,4793 4858,4793 4948,4793"/>
               <TextEquiv>
                  <Unicode>Riga ist ja eine ganz schöne Grosstadt – (welcher</Unicode>
               </TextEquiv>
            </TextLine>
            <TextLine id="tr_2_tl_8" custom="readingOrder {index:30;}">
               <Coords points="1123,5089 2104,5152 2917,5047 3321,5152 3599,5010 4837,5000 4842,4900 3966,4806 3363,4853 3158,4984 2749,4890 2203,5005 1128,4968"/>
               <Baseline points="1152,5073 1187,5073 1277,5067 1366,5061 1456,5061 1545,5067 1635,5061 1725,5067 1814,5067 1904,5067 1993,5061 2083,5055 2172,5049 2262,5043 2351,5043 2441,5043 2530,5043 2620,5043 2709,5043 2799,5043 2888,5043 2978,5037 3068,5043 3157,5037 3247,5037 3336,5043 3426,5031 3515,5019 3605,5007 3694,4995 3784,4990 3873,4978 3963,4978 4052,4972 4142,4966 4231,4960 4321,4966 4411,4966 4500,4966 4590,4966 4679,4966 4769,4966 4858,4966"/>
               <TextEquiv>
                  <Unicode>Unterschied gegenüber Danzig!), – heute Abend etwa,</Unicode>
               </TextEquiv>
            </TextLine>
            <TextLine id="tr_2_tl_9" custom="readingOrder {index:31;}">
               <Coords points="3709,5173 3751,5168 3825,5099 3861,5120 3935,5110 3950,5126 3998,5105 4061,5126 4103,5105 4150,5115 4150,5000 4092,5005 4071,5026 4029,5015 3977,5057 3950,5057 3908,5021 3882,5047 3846,5047 3798,5005 3709,5010"/>
               <Baseline points="3736,5091 3826,5091 3915,5091 4005,5097 4094,5091 4160,5091"/>
               <TextEquiv>
                  <Unicode>meinem!!</Unicode>
               </TextEquiv>
            </TextLine>
            <TextLine id="tr_2_tl_10"
                      custom="readingOrder {index:32;} textStyle {offset:36;length:6;strikethrough:true;}">
               <Coords points="1159,5299 1910,5251 2146,5367 2324,5272 2466,5367 2791,5225 3158,5351 3541,5210 5089,5204 5094,5089 4312,5021 3085,5173 1789,5084 1159,5215"/>
               <Baseline points="1187,5258 1259,5252 1348,5246 1438,5246 1528,5252 1617,5252 1707,5252 1796,5246 1886,5246 1975,5246 2065,5240 2154,5234 2244,5228 2333,5228 2423,5228 2512,5228 2602,5222 2691,5222 2781,5222 2871,5216 2960,5216 3050,5210 3139,5210 3229,5210 3318,5210 3408,5210 3497,5204 3587,5198 3676,5198 3766,5198 3855,5198 3945,5192 4034,5186 4124,5186 4214,5181 4303,5169 4393,5163 4482,5163 4572,5163 4661,5163 4751,5163 4840,5169 4930,5169 5019,5163 5109,5163"/>
               <TextEquiv>
                  <Unicode>da sass ich fein gekleidet zwischen deinem französischen</Unicode>
               </TextEquiv>
            </TextLine>
            <TextLine id="tr_2_tl_11" custom="readingOrder {index:33;}">
               <Coords points="1165,5456 5052,5456 5057,5236 1165,5383"/>
               <Baseline points="1193,5437 1217,5431 1307,5431 1396,5425 1486,5431 1575,5431 1665,5425 1754,5431 1844,5431 1933,5431 2023,5431 2112,5425 2202,5419 2292,5419 2381,5419 2471,5419 2560,5413 2650,5407 2739,5413 2829,5407 2918,5413 3008,5407 3097,5401 3187,5401 3276,5401 3366,5401 3456,5395 3545,5389 3635,5383 3724,5383 3814,5383 3903,5383 3993,5377 4082,5377 4172,5366 4261,5366 4351,5360 4440,5360 4530,5360 4619,5360 4709,5366 4799,5366 4888,5366 4978,5372 5067,5389"/>
               <TextEquiv>
                  <Unicode>u. Deinem tschechischen Minister in einem grenzenlos</Unicode>
               </TextEquiv>
            </TextLine>
            <TextLine id="tr_2_tl_12" custom="readingOrder {index:34;}">
               <Coords points="1191,5687 2896,5697 3143,5587 4297,5556 4837,5676 4842,5477 4606,5398 4145,5519 3914,5393 2943,5535 1747,5461 1196,5561"/>
               <Baseline points="1223,5634 1265,5628 1354,5622 1444,5616 1534,5616 1623,5610 1713,5610 1802,5604 1892,5610 1981,5604 2071,5610 2160,5604 2250,5598 2339,5598 2429,5598 2518,5592 2608,5586 2697,5592 2787,5586 2877,5586 2966,5580 3056,5580 3145,5574 3235,5568 3324,5568 3414,5568 3503,5563 3593,5557 3682,5557 3772,5557 3861,5557 3951,5557 4040,5557 4130,5557 4220,5551 4309,5545 4399,5545 4488,5539 4578,5545 4667,5551 4757,5551 4846,5557"/>
               <TextEquiv>
                  <Unicode>langweiligen Festkonzert: ein Männerchor aus Prag</Unicode>
               </TextEquiv>
            </TextLine>
            <TextLine id="tr_2_tl_13" custom="readingOrder {index:35;}">
               <Coords points="1228,5839 1574,5907 1799,5802 4774,5745 4722,5655 3825,5598 3525,5697 3284,5587 2901,5697 1233,5692"/>
               <Baseline points="1259,5831 1295,5831 1384,5819 1474,5813 1563,5807 1653,5801 1742,5795 1832,5789 1921,5783 2011,5783 2101,5783 2190,5777 2280,5777 2369,5771 2459,5771 2548,5765 2638,5760 2727,5760 2817,5760 2906,5754 2996,5748 3085,5748 3175,5748 3264,5742 3354,5742 3444,5742 3533,5736 3623,5736 3712,5736 3802,5730 3891,5730 3981,5730 4070,5724 4160,5724 4249,5718 4339,5718 4428,5712 4518,5712 4608,5718 4697,5724 4787,5724"/>
               <TextEquiv>
                  <Unicode>sang drei Stunden – ein lettischer Mädchenchor in</Unicode>
               </TextEquiv>
            </TextLine>
            <TextLine id="tr_2_tl_14" custom="readingOrder {index:36;}">
               <Coords points="1243,6059 4249,6002 4438,5907 4716,6028 5246,5865 4003,5766 3756,5865 1243,5913"/>
               <Baseline points="1271,6016 1313,6016 1402,6010 1492,5998 1581,5998 1671,5998 1760,5992 1850,5986 1939,5974 2029,5968 2118,5956 2208,5956 2298,5951 2387,5945 2477,5945 2566,5945 2656,5945 2745,5951 2835,5945 2924,5939 3014,5927 3103,5927 3193,5927 3282,5927 3372,5927 3461,5927 3551,5921 3641,5921 3730,5915 3820,5921 3909,5915 3999,5915 4088,5915 4178,5909 4267,5909 4357,5903 4446,5903 4536,5903 4625,5897 4715,5903 4804,5903 4894,5909 4984,5915 5073,5921 5163,5933 5252,5939"/>
               <TextEquiv>
                  <Unicode>Volkstracht antwortete, meistens waren es Hymnen die man</Unicode>
               </TextEquiv>
            </TextLine>
            <TextLine id="tr_2_tl_15" custom="readingOrder {index:37;}">
               <Coords points="1238,6212 1632,6301 3205,6122 3699,6212 4842,6128 4848,6012 4050,5944 3368,6075 3148,5986 2156,6012 1862,6133 1243,6065"/>
               <Baseline points="1271,6195 1277,6201 1366,6189 1456,6183 1545,6177 1635,6177 1725,6171 1814,6171 1904,6165 1993,6153 2083,6153 2172,6142 2262,6136 2351,6136 2441,6130 2530,6130 2620,6130 2709,6136 2799,6130 2888,6124 2978,6124 3068,6124 3157,6118 3247,6118 3336,6112 3426,6112 3515,6112 3605,6112 3694,6106 3784,6100 3873,6106 3963,6106 4052,6106 4142,6100 4231,6100 4321,6100 4411,6094 4500,6094 4590,6094 4679,6100 4769,6100 4858,6118"/>
               <TextEquiv>
                  <Unicode>stehend anhörte – u. damit ich nur ja kein Wörtlein</Unicode>
               </TextEquiv>
            </TextLine>
            <TextLine id="tr_2_tl_16" custom="readingOrder {index:38;}">
               <Coords points="1338,6421 2093,6364 2440,6463 3499,6316 3798,6458 4921,6316 5168,6406 5173,6238 4853,6143 4118,6264 2366,6175 1731,6322 1343,6196"/>
               <Baseline points="1366,6386 1420,6380 1510,6374 1599,6368 1689,6362 1778,6362 1868,6356 1957,6356 2047,6350 2136,6350 2226,6344 2315,6338 2405,6338 2495,6333 2584,6333 2674,6333 2763,6333 2853,6333 2942,6327 3032,6327 3121,6321 3211,6321 3300,6315 3390,6315 3479,6315 3569,6321 3658,6315 3748,6315 3838,6315 3927,6309 4017,6309 4106,6303 4196,6297 4285,6291 4375,6285 4464,6285 4554,6279 4643,6285 4733,6285 4822,6291 4912,6309 5001,6321 5091,6333 5181,6356"/>
               <TextEquiv>
                  <Unicode>verliere, übersetzten Dolmetscher aus dem Lettischen ins</Unicode>
               </TextEquiv>
            </TextLine>
            <TextLine id="tr_2_tl_17" custom="readingOrder {index:39;}">
               <Coords points="1333,6626 2335,6547 2565,6553 2623,6605 3143,6568 3132,6390 3011,6448 2775,6400 2686,6469 2057,6516 1994,6469 1689,6521 1338,6453"/>
               <Baseline points="1360,6583 1450,6589 1539,6577 1629,6571 1719,6571 1808,6571 1898,6565 1987,6559 2077,6559 2166,6553 2256,6553 2345,6547 2435,6541 2524,6535 2614,6535 2703,6535 2793,6535 2882,6535 2972,6535 3062,6529 3151,6535"/>
               <TextEquiv>
                  <Unicode>Tschechische u. umgekehrt! –\:p\</Unicode>
               </TextEquiv>
            </TextLine>
            <TextEquiv>
               <Unicode/>
            </TextEquiv>
         </TextRegion>
      </Page>
   </PcGts>
   <PcGts xmlns="http://schema.primaresearch.org/PAGE/gts/pagecontent/2013-07-15">
      <Metadata>
         <Creator>prov=READ-COOP:name=TrHtr:version=2.25.0:model_id=51170:date=31_03_2025_12:12</Creator>
         <Created>2025-03-31T12:09:06.911+02:00</Created>
         <LastChange>2025-08-29T11:57:59.652+02:00</LastChange>
         <TranskribusMetadata docId="7710571"
                              pageId="94264084"
                              pageNr="2"
                              status="IN_PROGRESS"
                              userId="194245"
                              imgUrl="https://files.transkribus.eu/Get?id=NGLYWRTFEPKYLGFBPVFRHBVL&amp;fileType=view"
                              imageId="78874722"/>
      </Metadata>
      <Page imageFilename="letter_0288_002.jpg"
            imageWidth="5474"
            imageHeight="6912">
         <TextRegion id="r_131" custom="readingOrder {index:0;}">
            <Coords points="970,425 5025,433 5216,2080 5216,6790 1099,6720 990,2031"/>
            <TextLine id="tr_2_tl_4" custom="readingOrder {index:0;}">
               <Coords points="1106,785 2003,642 2962,647 3359,790 4695,724 4690,596 3971,622 3777,515 3064,602 2860,494 2233,576 1850,428 1101,479"/>
               <Baseline points="1128,650 1217,650 1307,656 1396,656 1486,650 1575,650 1665,644 1754,644 1844,644 1933,644 2023,644 2112,644 2202,644 2292,650 2381,650 2471,656 2560,650 2650,656 2739,656 2829,662 2918,662 3008,662 3097,662 3187,662 3276,668 3366,668 3456,674 3545,668 3635,674 3724,680 3814,680 3903,686 3993,686 4082,692 4172,698 4261,698 4351,692 4440,692 4530,698 4619,704 4697,710"/>
               <TextEquiv>
                  <Unicode>\p\Dafür war Kaunas, vor ein paar Tagen, schon</Unicode>
               </TextEquiv>
            </TextLine>
            <TextLine id="tr_2_tl_5" custom="readingOrder {index:1;}">
               <Coords points="1096,958 4455,923 4455,780 4195,754 1096,780"/>
               <Baseline points="1122,865 1211,871 1301,877 1390,877 1480,883 1569,877 1659,883 1748,877 1838,889 1927,883 2017,883 2107,877 2196,883 2286,883 2375,883 2465,883 2554,877 2644,877 2733,871 2823,871 2912,871 3002,877 3091,871 3181,871 3270,871 3360,877 3450,871 3539,877 3629,877 3718,871 3808,871 3897,877 3987,877 4076,883 4166,883 4255,889 4345,889 4434,895 4464,889"/>
               <TextEquiv>
                  <Unicode>ganz russisch, sonderbar gemischt aus alter</Unicode>
               </TextEquiv>
            </TextLine>
            <TextLine id="tr_2_tl_6" custom="readingOrder {index:2;}">
               <Coords points="1086,1183 1575,1249 2600,1076 3324,1193 3431,1086 3961,1076 4741,1213 4741,969 1086,1035"/>
               <Baseline points="1116,1080 1205,1092 1295,1098 1384,1104 1474,1110 1563,1104 1653,1098 1742,1098 1832,1092 1921,1092 2011,1092 2101,1092 2190,1086 2280,1080 2369,1074 2459,1068 2548,1068 2638,1068 2727,1068 2817,1068 2906,1068 2996,1080 3085,1080 3175,1074 3264,1080 3354,1080 3444,1080 3533,1080 3623,1080 3712,1080 3802,1080 3891,1074 3981,1080 4070,1080 4160,1080 4249,1080 4339,1086 4428,1080 4518,1086 4608,1086 4697,1092 4751,1092"/>
               <TextEquiv>
                  <Unicode>zaristischer Gouvernements-Hauptstadt u. neuem</Unicode>
               </TextEquiv>
            </TextLine>
            <TextLine id="tr_2_tl_9" custom="readingOrder {index:3;}">
               <Coords points="1116,1366 3313,1432 3635,1300 4445,1371 4904,1239 4272,1137 3767,1244 1116,1218"/>
               <Baseline points="1146,1354 1152,1360 1241,1348 1331,1354 1420,1354 1510,1354 1599,1348 1689,1348 1778,1354 1868,1354 1957,1348 2047,1348 2136,1343 2226,1343 2315,1325 2405,1319 2495,1313 2584,1307 2674,1307 2763,1295 2853,1301 2942,1295 3032,1295 3121,1295 3211,1295 3300,1295 3390,1295 3479,1289 3569,1289 3658,1289 3748,1289 3838,1283 3927,1283 4017,1283 4106,1283 4196,1283 4285,1277 4375,1277 4464,1277 4554,1277 4643,1283 4733,1289 4822,1295 4912,1307"/>
               <TextEquiv>
                  <Unicode>Moskau Anstrich: u. hier, in diesen doch ungeheuer</Unicode>
               </TextEquiv>
            </TextLine>
            <TextLine id="tr_2_tl_10" custom="readingOrder {index:4;}">
               <Coords points="1137,1636 2814,1555 3135,1677 3369,1539 5011,1631 4827,1448 4353,1325 2136,1524 1779,1381 1137,1392"/>
               <Baseline points="1163,1557 1253,1557 1343,1551 1432,1551 1522,1557 1611,1557 1701,1557 1790,1563 1880,1563 1969,1569 2059,1563 2148,1557 2238,1551 2327,1551 2417,1551 2506,1545 2596,1551 2686,1551 2775,1545 2865,1545 2954,1545 3044,1539 3133,1539 3223,1539 3312,1539 3402,1539 3491,1539 3581,1545 3670,1545 3760,1545 3849,1545 3939,1539 4029,1539 4118,1545 4208,1545 4297,1545 4387,1557 4476,1557 4566,1557 4655,1563 4745,1569 4834,1581 4924,1587 5013,1605 5025,1599"/>
               <TextEquiv>
                  <Unicode>sozialistischen, von "Volkspartei" regierten Staaten</Unicode>
               </TextEquiv>
            </TextLine>
            <TextLine id="tr_2_tl_11" custom="readingOrder {index:5;}">
               <Coords points="1142,1891 1376,1789 2212,1912 3426,1784 4934,1932 4934,1799 4195,1601 2921,1738 2503,1621 1137,1636"/>
               <Baseline points="1169,1772 1259,1790 1348,1790 1438,1790 1528,1790 1617,1784 1707,1790 1796,1796 1886,1790 1975,1796 2065,1796 2154,1802 2244,1802 2333,1796 2423,1784 2512,1790 2602,1796 2691,1796 2781,1784 2871,1784 2960,1784 3050,1784 3139,1784 3229,1784 3318,1784 3408,1784 3497,1784 3587,1784 3676,1784 3766,1784 3855,1790 3945,1790 4034,1796 4124,1802 4214,1808 4303,1820 4393,1820 4482,1826 4572,1832 4661,1844 4751,1856 4840,1868 4930,1886 4948,1892"/>
               <TextEquiv>
                  <Unicode>ist der Janus-Kopf von militantem Sozialismus</Unicode>
               </TextEquiv>
            </TextLine>
            <TextLine id="tr_2_tl_12" custom="readingOrder {index:6;}">
               <Coords points="1081,2070 2014,1988 2635,2090 2982,1973 3624,2100 4838,2090 4838,1952 4175,1978 3629,1830 3369,1927 2804,1825 1850,1840 1305,1983 1081,1901"/>
               <Baseline points="1110,2023 1199,2023 1289,2017 1378,2005 1468,1999 1557,1993 1647,1987 1736,1987 1826,1981 1916,1981 2005,1981 2095,1987 2184,1987 2274,1993 2363,1999 2453,1999 2542,1993 2632,1987 2721,1981 2811,1975 2900,1975 2990,1975 3079,1975 3169,1975 3259,1975 3348,1975 3438,1975 3527,1981 3617,1987 3706,1987 3796,1993 3885,1999 3975,2005 4064,2011 4154,2017 4243,2023 4333,2023 4422,2029 4512,2035 4602,2041 4691,2047 4781,2059 4852,2065"/>
               <TextEquiv>
                  <Unicode>u sozialistischem Faschismus besonders deutlich –</Unicode>
               </TextEquiv>
            </TextLine>
            <TextLine id="tr_1_tl_2" custom="readingOrder {index:7;}">
               <Coords points="1096,2258 1692,2284 1820,2182 2253,2294 2972,2166 3242,2279 5179,2340 4950,2146 4720,2212 4114,2059 1091,2070"/>
               <Baseline points="1122,2214 1211,2202 1301,2196 1390,2190 1480,2190 1569,2184 1659,2178 1748,2184 1838,2178 1927,2178 2017,2178 2107,2178 2196,2178 2286,2184 2375,2178 2465,2166 2554,2172 2644,2166 2733,2166 2823,2166 2912,2172 3002,2166 3091,2166 3181,2166 3270,2166 3360,2166 3450,2172 3539,2178 3629,2178 3718,2184 3808,2190 3897,2202 3987,2208 4076,2214 4166,2220 4255,2226 4345,2226 4434,2226 4524,2232 4613,2244 4703,2250 4793,2262 4882,2268 4972,2274 5061,2286 5151,2286 5186,2286"/>
               <TextEquiv>
                  <Unicode>Die jungen, übrigens recht sympathischen Bauernvölker –</Unicode>
               </TextEquiv>
            </TextLine>
            <TextLine id="tr_1_tl_3" custom="readingOrder {index:8;}">
               <Coords points="1111,2472 2681,2370 5113,2539 5077,2324 4287,2391 2559,2192 2207,2309 1106,2253"/>
               <Baseline points="1140,2393 1229,2387 1319,2381 1408,2381 1498,2387 1587,2381 1677,2381 1766,2381 1856,2375 1945,2381 2035,2375 2124,2375 2214,2375 2304,2369 2393,2369 2483,2369 2572,2369 2662,2363 2751,2363 2841,2363 2930,2369 3020,2369 3109,2363 3199,2369 3288,2369 3378,2369 3467,2375 3557,2381 3647,2387 3736,2393 3826,2399 3915,2405 4005,2417 4094,2417 4184,2417 4273,2429 4363,2429 4452,2441 4542,2441 4631,2453 4721,2465 4810,2471 4900,2477 4990,2483 5079,2495 5127,2495"/>
               <TextEquiv>
                  <Unicode>oder vielmehr ihre "erste Generation" hassen ja nicht</Unicode>
               </TextEquiv>
            </TextLine>
            <TextLine id="tr_1_tl_4" custom="readingOrder {index:9;}">
               <Coords points="1106,2630 1759,2748 2044,2595 3497,2605 4323,2778 4990,2763 4990,2630 3380,2432 1101,2477"/>
               <Baseline points="1134,2590 1223,2584 1313,2578 1402,2590 1492,2590 1581,2590 1671,2590 1760,2584 1850,2590 1939,2590 2029,2584 2118,2584 2208,2584 2298,2578 2387,2584 2477,2584 2566,2578 2656,2572 2745,2578 2835,2584 2924,2584 3014,2584 3103,2584 3193,2590 3282,2584 3372,2596 3461,2596 3551,2602 3641,2608 3730,2614 3820,2620 3909,2632 3999,2632 4088,2644 4178,2650 4267,2662 4357,2668 4446,2680 4536,2686 4625,2691 4715,2703 4804,2709 4894,2721 4984,2733 5001,2727"/>
               <TextEquiv>
                  <Unicode>bloss gerade die Balten oder Polen, sondern auch die</Unicode>
               </TextEquiv>
            </TextLine>
            <TextLine id="tr_1_tl_5" custom="readingOrder {index:10;}">
               <Coords points="1142,2829 2141,2788 2319,2885 2488,2783 3232,2788 4741,2911 4685,2717 4420,2819 3487,2758 3069,2615 2243,2615 1866,2748 1142,2681"/>
               <Baseline points="1169,2811 1259,2805 1348,2799 1438,2799 1528,2799 1617,2793 1707,2793 1796,2793 1886,2787 1975,2781 2065,2781 2154,2781 2244,2775 2333,2775 2423,2775 2512,2781 2602,2775 2691,2775 2781,2781 2871,2775 2960,2775 3050,2781 3139,2793 3229,2793 3318,2799 3408,2805 3497,2805 3587,2817 3676,2817 3766,2823 3855,2829 3945,2835 4034,2835 4124,2841 4214,2847 4303,2853 4393,2865 4482,2871 4572,2871 4661,2882 4751,2900 4757,2894"/>
               <TextEquiv>
                  <Unicode>Russen u. ihre eigenen Juden – u. sind von einer</Unicode>
               </TextEquiv>
            </TextLine>
            <TextLine id="l" custom="readingOrder {index:11;}">
               <Coords points="1137,2931 1315,2844 2248,2824 2895,2839 4792,2895 4904,2931 4919,3089 4853,3109 4323,3115 3512,3109 1137,3028"/>
               <Baseline points="1163,3002 1253,2996 1343,2996 1432,2996 1522,2996 1611,2990 1701,2990 1790,2984 1880,2978 1969,2978 2059,2978 2148,2978 2238,2984 2327,2990 2417,2990 2506,2990 2596,2990 2686,2984 2775,2978 2865,2978 2954,2978 3044,2978 3133,2972 3223,2978 3312,2978 3402,2978 3491,2984 3581,2990 3670,2996 3760,3008 3814,3002 3963,3008 4052,3014 4142,3026 4231,3032 4321,3032 4411,3038 4500,3050 4590,3062 4679,3068 4769,3073 4858,3079 4930,3085"/>
               <TextEquiv>
                  <Unicode>schrecklichen nationalen Überheblichkeit – – auch hier,</Unicode>
               </TextEquiv>
            </TextLine>
            <TextLine id="tr_1_tl_10" custom="readingOrder {index:12;}">
               <Coords points="1116,3191 5006,3339 4996,3135 3482,3125 3375,3028 1111,3120"/>
               <Baseline points="1146,3163 1235,3163 1325,3163 1414,3163 1504,3163 1593,3163 1683,3163 1772,3163 1862,3157 1951,3163 2041,3163 2130,3169 2220,3175 2309,3181 2399,3181 2489,3181 2578,3187 2668,3181 2757,3181 2847,3181 2936,3181 3026,3181 3115,3181 3205,3181 3294,3181 3384,3187 3473,3193 3563,3193 3652,3199 3742,3205 3832,3211 3921,3217 4011,3223 4100,3229 4190,3241 4279,3253 4369,3259 4458,3270 4548,3276 4637,3282 4727,3288 4816,3300 4906,3312 4995,3330 5013,3330"/>
               <TextEquiv>
                  <Unicode>auch hier, – u. doch ist die Geschichte ihrer Befreiung</Unicode>
               </TextEquiv>
            </TextLine>
            <TextLine id="tr_1_tl_11" custom="readingOrder {index:13;}">
               <Coords points="1076,3375 3079,3369 5169,3573 5164,3390 4103,3359 3935,3237 1927,3308 1341,3181 1076,3293"/>
               <Baseline points="1104,3354 1193,3348 1283,3348 1372,3348 1462,3348 1551,3342 1641,3348 1730,3342 1820,3342 1910,3342 1999,3342 2089,3342 2178,3342 2268,3348 2357,3354 2447,3354 2536,3354 2626,3354 2715,3354 2805,3348 2894,3354 2984,3360 3073,3360 3163,3366 3253,3366 3342,3372 3432,3378 3521,3384 3611,3384 3700,3390 3790,3396 3879,3402 3969,3408 4058,3420 4148,3426 4237,3444 4327,3456 4416,3467 4506,3473 4596,3479 4685,3485 4775,3497 4864,3509 4954,3527 5043,3545 5133,3563 5181,3575"/>
               <TextEquiv>
                  <Unicode>u. ihre ungeheure Energie, Intensität, Frische, Bildungs¬</Unicode>
               </TextEquiv>
            </TextLine>
            <TextLine id="tr_1_tl_12" custom="readingOrder {index:14;}">
               <Coords points="1116,3701 1677,3660 1825,3721 2044,3645 2799,3721 3171,3599 3533,3609 3527,3436 3166,3415 3058,3502 2788,3507 2457,3400 1111,3441"/>
               <Baseline points="1146,3533 1235,3533 1325,3533 1414,3527 1504,3533 1593,3527 1683,3527 1772,3533 1862,3533 1951,3533 2041,3539 2130,3539 2220,3539 2309,3545 2399,3539 2489,3545 2578,3545 2668,3545 2757,3557 2847,3557 2936,3557 3026,3563 3115,3563 3205,3569 3294,3569 3384,3575 3473,3575 3545,3575"/>
               <TextEquiv>
                  <Unicode>sucht keineswegs unsympathisch.\:p\ [space]</Unicode>
               </TextEquiv>
            </TextLine>
            <TextLine id="tr_1_tl_14" custom="readingOrder {index:15;}">
               <Coords points="1127,3900 2962,3996 4262,3889 4506,3986 5108,3940 5108,3767 4853,3833 4654,3691 4318,3833 3313,3838 2615,3691 2299,3818 1127,3818"/>
               <Baseline points="1157,3909 1247,3909 1337,3903 1426,3903 1516,3903 1605,3903 1695,3903 1784,3903 1874,3903 1963,3897 2053,3897 2142,3891 2232,3891 2321,3897 2411,3891 2500,3897 2590,3891 2680,3891 2769,3897 2859,3897 2948,3891 3038,3891 3127,3891 3217,3891 3306,3891 3396,3885 3485,3891 3575,3885 3664,3885 3754,3879 3843,3879 3933,3879 4023,3885 4112,3885 4202,3885 4291,3891 4381,3891 4470,3897 4560,3897 4649,3903 4739,3909 4828,3909 4918,3915 5007,3921 5097,3939 5121,3939"/>
               <TextEquiv>
                  <Unicode>\p\Michel u. Barbara telegraphieren ihr ganzes Geld über</Unicode>
               </TextEquiv>
            </TextLine>
            <TextLine id="tr_1_tl_15" custom="readingOrder {index:16;}">
               <Coords points="1127,4200 5148,4139 5148,4002 4211,3935 3324,4047 2865,3940 1127,3986"/>
               <Baseline points="1157,4130 1217,4124 1307,4118 1396,4112 1486,4106 1575,4106 1665,4106 1754,4106 1844,4106 1933,4106 2023,4106 2112,4112 2202,4112 2292,4112 2381,4106 2471,4100 2560,4100 2650,4100 2739,4094 2829,4094 2918,4094 3008,4094 3097,4088 3187,4088 3276,4088 3366,4088 3456,4082 3545,4076 3635,4076 3724,4070 3814,4070 3903,4070 3993,4070 4082,4070 4172,4076 4261,4076 4351,4082 4440,4082 4530,4088 4619,4094 4709,4094 4799,4100 4888,4112 4978,4118 5067,4124 5157,4124"/>
               <TextEquiv>
                  <Unicode>den Ozean: treffen aber doch selbst, am 10. Juni erst,</Unicode>
               </TextEquiv>
            </TextLine>
            <TextLine id="tr_1_tl_16"
                      custom="readingOrder {index:17;} textStyle {offset:24;length:10;underlined:true;}">
               <Coords points="1147,4420 2717,4302 3426,4404 4899,4312 4899,4205 1794,4129 1152,4277"/>
               <Baseline points="1175,4321 1241,4321 1331,4327 1420,4321 1510,4321 1599,4315 1689,4315 1778,4315 1868,4315 1957,4309 2047,4315 2136,4309 2226,4303 2315,4303 2405,4297 2495,4291 2584,4285 2674,4285 2763,4279 2853,4279 2942,4273 3032,4267 3121,4267 3211,4267 3300,4261 3390,4261 3479,4261 3569,4261 3658,4261 3748,4261 3838,4261 3927,4267 4017,4261 4106,4267 4196,4267 4285,4267 4375,4267 4464,4267 4554,4273 4643,4273 4733,4273 4822,4279 4912,4291"/>
               <TextEquiv>
                  <Unicode>in Schweden ein, wollen wochenlang bleiben, haben</Unicode>
               </TextEquiv>
            </TextLine>
            <TextLine id="tr_1_tl_17"
                      custom="readingOrder {index:18;} textStyle {offset:9;length:11;underlined:true;} sic {offset:46;length:0;}">
               <Coords points="1127,4557 1575,4659 3716,4491 4771,4634 5011,4547 5011,4379 1127,4425"/>
               <Baseline points="1157,4518 1247,4524 1337,4524 1426,4530 1516,4530 1605,4530 1695,4530 1784,4524 1874,4530 1963,4524 2053,4524 2142,4524 2232,4524 2321,4518 2411,4518 2500,4512 2590,4506 2680,4494 2769,4494 2859,4488 2948,4488 3038,4488 3127,4482 3217,4476 3306,4476 3396,4476 3485,4482 3575,4482 3664,4482 3754,4482 3843,4482 3933,4482 4023,4482 4112,4488 4202,4488 4291,4494 4381,4494 4470,4500 4560,4500 4649,4500 4739,4506 4828,4518 4918,4524 5007,4536 5025,4524"/>
               <TextEquiv>
                  <Unicode>Aufträge seriösester Art, u. dass ich etwa auskneife,</Unicode>
               </TextEquiv>
            </TextLine>
            <TextLine id="tr_1_tl_18" custom="readingOrder {index:19;}">
               <Coords points="1147,4761 2513,4832 3288,4700 4939,4812 4848,4593 4226,4557 1147,4608"/>
               <Baseline points="1175,4721 1265,4715 1354,4721 1444,4721 1534,4727 1623,4727 1713,4733 1802,4733 1892,4733 1981,4733 2071,4733 2160,4727 2250,4727 2339,4727 2429,4727 2518,4721 2608,4709 2697,4709 2787,4703 2877,4697 2966,4697 3056,4703 3145,4697 3235,4697 3324,4697 3414,4703 3503,4703 3593,4697 3682,4703 3772,4703 3861,4697 3951,4703 4040,4709 4130,4709 4220,4709 4309,4709 4399,4715 4488,4721 4578,4733 4667,4739 4757,4745 4846,4757 4936,4769 4954,4775"/>
               <TextEquiv>
                  <Unicode>davon könne gar nicht die Rede sein. Mir ist das etwas</Unicode>
               </TextEquiv>
            </TextLine>
            <TextLine id="tr_1_tl_19" custom="readingOrder {index:20;}">
               <Coords points="1183,4985 1835,5047 2697,4904 4955,5006 4955,4812 4506,4878 4318,4771 2742,4715 2121,4873 1183,4838"/>
               <Baseline points="1211,4894 1301,4894 1390,4900 1480,4900 1569,4906 1659,4918 1748,4924 1838,4924 1927,4924 2017,4918 2107,4924 2196,4918 2286,4918 2375,4912 2465,4912 2554,4912 2644,4906 2733,4900 2823,4900 2912,4900 3002,4900 3091,4900 3181,4906 3270,4906 3360,4918 3450,4924 3539,4918 3629,4918 3718,4918 3808,4918 3897,4918 3987,4918 4076,4918 4166,4918 4255,4918 4345,4918 4434,4924 4524,4924 4613,4936 4703,4948 4793,4960 4882,4972 4966,4984"/>
               <TextEquiv>
                  <Unicode>unheimlich, vielleicht kan[n] ich sie zum Kompromiss</Unicode>
               </TextEquiv>
            </TextLine>
            <TextLine id="tr_1_tl_20" custom="readingOrder {index:21;}">
               <Coords points="1188,5143 3217,5235 4674,5148 5210,5296 5205,5026 4838,5128 3742,4929 3349,5036 3023,4914 2559,5072 2253,4955 1183,4985"/>
               <Baseline points="1211,5091 1301,5085 1390,5085 1480,5091 1569,5097 1659,5103 1748,5103 1838,5109 1927,5109 2017,5109 2107,5115 2196,5121 2286,5121 2375,5121 2465,5121 2554,5121 2644,5121 2733,5121 2823,5115 2912,5121 3002,5121 3091,5121 3181,5133 3270,5139 3360,5139 3450,5145 3539,5145 3629,5139 3718,5139 3808,5139 3897,5133 3987,5133 4076,5139 4166,5139 4255,5133 4345,5139 4434,5139 4524,5145 4613,5145 4703,5151 4793,5157 4882,5169 4972,5175 5061,5175 5151,5186 5216,5181"/>
               <TextEquiv>
                  <Unicode>bewegen,  – aber ich verstehe ja: Barbara hat einen "Job"</Unicode>
               </TextEquiv>
            </TextLine>
            <TextLine id="tr_1_tl_22" custom="readingOrder {index:22;}">
               <Coords points="1193,5327 5026,5459 5021,5271 4838,5235 4629,5322 3084,5148 2493,5276 1193,5235"/>
               <Baseline points="1223,5300 1313,5294 1402,5294 1492,5294 1581,5300 1671,5306 1760,5306 1850,5312 1939,5312 2029,5318 2118,5324 2208,5318 2298,5324 2387,5324 2477,5324 2566,5324 2656,5324 2745,5324 2835,5324 2924,5324 3014,5330 3103,5336 3193,5336 3282,5342 3372,5342 3461,5348 3551,5342 3641,5342 3730,5342 3820,5348 3909,5342 3999,5342 4088,5342 4178,5348 4267,5348 4357,5348 4446,5348 4536,5348 4625,5354 4715,5366 4804,5372 4894,5383 4984,5395 5037,5401"/>
               <TextEquiv>
                  <Unicode>ausgeschlagen, u. für beide ist diese Reise eine ganz</Unicode>
               </TextEquiv>
            </TextLine>
            <TextLine id="tr_1_tl_23" custom="readingOrder {index:23;}">
               <Coords points="1254,5607 2656,5551 3038,5653 3390,5556 3599,5674 3925,5577 5001,5674 5001,5556 4333,5424 1249,5444"/>
               <Baseline points="1283,5485 1372,5497 1462,5503 1551,5509 1641,5521 1730,5521 1820,5527 1910,5533 1999,5533 2089,5533 2178,5533 2268,5539 2357,5533 2447,5533 2536,5533 2626,5533 2715,5533 2805,5527 2894,5527 2984,5533 3073,5545 3163,5545 3253,5551 3342,5557 3432,5557 3521,5557 3611,5563 3700,5557 3790,5545 3879,5539 3969,5539 4058,5533 4148,5539 4237,5545 4327,5551 4416,5557 4506,5563 4596,5574 4685,5592 4775,5598 4864,5610 4954,5628 5013,5640"/>
               <TextEquiv>
                  <Unicode>grosse Sache. Immerhin hoffe ich, Ende Juni doch</Unicode>
               </TextEquiv>
            </TextLine>
            <TextLine id="tr_1_tl_24" custom="readingOrder {index:24;}">
               <Coords points="1274,5745 5184,5862 5179,5689 4440,5740 4195,5623 3329,5704 2202,5551 1274,5663"/>
               <Baseline points="1301,5718 1390,5718 1480,5718 1569,5718 1659,5724 1748,5730 1838,5742 1927,5736 2017,5742 2107,5742 2196,5742 2286,5742 2375,5736 2465,5736 2554,5736 2644,5730 2733,5724 2823,5724 2912,5730 3002,5730 3091,5730 3181,5736 3270,5742 3360,5748 3450,5754 3539,5754 3629,5754 3718,5760 3808,5760 3897,5760 3987,5760 4076,5760 4166,5760 4255,5765 4345,5771 4434,5771 4524,5795 4613,5795 4703,5807 4793,5807 4882,5819 4972,5831 5061,5837 5151,5843 5198,5861"/>
               <TextEquiv>
                  <Unicode>in Zürich – u. bald in Sils zu sein, – falls ich</Unicode>
               </TextEquiv>
            </TextLine>
            <TextLine id="tr_1_tl_25" custom="readingOrder {index:25;}">
               <Coords points="1310,5949 1519,6051 2161,5944 4583,6005 5041,6137 5031,5862 4832,5954 3828,5811 3293,5903 2742,5770 1305,5806"/>
               <Baseline points="1331,5927 1420,5927 1510,5927 1599,5927 1689,5933 1778,5939 1868,5945 1957,5939 2047,5945 2136,5939 2226,5939 2315,5939 2405,5933 2495,5933 2584,5933 2674,5933 2763,5933 2853,5927 2942,5927 3032,5933 3121,5945 3211,5951 3300,5956 3390,5962 3479,5968 3569,5974 3658,5974 3748,5974 3838,5980 3927,5980 4017,5974 4106,5980 4196,5974 4285,5974 4375,5980 4464,5986 4554,5986 4643,5998 4733,6010 4822,6022 4912,6046 5001,6052 5049,6052"/>
               <TextEquiv>
                  <Unicode>dazwischen nach Nantes müsste, würdest Du</Unicode>
               </TextEquiv>
            </TextLine>
            <TextLine id="tr_1_tl_26" custom="readingOrder {index:26;}">
               <Coords points="1269,6158 3604,6158 4103,6321 4379,6219 4950,6316 4945,6132 4399,6030 4251,6117 3364,5959 2192,5964 1886,6117 1264,5939"/>
               <Baseline points="1295,6124 1384,6124 1474,6130 1563,6136 1653,6142 1742,6142 1832,6147 1921,6153 2011,6153 2101,6153 2190,6153 2280,6153 2369,6153 2459,6153 2548,6142 2638,6142 2727,6136 2817,6142 2906,6136 2996,6142 3085,6142 3175,6147 3264,6153 3354,6159 3444,6153 3533,6153 3623,6159 3712,6165 3802,6165 3891,6171 3981,6171 4070,6171 4160,6183 4249,6189 4339,6195 4428,6201 4518,6207 4608,6219 4697,6231 4787,6243 4876,6261 4960,6273"/>
               <TextEquiv>
                  <Unicode>Dich ja solange um die Amerikaner küm[m]ere,</Unicode>
               </TextEquiv>
            </TextLine>
            <TextLine id="tr_1_tl_27" custom="readingOrder {index:27;}">
               <Coords points="1259,6382 1417,6459 1550,6357 3395,6408 3609,6499 4047,6443 4042,6285 3808,6224 3512,6331 3288,6224 2987,6321 2676,6178 2391,6250 1249,6183"/>
               <Baseline points="1283,6344 1372,6344 1462,6344 1551,6350 1641,6350 1730,6356 1820,6356 1910,6356 1999,6356 2089,6356 2178,6362 2268,6368 2357,6368 2447,6368 2536,6368 2626,6368 2715,6374 2805,6374 2894,6374 2984,6374 3073,6386 3163,6386 3253,6392 3342,6392 3432,6392 3521,6392 3611,6398 3700,6404 3790,6410 3879,6416 3969,6422 4058,6428"/>
               <TextEquiv>
                  <Unicode>oder schon voraus nur Sils Jahre.\:p\</Unicode>
               </TextEquiv>
            </TextLine>
            <TextLine id="tr_1_tl_28" custom="readingOrder {index:28;}">
               <Coords points="1249,6596 1881,6576 2212,6693 3262,6632 3604,6739 3828,6647 4868,6678 4863,6515 4567,6443 4338,6576 3849,6453 2850,6576 1616,6525 1239,6367"/>
               <Baseline points="1271,6565 1360,6565 1450,6559 1539,6565 1629,6571 1719,6571 1808,6571 1898,6571 1987,6577 2077,6577 2166,6583 2256,6589 2345,6595 2435,6595 2524,6607 2614,6613 2703,6619 2793,6625 2882,6631 2972,6625 3062,6625 3151,6631 3241,6631 3330,6631 3420,6631 3509,6631 3599,6631 3688,6637 3778,6643 3867,6643 3957,6649 4046,6649 4136,6643 4225,6649 4315,6649 4405,6649 4494,6655 4584,6661 4673,6655 4763,6655 4852,6655 4882,6655"/>
               <TextEquiv>
                  <Unicode>\p\Schreib mir doch bitte nach Saltsjö–Durnäs bei</Unicode>
               </TextEquiv>
            </TextLine>
            <TextLine id="tr_1_tl_32" custom="readingOrder {index:29;}">
               <Coords points="4465,6769 4537,6790 4741,6764 4889,6769 4929,6800 5021,6775 5052,6800 5108,6790 5108,6688 4924,6698 4878,6673 4843,6698 4680,6698 4639,6673 4537,6708 4465,6703"/>
               <Baseline points="4494,6756 4584,6762 4673,6756 4763,6756 4852,6756 4942,6762 5031,6762 5121,6780"/>
               <TextEquiv>
                  <Unicode>Stockholm\:p\</Unicode>
               </TextEquiv>
            </TextLine>
            <TextEquiv>
               <Unicode/>
            </TextEquiv>
         </TextRegion>
         <TextRegion id="r" custom="readingOrder {index:1;}">
            <Coords points="963,209 989,6500 133,6516 133,209"/>
            <TextLine id="l_205" custom="readingOrder {index:0;}">
               <Coords points="876,1198 857,4011 887,4011 906,1198"/>
               <Baseline points="876,1198 857,4011"/>
               <TextEquiv>
                  <Unicode>\p\– ich hoffe, am 5. Juni dort zu sein –</Unicode>
               </TextEquiv>
            </TextLine>
            <TextLine id="l_212" custom="readingOrder {index:1;}">
               <Coords points="683,1898 645,6399 675,6399 713,1898"/>
               <Baseline points="683,1898 645,6399"/>
               <TextEquiv>
                  <Unicode>Von Eri bekam ich in Danzig einen ganz langen Brief, der</Unicode>
               </TextEquiv>
            </TextLine>
            <TextLine id="l_219" custom="readingOrder {index:2;}">
               <Coords points="476,1888 486,6008 516,6008 506,1888"/>
               <Baseline points="476,1888 486,6008"/>
               <TextEquiv>
                  <Unicode>mich sehr beglückt u. von der schlim[m]en Bedrückung</Unicode>
               </TextEquiv>
            </TextLine>
            <TextLine id="l_226" custom="readingOrder {index:3;}">
               <Coords points="307,1989 351,6466 381,6466 337,1989"/>
               <Baseline points="307,1989 351,6466"/>
               <TextEquiv>
                  <Unicode>befreit hat – – ob sie wohl kom[m]t? – Wie ist Budapest?</Unicode>
               </TextEquiv>
            </TextLine>
            <TextLine id="l_233"
                      custom="readingOrder {index:4;} textStyle {offset:25;length:4;underlined:true;}">
               <Coords points="177,1922 211,5260 241,5260 207,1922"/>
               <Baseline points="177,1922 211,5260"/>
               <TextEquiv>
                  <Unicode>Wie wurde der Vortrag in Wien aufgenom[m]en?</Unicode>
               </TextEquiv>
            </TextLine>
            <TextLine id="l_240" custom="readingOrder {index:5;}">
               <Coords points="741,354 659,1560 689,1562 771,356"/>
               <Baseline points="741,354 659,1560"/>
               <TextEquiv>
                  <Unicode>Gute Nacht, aber ich</Unicode>
               </TextEquiv>
            </TextLine>
            <TextLine id="l_247" custom="readingOrder {index:6;}">
               <Coords points="616,417 490,1671 520,1674 646,420"/>
               <Baseline points="616,417 490,1671"/>
               <TextEquiv>
                  <Unicode>muss ja schon gleich</Unicode>
               </TextEquiv>
            </TextLine>
            <TextLine id="l_254" custom="readingOrder {index:7;}">
               <Coords points="524,354 355,1816 385,1819 554,358"/>
               <Baseline points="524,354 355,1816"/>
               <TextEquiv>
                  <Unicode>wieder auf den Bahnhof –</Unicode>
               </TextEquiv>
            </TextLine>
            <TextLine id="l_261" custom="readingOrder {index:8;}">
               <Coords points="409,340 278,1459 308,1462 438,343"/>
               <Baseline points="409,340 278,1459"/>
               <TextEquiv>
                  <Unicode>in solcher Eile –</Unicode>
               </TextEquiv>
            </TextLine>
            <TextLine id="l_268" custom="readingOrder {index:9;}">
               <Coords points="288,325 163,1493 192,1496 318,328"/>
               <Baseline points="288,325 163,1493"/>
               <TextEquiv>
                  <Unicode>umarmt dich Deine\:p\</Unicode>
               </TextEquiv>
            </TextLine>
            <TextLine id="l_275" custom="readingOrder {index:10;}">
               <Coords points="158,1584 153,1864 183,1865 188,1585"/>
               <Baseline points="158,1584 153,1864"/>
               <TextEquiv>
                  <Unicode>Miro</Unicode>
               </TextEquiv>
            </TextLine>
            <TextEquiv>
               <Unicode/>
            </TextEquiv>
         </TextRegion>
      </Page>
   </PcGts>
</validation-wrapper>
