5213 3442
373 279 1473 526 Hotel Baron
600 458 1215 673 ALEP, SRIE.
400 689 800 884 Tél. 1-44
3693 168 4666 489 Adr. Télégr. HOTEL BARON
3130 742 4155 1073 ALEP. LE 6 Dez 33
3145 920 3456 1078 B. P. 130
615 1026 4713 1278 Kläuschen, nun bestürzt es mich doch dass Gert [ev. Gertrud Fleiß = Gertrud Frank (Kommentar Fleischmann)] gestorben
615 1226 4666 1536 ist, u. gibt fast ein Gefühl von Unsicherheit: es in
594 1410 4245 1699 Aleppo zu erfahren. So gänzlich hören also
615 1604 4844 1920 Zusam[m]enhänge auf, oder lösen sich auf in Zufälle,
647 1804 4492 2146 u. dann nichts mehr. Aber davon haben wie ja
647 1983 4550 2330 dieses Jahr eine Menge erfahren – und während
663 2199 4602 2483 dieser sonderbaren Reise geschieht es mir oft, dass
663 2367 4040 2688 sich, wegen Müdigkeit oder wen[n] man viel
705 2541 4445 2893 getrunken hat, alles verwischt u. kein gestern
715 2714 4418 3056 mehr da ist u. kein einziges Gesicht. Das
731 2877 4119 3261 ist dann ein grosser Schrecken, oder, je
711 154 4634 535 nach dem, auch Traurigkeit. Später kommt Einiges
741 463 3316 736 wieder, wie auf einem Fixierbild.
726 587 4248 947 \p\Klaus, Brüderlicher – Du kannst Dir leicht
711 798 4114 1148 denken welche Rolle Eri bei diesem Spiel
695 1004 3547 1359 ausfülle. Ach, unbeirrbares Gesicht ...\:p\
690 1102 4562 1545 \p\Remarque hat mir geschrieben ob es nicht bald
716 1411 4593 1673 genug sei der Reise (Du weisst doch, dass ich viel
726 1617 4716 1859 an Remarque denke?) – aber genug ist's keinesfalls,
772 1818 4680 2090 u. wohin sollte ich in Europa jetzt gleich fahren?
736 1998 4876 2255 Du hast die "Sammlung" – ja, was war den[n] "Hermann
772 2183 4685 2482 der Deutsche" [ev. das: https://books.google.ch/books/about/Hermann_der_Deutsche.html?id=9b_UaQkvxJMC&redir_esc=y]? Man schrieb mir abfällig über die
793 2420 4737 2749 fruchtlose u. nicht recht würdevolle Verulkerei
819 2626 1890 2955 dieses Stückes.\:p\
788 2749 4881 3166 Nun, u. der Herr von Schumacher [Karl von Schumacher, Weltwoche Chefred.] hat mir, warum
814 2976 4685 3331 schrieb er nicht, zwei Artikel zurückgeschickt –
477 923 4556 1324 er scheint nicht wissen zu wollen, dass er es mit
533 1238 4424 1583 einem ernsthaften Türkei-Journalisten zu
543 1395 4602 1750 tun hat, aber ich will es ihnen gleich mitteilen.
553 1593 4566 2019 Wie gefällt Dir der dunkle Manuel? Was man
629 1811 4445 2141 in den türkischen Bädern erlebt, werde ich
594 2024 4465 2293 leider meinem "Tagebuch" nicht einverlieben
558 2253 4577 2567 kön[n]en, aber die arabischen Knaben sind schön –
660 2415 4500 2826 Vergiss nicht, Klaus, dass ich Weihnachten
649 2816 4642 3166 in BEYROUTH (c/o Service des Antiquités
2745 3009 3587 3323 Prof. Seyric)
572 350 4391 704 sein werde – Du aber bei den lieben Eltern
567 583 4279 895 denen Du mich herzlich empfehlen sollst,
572 837 3760 1229 an die Kleinen auch viele Grüsse! –
588 1027 4359 1404 \p\Bis zum 20. wird es für uns wieder recht
609 1271 4449 1637 strapaziös sein, aber wir sind mit den
609 1525 4608 1833 wunderlichsten Karten an alle hohen Behörden
593 1721 4549 1970 ausgestattet, das wird uns von Ruine zu Ruine
598 1928 4740 2325 helfen – (u. in Beyrouth [added abvoe line: gibt] es doch einen Hafen u. eine
704 2193 4941 2526 Bibliothek) Die Taurus-Express-Reise war eine rechte
683 2404 4941 2733 Schanghai-Fahrt, wie wird es erst nach Bagdad u.
715 2600 4730 2908 Teheran aussehen! – Nun ist's genug u. spät in der
715 2855 2023 3188 syrischen Nacht –\:p\
3151 3035 3946 3315 Geküsst von
4041 3125 4401 3310 Miro
