2780 3488
795 185 827 1672 Parkhotel Erbprinz. Weimar
1242 365 1283 1557 \p\Lieber Edi! Ich kenne jetzt
1357 273 1406 1561 Göttingen Stuttgart Mergentheim
1469 296 1502 1552 Würzburg Meiningen Eisenach
1565 288 1602 1568 samt der Wartburg u. sogar
1680 842 1718 1595 die Musenstadt [? allgemein für Studentenstadt, taucht z.B. in div. Studentenliedern auf; hier könnte z.B. Göttingen gemeint sein, das in der Verlängerung der aufgezählten Orte liegt, am wahrscheinlichsten ist jedoch Weimar, wo AS die Karte erstand] .\:p\
1803 284 1848 1564 \p\Das gäbe Stoff zu zehn langen
1914 288 1956 1572 Reiseberiefen doch muss Dir ein
2030 284 2060 1572 Gruss genügen. Schmerzen habe
2141 307 2171 1514 ich genau wie Samstag u.
2233 423 2275 1541 schluche tapfer Brom. Die
2352 265 2390 1556 Opiumtropfen haben übrigens,
2456 284 2505 1537 scheint mir, gerade während
467 1885 2438 2047 Prüfung Deines Pa leicht lähmend gewirkt!!\:p\
494 2010 2263 2168 Vielen herzlichen Dank für die schönen
496 2131 2401 2300 Blumen, u. für Deine "Anteilnahme" – u.
499 2263 2018 2421 viele früsse Deinen Eltern u. Dir!
1858 2384 2310 2524 Annemarie
575 2639 2514 2797 P.S. Kan[gem]st du gleich einen "Zürcher Student"[vermutlich geht es um AS' Publikation im Zürcher Student - Eduard Fueter Redaktor?]
550 2767 2448 2951 schicken an: Erika Mann, Poschingerstr. 1
1831 2954 2317 3084 München
243 3077 1941 3264 und 6 an mich: Freiherr v. Stein-Str. 8 IV,
1435 3195 2197 3345 Berlin Schöneberg
388 3251 1067 3357 Tausend dank!
