5358 6812
1319 1491 4575 1927 Dass Dein Brief heute kam, Liebe,
1319 1746 4766 2114 pechschwarze u. selbst auf diesem
1290 1996 4977 2334 scheusslichen Bild noch geliebte Actrice,
1285 2236 4801 2609 war ein wahres Geburtstagsgeschenk
1250 2540 3320 2854 in meiner Trübsal –
1280 2673 4546 3124 Mit Hartnäckigkeit lehnt trotz
1226 2996 4516 3379 persönlicher Fürsprache des sehr
1250 3227 4521 3541 lieben Agenten – der Direktor des
1177 3501 4747 3840 Schauspielhauses eine Aufführung
1182 3781 4992 4109 von "Geschwister" ab, verlangt, falls
1133 3992 4747 4320 man es privat macht, eine uner¬
1162 4207 4693 4610 schwingliche Sum[m]e so dass auch
1255 4433 4747 4855 der Agent jetzt dringend abrät –
1246 4762 4899 5061 Was machen? Fred, der Agent u. ich
1172 5026 5115 5375 sassen auf Korbstühlen und beschlossen
1143 5311 2986 5639 es Dir zu schreiben –
1280 5605 4742 5943 Weitere Trübsal persönlicher Natur:
1285 5894 4541 6149 Das Friede mit den Eltern, wen[n]
1231 6061 5110 6444 auch dauernd u. von Mama rührend
1226 709 4870 1192 aufrechterhalten, steht doch auf
1256 1039 4653 1457 recht schwankender Grundlage
1270 1305 5047 1640 u. die – stets rührende u. liebevolle,
1147 1556 4850 1965 aber besorgte, fürsorgliche rat¬
1118 1846 4801 2235 schlagende, zu in[n]erst bekümmerte
1167 2127 5126 2536 Haltung aller – (Tanten, Grossmütter)
1167 2427 5101 2841 etc) – bringt meinen Mut langsam
1201 2708 4948 3171 zum Sinken – Ich zweifle sehr
1231 3003 4919 3319 an mir u. muss mir stets vor¬
1196 3304 4973 3619 halten dass Du sagen würdest, es
1192 3496 4722 3909 sei Unsin[n] (was wäre überhaupt
1118 3845 2398 4131 ohne Dich)
1196 4018 4968 4441 Müde bin ich zum Umfallen. Was
1172 4318 5047 4702 aber sagst Du, wen[n] ich Dir mitteile
1236 4559 4663 4879 dass ich überhaupt nichts
1251 4820 5003 5214 für meinen "Dr." tu, radikal
1265 5131 4737 5456 schwänze, mit dem Mut der
1182 5387 4904 5746 Verzweiflung morgens 9h oder 10h
1196 5628 4746 6017 die Universität verlasse u. in
1216 5904 4786 6337 Papas stillem Bureau, 2, 4, 6
1256 6248 4692 6549 Stunden an "Bernhard"
981 499 5077 872 schreibe - um dan[n] abends mit grosser
1124 786 4847 1182 Überwindung die Augen offen zu
1153 1044 4864 1451 halten damit doch das Nötigste
1067 1256 3258 1652 rasch gelernt wird –
946 1555 4509 1968 "Bernhard" ist bald fertig, vieles
1038 1795 4864 2140 darin liebe ich, die Handelnden
987 2151 4796 2438 sind mir ans Herz gewachsen so
952 2317 4939 2730 dass ich sogar von ihnen träume –
843 2518 4968 2931 Wirst Du, wen[n] Ihr kom[m]t, es lesen?
929 2897 4767 3264 Ich mag es niemandem geben u.
820 3103 4893 3551 möchte gern mich auf Dein Urteil
924 3436 1876 3717 verlassen –
763 3677 4876 4096 Em[m]y Krüger ist bei uns u. hat Euch
786 3969 4836 4325 dafür nicht dem Abgrund zurollen
912 4199 4721 4589 sehen – bald gibt sie samt dem
918 4423 4537 4864 Quartett mit Gusti Oest. ein
860 4715 1864 5100 Konzert –
855 5186 4382 5576 Womit Dir noch lange nicht alles
918 5484 4067 5851 berichtet ist. Aber ich kan[n]
895 5771 4153 6166 diesmal die Augen nicht mehr
1222 6017 2633 6384 offen halten
499 6218 5117 6711 Sei geküsst u. gebeten bald wieder zu schreiben
2180 6493 3482 6706 von Deinem
4033 6499 4664 6711 Kind A
