5583 6993
542 424 1799 664 CAFÉ SCHÖN
373 629 1993 838 BERLIN, UNTER D. LINDEN 45
562 843 1788 1012 TELEFON: A 6 MERKUR 7624
3362 567 4241 777 BERLIN, DEN
976 1942 4860 2381 \p\E.– wir sitzen hier, Dein Vetter Hans Erik
996 2177 4854 2596 u. ich, u. warten auf den Prinzen der sich
996 2417 4701 2897 unglaubwürdig lange rasiert – er soll
1007 2601 4701 3092 Dir, wenigstens dies, von mir mitbringen –
1022 2851 4936 3281 wir sind noch etwas spukhaft verstört
1022 3051 4941 3516 von Bruno Walter's prächtigem Oberon [Aufführung v. Carl Maria Webers gleichnamiger Oper in Berlin 1931, vgl. https://www.youtube.com/watch?v=tIooqW8WM60], sehr
1094 3281 4962 3700 eindrucksvoll war auch das Widersehen
1058 3551 4946 3924 mit Lotte die mit Emil Ludwig in einer
1099 3889 2208 4211 Loge lächelte –\:p\
1022 3986 4931 4471 Also, E. – die Vernunft hat gesiegt, weil Du ja
1134 4175 4952 4635 in 14 Tagen im Rundfunk Dich hören
1104 4466 4849 4809 lässt, u. da wär es doch schon die reine
1140 4599 5130 5028 Kinderei aus dem kaum konsolidierten Berlin
1180 4931 4854 5376 weg zu reisen, wen[n] auch, zusammen mit
1145 5059 5187 5488 Klaus, zugleich ein grosser Spass. Überhaupt
1129 5309 5064 5733 das Leben ist viel besser, viel reizvoller,
1124 5560 5238 5979 ordnungsgemässer, liebenswürdiger, seit Klaus
1160 5785 5100 6214 so richtig aufgetaucht ist. (Wie gut dass der
1129 5989 5028 6382 allezeit rührende Fred Pasternek diesen Satz.
1134 6347 5044 6617 nicht lesen muss!) – Wen[n] ich es auch nicht
991 714 5168 1038 Bruno Franks wegen wünsche, so fände ich doch
996 907 4913 1283 sehr wichtig dass Nina bald u. lange hier
1048 1137 5215 1450 gespielt würde – Kom[m]st Du, planst Du es min¬
1090 1408 5100 1695 destens, in etwas 10 Tagen hierher? Bis dahin
1059 1643 5053 1935 weiss ich auch schon, wo ich wohne u. über
1059 1841 5241 2232 welches Buch ich bei den ehrwürdigen Damen
1033 2049 5215 2456 des Lyceums reden will [offenbar weitere Einladung ins Lyceum Zürich nach der Lesung von 1930, vgl. letter_0193]. (Das also, siehst
1043 2263 4328 2660 Du, sind meine nächsten Sorgen!)[vertical space]
991 3202 4897 3525 \p\E-Liebling, hast Du wirklich kein Bild von
1106 3374 4939 3682 Dir für mich bestellt? Oder ist der Photo¬
1043 3593 4824 4010 praph so nachlässig? Telephonier ihn doch
1085 3828 5069 4177 deutlich an, wen sollte ich den[n] sonst wohl
1116 4078 5194 4433 in Grossaufnahme in meine Zukunftstube
1179 4370 1893 4704 hängen!\:p\
1153 4563 4620 4944 Da kommt Klaus gelaufen, adieu, adieu,
1137 4824 4563 5095 sei tausendmal umarmt von Deinem
3948 5043 4678 5335 Kind A.–
683 599 731 3031 Beschämte Grüsse für Medi der
533 617 589 2938 ich im[m]er noch nicht geschrieben
386 585 429 1833 habe! Für Bibi,
204 576 270 2769 u. an Therese bitte ebenfalls!
