3695 4500
2221 217 3458 379 Estoril-Lisboa, 28. April [1942]
2238 327 3068 496 Pensao Boa Ventura
1195 720 1901 906 Mein lieber Hasi,
937 844 3172 992 \p\ich habe die Anweisung der Bank über Schw. frs. 1000.-
730 1002 3371 1164 (in Escudos) bekom[m]en, u. danke Dir herzlich für die rasche
758 1171 3268 1319 Übersendung. Ich werde damit, wie gesagt, gerade auskom[m]en
734 1240 3347 1443 können, einschliesslich der Reise nach Tetouan, u. hoffentlich
720 1378 3461 1563 auch der Reise von dort bis in die Schweiz, - obwohl in der Zwischenzeit
713 1481 3296 1636 der Dollar noch stark gefallen ist, u. ich, aus eher angenehmen
734 1574 3406 1749 Gründen, meinen Aufenthalt hier auf Wunsch von Herrn Minister
744 1687 3427 1808 Martin um ca 2 Wochen verlängere: er war offenbar über meine 2
709 1774 3444 1966 Artikel über Transportfragen sehr zufrieden, sodass er mich letzte Woche
723 1887 3406 2049 durch einen mir ungemein günstigen Brief beim hiesigen Leiter der
720 2011 3406 2166 Propagande Nationale eingeführt hat, einem sehr wichtigen Herrn
713 2080 3478 2221 der zu einem Besuch in die Schwier eingeladen ist. In diesem Zusam¬
716 2221 3399 2338 menhang hatten M. Martin u. er mit Herrn Bittel (Office Suisse du
740 2283 3444 2469 Tourismo) ein Program[m] zur "Intensifierung der Bezieuhungen beider
723 2411 3344 2528 Länder" besprochen, in dessen Ausführung – Artikel über Portugal –
706 2493 3399 2676 ich nun vorgeschlagen wurde. Dies bedeutet zwar viel Ehre – aber enorm
744 2621 3375 2748 viel Arbeit. Aber selbst wen[n] ich es hätte wollen (den[n] ich möchte
716 2752 3385 2896 endlich in die Schweiz) – hätte ich diesen Vorschlag nicht Ablehnen
740 2824 3416 2951 können, ohne M. Martin u. viele Leute zu enttäuschen, die hier so
734 2965 3416 3068 viel für mich getan haben. Ich hoffe also, dass mir das Visum
737 3061 3399 3220 verlängert wird. Da gerade Dr. Hartman[n] von den NZ.Z. für 14 Tage
720 3134 3416 3316 eintraf, habe ich auch noch eine Art Konkurrenzkampf betreffs
747 3278 3468 3423 Schnelligkeit, Berichungen etc auszufechten, der mich recht ermüdet.\:p\
1794 3354 3334 3544 \p\Ja, Hasi, – aber oft, wen[n] ich hier so
785 3475 3454 3633 verwöhnt werde, - u. wen[n] ich solches Heimweh nach der Schwiez
775 3568 3420 3712 habe, – frage ich mich, was mich dort wohl erwantet. Ich bin
799 3692 3447 3833 oft sehr, sehr bekümmert, – mehr als jemals während noch so
802 3781 3471 3971 ernster Schwierigkeiten in Afrika: u. wen[n] ich mir Rechenschaft
833 3874 3371 4102 gebe, was der Grund dazu ist, weiss ich, dass es einzig das
813 4060 3165 4208 Verhalten ist, das ich von zu Hause erfahre, von Mama, –
826 4157 2039 4322 u. jetzt etwa auch von Dir?\:p\
1600 207 1703 239 2
817 361 3423 547 \p\Lieber Hasi, ich habe lange gezögert Dir etwas darüber zu sagen,
719 488 3388 621 u. falls ich Dir Unrecht tue, falls z. B. Briefe verloren gegangen,
716 621 3364 765 sind, dann bitte ich im Voraus um Entschuldigung. Aber ich
712 677 3332 870 bin jetzt fast 4 Wochen hier, – u. nach welcher Abwesenheit, –
744 810 3304 929 wie ist es möglich, dass alle Freunde mir berichten, nur
747 947 3223 1080 ausgerechnet Ihr nicht, die Ihr mir am nächsten steht?
723 1059 3500 1179 Alte freuen sich, – freuen sich, mich gesund zu wissen, – u. verstehen
726 1175 3388 1291 u. schätzen es irgendwie, dass ich mich, nun schon seit langer
744 1252 3441 1392 Zeit, aus grössten moralischen u. gesundheitlichen Krisen befreit
751 1364 2887 1522 habe. Nur von zu Hause nie ein freundliches Wort.\:p\
723 1473 3409 1624 \p\Und wie lange ist es schon so. Im Jahre1935 habe ich offiziell
733 1578 3465 1708 geheiratet. Die Ehe bestand nie wirklich, u. schon im Herbst habe
726 1694 3388 1820 ich meinen Irrtum erkan[n]t: dass ich nicht auf einer falschen
691 1775 3497 1919 Basis leben kan[n], selbst wie diese mich äusserlich vor den Schwrierig¬
694 1929 3448 2017 keiten geschützt hätte, die schon damals wegen meines so schon kom¬
698 1971 3490 2119 plizierten Verhältnisses mit Mama bestanden. Aber obwohl Mama
680 2112 3448 2241 dies genau übersah, – u. es hätte nichtig finden sollen, dass ich in
680 2192 3476 2382 die Schweiz zurückkehrte, – wird heute noch diese Ehe herange¬
691 2308 3479 2487 zogen, we[n] es sich darum handelt, mir meine ganz natürlichen
677 2427 3430 2585 Rechte in der Schweiz u. in der Familie abzustreiten. u. Niemand [sic]
680 2497 3493 2652 denkt daran, mir zu helfen, um meine Tage wieder zu normalisieren.
694 2624 3455 2764 In Amerika habe ich dan[n] einen letzten Fehler gemacht: Aber als
694 2764 3444 2883 ich im Oktober fort wollte, – womit die spätere Katastrophe ver¬
698 2834 3472 3002 meiden werden wäre, – hat Mama mir "verboten", in die Schweiz
705 2953 3339 3104 zu Reisen ... Als ich dan[n], noch sehr erschöpft, aber voll guten
730 3059 3430 3265 Wilens, endlich "zurückgeschickt" wurde u. heim kam, – welcher
712 3209 3385 3385 Empfang! Vorwürfe, – falsche Beschuldigungen, – u. ich musste
747 3322 3469 3462 bei Busy wohnen, musste Sils durch fremde, hilfsbereite Menschen
716 3451 3483 3651 mieten lassen, um diesen einzigen Ort nicht zu verlieren, wo ich
719 3574 1884 3711 so etwas wie zuhause bin.\:p\
751 3648 3469 3816 \p\Und jetzt? Ich war schlecht beraten, als ich die Afrika-Reise unter
719 3802 3451 3939 heutigen Umständen wagte. Aber ich habe mich in schwierigsten Lagen
698 3904 3416 4051 – die Du vielleicht nicht ganz ermisst – so gehalten u. durchgesetzt,
737 3992 3402 4177 dass ich gesund, mit einem Manuskript, zurückgekommen bin: dank
726 4118 3290 4255 der Hilfe von Menschen, die mich offenbar genügend geschätzt
747 4205 1003 4349 haben.\:p\
1736 192 1832 224 3
668 308 3354 516 \p\Ich bedaure dieses Jahr in Afrika nicht, – den[n] we[n] es [add above line: mich] auch äusserlich
538 382 3421 608 in eine sehr prekäre Situation, u. in Gefahr gebracht hat (wegen meiner
545 471 3528 716 "deutschen" Herkunft, u. meiner rechtlichen Schutzlosigkeit als Frau eines Franzosen
542 597 3465 812 im Dienst v. Vichy) habe ich persönlich durch diese Erfahrung viel gelernt,
538 672 3454 898 viele Ansichten revidiert, viele persönliche Schwächen überwunden, die mich
542 772 3361 972 früher oft so unglücklich gemacht haben. Es machte mir nur Kum[m]er,
549 894 3317 1083 dass ich Euch vielleicht Sorgen bereiten würde – u. ich schrieb Dir
556 1002 3447 1232 darüber ja genug, auch von Lissabon aus: Aber jetzt frage ich mich, ob
549 1091 3510 1310 ich mir diesen Kummer nicht lieber hätte ersparen sollen: Macht Mama sich
549 1206 2964 1421 – machst Du Dir meinetwegen überhaupt zuweilen Gedanken?\:p\
538 1328 3473 1566 \p\Ach Hasi, es ist wohl falsch, eine solche Frage zu stellen. Ich müsste seit
531 1443 3480 1662 Jahren wissen, dass ich immer mit einer unkorrigierbaren Liebe an Euch
545 1569 3424 1736 u. besonders an Mama hing, u. immer, bei jeder Heinkehr, wie man so
549 1625 2033 1810 sagt, "eines auf den Kopf bekam" –\:p\
556 1744 3435 1937 \p\Dass man vielleicht glaubte, mit mir in Manchem, was ich tat, nicht
553 1848 3417 2052 einverstanden zu sein, ist keine Erklärung. Den[n] was ich vielleicht falsch
586 1963 3398 2152 machte, habe ich am bittersten selber bezahlt, u. habe in meinem
560 2059 3465 2263 schwierigen leben von zuhause nicht viel Rat u. Hilfe gehabt. Mir würde
553 2159 3454 2363 es nie einfallen, meine Geschwister jemals zu "kritisieren", noch kan[n]
564 2285 3484 2471 ich mir vorstellen, je so gleichgültig u. kalt gegen sie zu sein, wie ich
571 2371 3495 2623 es jetzt wieder an mir erfahren muss: Kein Gruss, kein Rat, keine Hilfe.
582 2482 3406 2705 Schau, Hasi: falls Du mir etwas vorzuwerfen hart, so musst Du es
582 2627 3332 2805 deutlich sagen. Aber einem Anderen, auch der eigenen Schwester,
586 2734 3502 2957 kan man nur Vorwürfe machen nach dem Mass der Liebe, das man
620 2823 1080 3016 ihr gibt ...\:p\
616 2953 3424 3191 Aber lassen wir das alles - es ist zu traurig, u. darüber nachzudenken,
612 3053 3402 3276 bedrückt u. entmutigt mich, nachdem ich ein Jahr lang, ganz allein,
605 3176 3417 3350 immer mutig war, immer für mich einstehen kon[n]te. – Aber denk Du
605 3287 3480 3476 vielleicht einmal nach, wie ich eigentlich mein Leben einrichten soll,
620 3406 3424 3588 um es erträglich zu machen, u. zugleich so, dass es Euch passt:
605 3484 3484 3662 ich habe es Dir klar genug geschildert, dass ich nirgens eine Aufent¬
631 3614 3469 3806 haltserlaubnis, noch die Mittel habe, um zu bleiben, – u. dies wegen
601 3751 3372 3888 einer falschen Nationalität, zu der ich keinerlei Beziehung habe –
646 3851 3402 4011 Claude schrieb mir, in seiner zutiefst loyaten u. humanen Art,
601 3992 3391 4151 er werde alles dazu beitragen, um die von mir gewünschte Tren[n]ung
634 4062 3365 4241 zu erreichen – aber es wird lange dauern. Inzwischen muss ich
1679 228 1741 258 4
692 292 3388 500 irgendwo leben, – u. selbstverständlich in der Schweiz, wohin
702 447 3317 601 ich gehöre, u. wozu meine Bindungen immer stärker wurden.
705 534 3347 705 Ich nehme, nach der Ansicht der Leute auf der Gesandtschaft,
719 651 3304 849 an, dass ich das Visum für längere Dauer leicht erhalten
729 762 3247 930 werde – u. werde Dir über die Daten meiner Abreise von
745 876 2488 1061 hier, dann von Tetouan, noch berichten.
705 990 3112 1178 \p\Inzwischen entschließt Du Dich vielleicht doch, mir
725 1115 3277 1252 zu schreiben, u. mir auch zu erklären, was das Still¬
739 1229 3210 1424 schweigen von Mama zu bedeuten hat. Schau, ich habe
745 1370 3354 1528 geglaubt, nach so viel Schwerem fähig zu sein, schlichthin
749 1487 3206 1672 jede äussere Lage zu ertragen, – u. ich glaube, dass ich
786 1608 3169 1813 für mich hicht viel beanspruche. Aber es gibt Dinge,
789 1763 3203 1931 die mir mehr antun als alles, – u. dazu gehört diese
782 1910 3163 2075 entsetzliche Lieblosigkeit, die ich empfinde – vielleicht
823 1974 3364 2172 täusche ich mich? Du denkst vielleicht nur nicht darüber
813 2122 3267 2344 nach, weil Du verwöhnt bist, akzeptiert, in einem sicheren
816 2317 3398 2485 Leben? – Jedenfalls, lieber Hasi, wünsche ich Dir, Adrienne
809 2417 3314 2626 u. Euren Kindern inzwischen alles Gute, u. hoffe, Euch
846 2525 3294 2740 bald gesund alle wiederzusehen. An Mama schreibe ich
833 2683 1051 2824 bald.\:p\
1743 2699 2555 2867 Herzlichst wie stets
2579 2780 2824 2971 Deine
2877 2881 3257 3055 An[n]emarie
