3486 4467
442 493 2694 762 HOTEL "DU PASSAGE"
426 598 1041 750 PROPR. JOS. JANSEN
442 720 1040 826 's-GRAVENHAGE
429 810 1693 925 THE HAGUE TELEFOONNUMMER 111848
861 877 1699 992 POSTCHEQUE EN GIRO No. 2492
1910 714 2835 797 HOTELS: „DE ZALM" – DEN HAAG
1914 781 3014 906 „KASTEEL VAN ANTWERPEN" – UTRECHT
1971 1120 3075 1354 Dienstag, 25 März [1935?]
2920 1301 3056 1337 [hs RS?]vor
2938 1290 3238 1450 Hochzeit
685 1450 3155 1725 Mein liebes Mameli! Ich schreibe Dir, damit Du
688 1642 3075 1830 früh genug weisst wan[n] ich nach Hause kom[m]e –
688 1782 3014 1965 ich fahre Ende der Woche wieder nach Paris
698 1920 3146 2125 weil aber der Freitag ein Feiertag ist, werden
675 2054 3242 2278 die Schneider nicht arbeiten, so dass ich sicher
662 2240 3229 2454 nach der Anprobe noch den Montag abwarten
650 2352 3053 2573 u. also erst Montag abend werde abfahren
669 2525 3069 2710 kön[n]en. Ich mache dann Dienstag in Basel
694 2678 3110 2883 noch einen Besuch, u. telephoniere Dir mit
707 2813 2954 3082 welchem Zug ich Dienstag mittag ankom[m]e.
691 3014 3136 3226 Hoffentlich ist es Dir so recht! Mein Besuch
704 3181 2957 3370 in Nantes war eigentlich sehr nett, die
723 3334 3293 3558 Eltern von Claude sind ziemlich alt, u. natürlich
774 3485 3114 3728 ist es schwer, einen richtigen Kontakt zu
774 3638 3136 3878 haben, weil sie doch keine Ahnung von mir
736 3792 3046 4006 haben – aber sie waren rührend zu mir,
778 3962 3142 4218 u. dan[n] war ja Claudes Schwester da, die
742 462 3038 739 ich sehr gerne habe. Wir fuhren auch aufs
742 674 3230 902 Land, wo Claude ein ganz altes Landhaus
755 788 3019 1006 hat, hoé-hive [? - in Biographie von Clarac überprüfen] heisst es, mit riesigem
775 983 2986 1169 Garten, einem kleinen Bauernhof u.
765 1094 2979 1325 Bretagner Bauersleuten u. Gärtnern in
785 1250 3256 1475 Holzschuhen. — Ich habe nun natürlich Paps
762 1407 3185 1644 nicht mehr in Paris gesehen. Hoffentlich
762 1586 2077 1752 hat er eine gute Reise!
749 1732 3080 1957 [p]Hier war ich gestern in Amsterdam u. hörte
749 1876 3103 2071 ein herrliches Konzert von Mengellberg. Ich
755 2022 3220 2208 finde die Stadt sehr schön – den Haag kan[n]te
762 2162 3341 2419 ich ja schon. – Aber was hier ist, interessiert
755 2344 3123 2543 Dich ja weniger, gell! – Also nur dies: ich
749 2465 3263 2712 bin Ende der Woche nochmals in Paris zu
739 2641 3328 2905 erreichen, 47 Av. de Jena, bei Claude Bourdet
768 2823 3328 3012 u. Dienstag zu Hause. Dan[n] muss gepackt werden.
716 2953 3243 3172 In Paris habe ich mich noch gegen Pocken impfen
733 3090 3351 3338 lassen u. hatte sehr starke Reaktion – Gott die Dank
723 3211 3328 3474 musst Du das nicht auch noch machen! Mameli,
733 3383 3250 3627 die Reise wird hoffentlich schön u. still – u.
762 3559 3217 3745 Claude schreibt mir, wie froh er ist Dich in
762 3738 3220 3908 Beyrouth zu sehen! Kön[n]ten wir nicht doch
765 3836 3279 4077 Gundi noch mitnehmen? Es wäre doch einfach
768 3986 3087 4233 fein – u. dass Margot mitkommt, ist dazu
531 935 568 3946 kein Hinderungsgrund. Aber das überlasse ich ganz Dir. –
381 962 429 3196 Nun alles Liebe, u. Grüsse an Euch alle –
277 2602 316 2868 Deine
150 3090 194 3545 An[n]emarie
