3572 4518
2384 108 3168 336 [Anfang Aug. 1934]
376 323 1209 493 ANNEMARIE SCHWARZENBACH
679 438 921 562 DR. PHIL
735 660 2816 941 \p\Lieber Hasi, wenn ich es mir recht überlege,
735 875 3090 1062 so ist es doch für Dich u. mich ein grosses
768 986 3034 1202 Glück, dass wir Gelegenheit haben, Papa in
715 1130 3113 1333 einem schwierigen Moment einen Gefallen zu
722 1271 3057 1434 tun, wenn es sich auch nur um eine kleine
728 1401 3087 1643 Erleichterung handelt. Ich denke, wir wollen
715 1561 3250 1761 ihm morgen vorschlagen dass er über die Hälfte
732 1679 3132 1950 unseres bisherigen Einkom[m]ens verfügen soll.
706 1839 3168 2045 Es ist natürlich dum[m], dass ich gerade jetzt mit
692 1956 3185 2179 dem Merzedes etc so viel Ausgaben hatte, aber ich
735 2087 3263 2404 gebe einfach die geplante Reise auf u. werde mich
732 2260 1894 2417 dann schon einrichten.\:p\
725 2371 1578 2574 \p\Also gute Nacht!\:p\
732 2548 3057 2780 P.S. Übrigens, was die Angelegenheit mit der
738 2701 3364 2940 deutschen Grenze betrifft: ich wollte mich natürlich
741 2851 3021 3087 nicht damit "entschuldigen", dass die Nazis
764 2946 3381 3191 Halunken seien – Den[n], da ich Schweizerin bin, war
781 3077 3368 3315 ich ja zu keiner politischen Stellungnahme gezwungen.
781 3234 3335 3436 Aber der ganze Fall kam auch gar nicht wegen
797 3354 3247 3560 so etwas zur Sprache, sondern einfach, weil Herr
794 3456 3322 3645 v. Schmidt-Pauly, der der letzte Dreck von einem
803 3573 3364 3808 schmierigen Kerl ist, sich durch billige Emigran¬
833 3710 3335 3900 ten Beschimpfung beliebt machen wollte u. dabei
813 3792 3305 4040 der Staatspolizei mitteille, ich sei, da ich mit
813 3952 3230 4187 der Familie Mann befreundet sei, Spionage¬
856 4040 3123 4354 verdächtig! Du siehst, die Schuld, die ich
672 348 3277 597 auch gar nicht abstreite ist, dass ich überhaupt
718 554 3296 774 solche Subjekte wie jenen Herrn v. Schmidt-Pauly
715 669 3064 830 ken[n]e! Darüber hinaus wirst Du aber auch
718 840 3146 991 nicht von mir erwartet haben, dass ich, als
725 922 3300 1158 Schweizerin, meine besten Freunde verleugne, nur
768 1079 3313 1292 weil sie in einer sehr extremen (u. mir zutiefst
748 1250 3260 1460 zuwideren) Periode der politischen Entwicklung
797 1394 2900 1574 Deutschlands in Ungnade gefallen sind.
748 1483 3224 1709 \p\Dass es aber Papa einfach unangenehm ist,
751 1620 3083 1856 weil jemand von uns an offizieller Stelle
748 1765 3172 1998 Schwierigkeiten hat, verstehe ich auch ganz
748 1955 3172 2158 gut. Im[m]erhin ist ja das System nach u.
764 2099 3116 2253 nach moralisch so grausig blossgestellt,
738 2207 3260 2463 dass ich wirklich darauf pfeifen kann, dort auf
738 2362 2401 2578 einer schwarzen Liste zu stehen!\:p\
758 2552 3392 2736 \p\Weisst Ihn, dieses Hinweggehen über alle Begriffe
761 2709 3319 2909 uralten, Völkerrechts – u. Friedens, dieses "Führer¬
784 2840 3146 3034 prinzip“ welches einfach die Bindungen u.
787 2945 3264 3182 Freiheiten des einzelnen Staatsbürgers leugnet,
777 3093 3054 3296 diese frechen Eingriffe (Österreich!) u. dieses
764 3224 3159 3447 leugnen von Vernunft u. Einsicht zugunsten
784 3369 3168 3588 von bleichen u. sturen Instinkten – die alles,
784 3519 3401 3733 verbunden mit den wirtschaftlichen Misserfolgen –
787 3670 3106 3884 das kan[n] eben nur schlim[m] zu Ende geben.
764 3795 2982 4015 Ich habe mir überlegt, dass noch keine
800 3966 2932 4179 Regierung es zustande gebracht hat
521 749 638 3380 Deutschland in der Welt so verhasst zu machen
410 775 459 1752 u. so zu isolieren.\:p\
276 776 311 4264 \p\Das alles ist: der Sieg des "boche" über den Deutschen. Und ich bin
145 792 185 4256 froh, dass ich mich darin nie habe beirren lassen. (Punkt, erledigt)\:p\
