1925 2469
1235 352 1463 450 1. Juli
262 509 788 602 HOTEL ASTORIA
369 589 682 658 BADGASTEIN
347 627 710 742 TEL: INT. 250 & 251
352 707 1488 852 Vieux Claude, je commence à être
348 827 1487 910 verveuse à propos de toi. C'est
348 907 1693 1020 pourquoi j'ai envoyé le télégramme.
365 993 1693 1115 Je suis à Gastein avec Maud Thyssen
352 1079 1625 1213 que j'aime beaucoup. Erika arrivé
331 1157 1617 1302 en Tyrol en 14 jours. Je ne peux
353 1260 1705 1402 pas trop bouger, parceque je travaille
335 1343 1637 1487 et parce qu' il faut que je finisse
333 1444 1690 1578 tout ce qui concerne mon livre de
365 1553 1627 1703 voyage avant mon départ pour
348 1651 1519 1745 Teheran. Et voilà, il me reste
359 1732 1605 1887 qu' un mois! Tu comprends aussi
374 1855 1683 1996 que je suis terriblement reisemüde,
362 1969 1669 2106 et il me faut quelques semaines
372 2068 1411 2187 de travail. J'ai eu des
431 343 1616 449 affaires fort desagréable à Berlin
430 420 1740 567 et puis, à Bocken. Je t'en parlerai
433 529 1693 678 la première semaine d'Août, j'ai
431 639 1624 768 à faire en Engadine et Tessin
422 773 1563 899 et puis-il faut rentrer à
449 863 1626 1000 Bocken, et quitter l’Europe.
449 990 890 1117 vers le 15.
431 1103 1715 1227 Je serais plus que malheureuse
435 1193 1572 1345 si je ne pourrai te voir. Et
423 1310 1626 1434 Surtout il faudrait que je te
456 1408 1563 1550 parle avant que j'aille en
431 1550 1583 1671 Engardine et Tessin, weil ich
423 1653 1616 1743 dort unter anderem ein Haus
395 1768 1077 1882 für mich suche.
410 1831 1706 1990 Aber, selbst wenn ich nach Grenoble
417 1952 1729 2072 kome, wäre es nicht das Gleiche.
433 2072 1696 2206 Ich möchte sehr, dass Du auch
389 2157 1312 2294 Maud Thyssen siehst.
427 298 1678 458 Je me demande si tu ne peux pas
427 401 1743 608 avoir un congé spécial de 4 jours.
434 531 1702 673 Si ce serait serait quelquechose
406 651 1708 782 de très urgent, tu l'obtiendrai
397 750 1626 864 sans doute! Tu peux prendre
404 854 1700 1019 l'avion de Genève à Salzburg, et
419 989 1662 1110 Maud et moi nous viendrons
434 1054 1675 1233 te rencontrer avec l’auto, oùu
392 1174 1690 1335 le chaffeur te cherchera là-bas
411 1304 1736 1411 et t'amènera à Gastein, c'est
447 1436 866 1555 tout près.
444 1538 1573 1669 Dits à ton major, que c'est
437 1631 1604 1766 important. Persien ist so weit
427 1766 1560 1875 nachher. Faits ton possible.
435 1825 1702 2005 Télégraphie ton arrivée à Salzburg
442 1992 735 2089 ou ici.
844 2013 1598 2153 A toi, cher Claude.
434 2135 1515 2303 je t'attends, séreusement. A.
666 612 707 1917 Was sagst Du zu Deutschland?!
475 819 683 910 ExPR
639 1109 1392 1268 Leutnant Bourdet
683 1251 1453 1417 12, Place St. Claire
630 1358 1360 1469 Camp des Rochilles
1085 1435 1438 1530 Grenoble
745 1508 1783 1609 par St Michel de Maurienne
1085 1627 1525 1734 Frankreich
927 1666 1008 1774 Hte
1007 1676 1300 1817 Savoïe
