3467 4637
1984 184 3082 484 Fetan am 17. X
445 491 1680 773 Liebe Herr Pfarrer,
441 681 3029 985 Ich danke Ihnen vielmals für Ihren
466 872 3036 1172 Brief. Ich glaube, die Feier in Rein
381 1045 2648 1348 muss sehr schön gewesen sein! –
1691 1243 2072 1380 von mir
417 1288 3068 1557 Warum haben Sie [von mir] mich als werdende
427 1444 2877 1709 Schriftstellerin geredet? Ich glaube
445 1617 2962 1885 nicht, dass ich es jemals werden
417 1811 2976 2076 kan[. Ich weiss überhaupt nicht,
420 2026 3050 2238 was werden soll, wenn ich von hier
448 2132 1126 2355 fort bin.
501 2330 3258 2545 In 8–10 Tagen mache id mein 1.  Examen.
395 2422 3226 2686 Ein bisschen müde war ich die letzten Tage
388 2619 3022 2863 u. darum sehr niedergedrückt. Aber
438 2757 3188 3011 ich habe von so vielen Seiten Ermahnungen
452 2955 3202 3135 bekommen, dass ich und dazu bekehrt
399 3103 3124 3329 habe, nicht mehr zu lernen, sondern
431 3255 2969 3519 in den Wald, u. in die Berge zu
392 3449 2595 3671 gehen. Es ist so viel schöner!
438 3586 2948 3823 Darum auch schreibe ich Ihnen kurz –
455 3728 2736 4035 u. ich freie, mich wenn ich später
420 3897 1493 4070 mehr Zeit habe
1687 4109 2796 4430 Ihre An[emarie
