2802 3566
322 307 949 407 ANNEMARIE SCHWARZENBACH
547 380 743 460 DR. PHIL.
1387 290 1856 399 Moscou, 31 Aout
578 649 2444 741 Mon cher ami, ich sehne mich sehr darnach, von Dir Nachricht zu
879 735 2430 770 bekommen, aber gerade bin ich im Begriff, nach Baku abzureisen -
607 782 2419 819 welche Strecken durch das grosse Russland! -  und es bleibt mir
593 816 2505 881 nichts übrig, als Dir zu sagen, dass ich vermutlich in 2-3 Wochen
593 862 2437 927 in Teheran[gesp], sein werde - Adresse: Amerikanisches Konsulat-
590 920 2391 983 denn ich werde leider nicht auf der deutschen Gesandtschaft
598 975 2415 1033 wohnen, und ich hasse die Nazis ein wenig mehr dafür. Auch ein
595 1007 2480 1082 Telegramm werde ich Dir heute schicken, damit Du wenigstens von
615 1070 2502 1150 meiner Existenz erfährst - man ist hier weit fort. Klaus ist über
595 1118 2360 1191 Finnland bereits nach Amsterdam unterwegs - ich habe ihn bis
593 1171 2297 1246 Leningrad begleitet. Eine enorme Stadt, und überaus schön:
598 1237 2374 1287 grosse Paläste ziehen sich Front an Front der Neva entlang,
598 1270 2435 1338 unter nördlich hellem Licht, doch nach ihren Ausmassen und ih¬
598 1314 2495 1387 rer despotischen Einsamkeit schon asiatisch - “so dass man dahin¬
595 1384 2362 1440 ter nichts als die Steppe vermutet“, wie Malraux mir sagte.
603 1404 2524 1491 Jch fuhr allein nach Moskau zurück- und bin allein hier, wenn auch
598 1474 2422 1546 von einer Menge netter und freundlicher Menschen umgeben. Ich
598 1527 2362 1592 liebe unter ihnen Deine Landsmänner, vor allem Jean-Richard
593 1551 2531 1655 Bloch mit dem ich gestern ein kleines, sehr ermunterndes Gespräch
595 1643 2413 1696 geführt habe. Auch ein junger Metteur en scène ist da, aus der
598 1682 2413 1735 Franche-Comte - es ist sonderbar, dass jetzt und hier nicht nur
598 1730 2422 1800 die nahe Verwandtschaft von Franzosen und anderen "Europäern"
603 1788 2396 1849 (wie mir selbst) zu Tage tritt, sondern dass ich mich diesen
590 1834 2362 1902 auf eine so angenehme Art zivilisierten, un-doktrinären, und
598 1885 2413 1953 geistigen Menschen viel näher fühle als den Deutschen, obwohl
598 1936 2471 1999 (oder weil?) nur politische Emigranten hier sind. Aragon ernin¬
593 1987 2444 2055 nert mich zuweilen auf eine vague Art an Dich. Jch möchte, dass
590 2035 2391 2101 Du hier wärst, und ich mochte dass Du bald Gelegenheit haben
617 2074 2507 2149 wirst, Gustav Regler kennen zu lernen. Jch habe Dir schon von ihm
598 2137 2514 2209 geschrieben - Jch bin jetzt viel mit ihm und seiner Frau zusammen
598 2190 2422 2248 - sie ist eine blonde, zart-bäuerliche Norddeutsche, und leidet
590 2236 2427 2306 noch mehr als ich unter den Umständen die sie hierher und in
590 2287 2444 2355 diesen Zustand gebracht haben. Sie hat Heimweh. Jch brauche - ir
595 2321 2505 2398 nicht zu sagen, dass ich auch ein wenig daran leide - und manchmal
593 2393 2514 2461 frage ich mich, welcher Teufel mich dazu zwingen mag, mich diesen
590 2447 2326 2497 seltsamen Selbst-Prüfungen zu unterziehen - Jch bin doch so
595 2476 2529 2556 ungern[gesp] allein. Aber - Russland ist etwas anderes als der aben¬
595 2551 2456 2621 teuernde Winter des letzten Jahres. Jch bin überzeugt dass man
598 2594 2507 2657 sich heute mit der UdSSR befassen muss, um überhaupt übere unsere
593 2643 2502 2708 Zukunft ein Urteil zu bekommen. Dass wir uns trotz allem Positi¬
603 2693 2451 2759 ven hier nicht glücklich fühlen, liegt an anderen Dingen - Klaus
590 2752 1716 2810 und ich waren uns darüber ganz einig.
598 2800 2391 2894 Je ne suis pas encore libre. C’est grotesque,mais C'est vrai
598 2851 898 2919 quandmême.
593 2877 2430 2960 Lieber Claude, was hast Du eigentlich vor, nach Deinem Service
590 2960 2432 3018 zu tun? Falls Du in das Saargebiet fährst, würdest Du dort von
598 3008 2507 3073 Oktober bis Januar Regler treffen können. Es wäre eine Parallele
603 3052 2362 3127 zu Oesterreich. Falls Du Zeit und Lust hast, könnten wir uns
593 3088 2539 3165 auf meiner Heimreise irgendwo treffen - ich nehme an, dass ich doch
595 3153 2507 3219 über Baghdad-Syrien reisen werde, da ich in Baghdad einen Freund
593 3206 990 3332 sehen will, u
656 491 2453 596 und vielleicht auch dessen Wagen in Persien habe und zurück¬
658 574 2420 639 bringen muss. Jn diesem Fall hätten wir die Möglichkeit, uns
651 639 2453 691 in Syrien (Beyrouth) oder erst in Jstanbul zu treffen. Syrien
658 682 2539 732 wäre aber für Dich sehr viel lohnender. Falls ich über Russland
656 732 2441 787 zurückreise (ich glaube es aber nicht) - könnten wir uns immer
653 770 2567 846 vor Weihnachten in Ascona oder in Paris sehen. Schreibe mir nach
651 832 2417 884 Teheran. Jch weiss wirklich gar nichts von Dir - und bald ist
656 887 2174 954 ein Jahr vergangen seit dem wir uns gesehen haben.
658 934 2384 982 Jch war hier ein bischen krank, aber es ist wieder vorbei -
658 980 2446 1042 Heute abend lese ich im Radio etwas vor - Morgen ist hier der
658 1032 2443 1108 grosse internationale Jugendtag gegen Krieg und Faschismus.
653 1075 2498 1163 Adieu, lieber Claude - es ist ein zerfetztes Briefchen geworden,
658 1135 2455 1201 aber ich bin heute nicht so recht auf der Höhe - und was soll
651 1187 2205 1247 man dagegen tun! Je suis d'une faiblesse incroyable.
887 1421 1557 1516 Très tendrement à toi
1540 1645 1642 1757 A.
544 1197 841 1296 BOZA.Y.L.IIHAR
612 1262 784 1344 NOMTA
1070 1215 2171 1418 Hotel Astoria
542 1319 843 1400 Par avion
963 1412 1248 1499 Leningrad
1792 1436 2186 1548 Gertzen str., 39
668 1559 915 1656 Airmail
779 1781 1625 1868 Lieutnant Claude Bourd
864 1876 1308 1965 47 Av. de Jéna
609 2021 809 2116 France
610 2114 869 2209 nopusie.
664 115 794 190 0
1388 320 1855 432 Moscou, 31 Aout
774 324 953 430 NBACH
668 463 790 560 10
713 523 807 649 1
783 664 2442 779 er ami, ich sehne mich sehr darnach, von Dir Nachricht zu
825 750 2433 827 A, aber gerade bin ich im Begriff, nach Baku abzureisen-
759 796 2407 863 Strecken durch das grosse Russland!- und es bleibt mir
763 830 2506 907 übrig, als Dir zu sagen, dass ich vermutlich in 2-3 Wochen
770 898 2433 958 heran, sein werde-Adresse:Amerikanisches Konsulat-
779 960 2387 1013 h werde leider nicht auf der deutschen Gesandtschaft
772 988 2418 1070 und ich nasse die Nazis ein wenig mehr dafür.Auch ein
774 1055 2475 1125 mm werde ich Dir heute schicken, damit Du wenigstens von
825 1103 2502 1158 Existenz erfährst-man ist hier weit fort. Klaus ist über
777 1138 2352 1222 d bereits nach Amsterdam unterwegs-ich habe ihn bis
1341 1209 2301 1271 enorme stadt und überaus schön:
772 1209 1183 1273 ad begleitet
1778 1258 2372 1328 int der Neva entlang,
783 1255 1202 1359 Paläste
1487 1275 1761 1366 necker ICLASSIC,
1783 1293 2431 1379 ihren Ausmassen und ih¬
772 1308 1035 1374 ördlich
1778 1359 2497 1425 isch-“so dass man dahin¬
779 1363 1030 1425 potisch,
1794 1412 2347 1483 Malraux mir sagte.
779 1412 1030 1489 hts als
779 1458 1028 1529 allei
1778 1436 2517 1542 bin allein hier, wenn auch
1796 1509 2425 1593 Menschen umgeben. Jch
770 1516 1035 1580 er Meng
761 1562 1033 1633 inter ih
1800 1560 2356 1635 allem Jean-Richard,
759 1613 1010 1681 it dem.
1778 1586 2526 1694 ehr ermunterndes Gespräch,
774 1661 1028 1739 habe.
1803 1659 2409 1730 scene ist da, aus der
1772 1716 2405 1780 ist und hier nicht nur
761 1765 1024 1833 Verwa¬
1774 1765 2416 1833 nd anderen "Europäern
761 1816 1030 1891 der selbst
1783 1814 2392 1891 dass ich mich diesen
766 1862 1024 1937 ie so an
1783 1862 2365 1935 un-doktrinären, und
763 1922 1026 1986 en Mens
1796 1904 2411 1992 den Deutschen, obwohl
1774 1966 2467 2023 hier sind.Aragon erhin¬
752 1964 1026 2039 veil?) n
763 2014 1026 2092 ch zuwe
1769 2012 2451 2080 n Dich. Jch möchte, dass
1767 2063 2385 2142 ld Gelegenheit haben.
832 2069 1019 2136 wärst.
768 2116 1030 2204 Gustav K
1767 2111 2506 2184 h habe Dir schon von ihm
752 2169 1028 2246 eben-Jc
1776 2173 2513 2239 und seiner Frau zusammen
759 2219 1002 2294 t eine
1774 2224 2425 2294 rddeutsche, und leidet
1772 2279 2418 2347 ie sie hierher und in
763 2272 1006 2341 ehr als
755 2323 1024 2394 Zustand
1776 2321 2447 2383 einweh.Jch brauche -ir.
755 2376 1024 2451 u sagen
1774 2372 2506 2438 daran leide-und manchmal
755 2422 1024 2495 ch mich
1803 2427 2509 2506 zwingen mag, mich diesen
759 2422 1705 2546 =ien Selb  hundenehmnehmung und
1688 2462 2325 2550 en-Jch bin doch so
752 2522 2522 2592 r n allein. Aber-Russland ist etwas anderes als der aben-
768 2577 2453 2643 le Winter des letzten Jahres. Jch bin überzeugt dass man
774 2608 2504 2685 eute mit der UdSSR befassen muss, um überhaupt übere unsere
830 2678 2506 2747 ein Urteil zu bekommen. Dass wir uns trotz allem Positi¬
772 2731 2449 2800 er nicht glücklich fühlen, liegt an anderen Dingen-Klaus
772 2786 1719 2839 waren uns darüber ganz einig.
766 2820 2389 2921 suis pas encore libre. C'est grotesque, mais c'est vrai
766 2881 902 2961 eme.
805 2912 2416 2985 Claude, was hast Du eigentlich vor, nach Deinem Service
761 2978 2425 3049 — „Falls Du in das Saargebiet fährst, würdest Du dort von
832 3027 2506 3100 bis Januar Regler treffen können. Es wäre eine Parallele
752 3087 2361 3155 erreich. Falls Du Zeit und Lust hast, könnten wir uns
768 3133 2531 3210 ner Heimreise irgendwo treffen-ich nehme an, dass ich doch
763 3190 2509 3248 aghdad-Syrien reisen werde, da ich in Baghdad einen Freund
768 3241 988 3358 vill, u
