1896 2472
1000 236 1717 395 Bocken der 5 Sept.
250 550 880 766 Lieber Papa!
157 747 1794 908 Hast Du die F Pfirsiche beckom¬
149 947 1639 1116 men? Ich danke Dir für den
214 1150 1552 1324 Brief. Am Montag waren
173 1299 1692 1464 wir in Meilen. Der Bitterli war
173 1497 1774 1655 in einem Militärauto u. einigen
177 1660 1633 1816 Soldaten det [Zürcher Dialekt für 'dort'] um etwas in der
171 1877 1576 2028 Garasch zu holen. Die Anna
179 2048 1594 2220 ist in den Ferien. Viele Grüsse Dein
1399 2201 1647 2366 Fritz
1019 82 1745 263 Bocken, den 5 IX.
239 308 873 524 Lieber Papa,
110 512 1704 767 wie geht es Dir? Uns geht es allen
173 701 1621 958 gut. Heute dürfen wir nach
133 901 1772 1068 Meilen. Wir haben feines Wetter.
179 1054 1641 1346 Gestern bin ich Velo gefahren.
149 1254 1729 1492 Ich kann es bald. Wir schwelgen
114 1429 1655 1715 in Pfirsiche. Gestern war der
149 1682 1611 1974 Hansi wie ein kleiner Teufel.
181 1894 1621 2153 Ich konnte ihn fast nicht
133 2106 1547 2269 wecken und es war bald
83 98 1575 277 vier. Und dann hat er sich
106 257 1767 465 fast nicht lassen anziehen. Aber
100 424 1740 653 dann, als die Babette kam, da
90 640 1748 903 hat er ein ganz anderes Gesicht
127 847 1790 1112 gemacht. Kommst Du bald heim?
148 1039 1659 1218 Hast Du schon Nachricht von
127 1256 1780 1446 Mama? Wir noch nicht. Meme
86 1440 1617 1725 hat am Montag bekommen,
75 1621 1508 1809 aber nur eine Karte. Sind
106 1800 1648 2082 die Pfirsiche gut. Ich hoffe es.
123 2015 1796 2307 Jetzt sind alle J jungen Schwein[add from below: ne]
155 194 1802 428 verkauft für 2000 Fr. Eins ist nach
174 351 1734 579 Thalwil gekommen. Den Pferden
171 533 1812 791 geht es gut. Der Mann ist sehr
196 707 1810 919 lieb mit Ihnen. Der [add from above: Herr] Schwizer
209 893 1738 1110 fährt immer mit den Buben
174 1093 1703 1281 die Milch und dann essen
153 1279 1690 1451 sie 3 Säcke Bonbons. Gell, das
219 1496 1591 1665 ist doch viel. Sonst sind
252 1653 1667 1934 wir aber alle kreuzfidel.
184 1843 1847 2037 Wir schiessen mit Bogen und schauen
174 2004 1296 2165 Wer die besten Pfeile hat.
998 2062 1783 2283 Viele Grüße von
641 2178 957 2314 Deiner
1205 2296 1616 2397 Suzanne
