4851 6124
1046 1168 4205 1512 E. – jetzt bist Du, denke ich, von der
1063 1390 4488 1704 kleinen Eisesfahrt wieder zurück, ist
1150 1621 4305 1926 Dir der Ford nirgens [sic] eingefroren?
1085 1830 4131 2153 Mein Victory wollte beinahe in
1133 2013 4588 2357 Dampf u. Flam[m]en aufgehen als ich
1129 2240 4501 2580 ihn nachts ganz allein stehen liess
1137 2436 4519 2811 u. mich mit Roby Frey im Kellner¬
1163 2676 4419 2906 club herumtrieb – was, nebenbei,
1159 2898 4628 3246 sehr aufregend war weil ich doch so
1111 3107 4575 3460 ausgesprochen u. im[m]er noch Angst vor
1177 3320 4449 3630 Transvestiten habe die wie grosse
1207 3534 4410 3883 Nachtvögel herumirren u. dort
1181 3739 4667 4118 aber geradezu scharenweise eintrafen.
1203 3970 4580 4240 Auch Hansi Sturm war dabei die
1168 4166 4532 4514 ein Auge auf mich warf – u. mir
1172 4344 4471 4745 sogar gefiel solange sie nicht in
1116 4554 4623 4872 die Nähe kam. – Ich sitze bei Doris um
1111 4780 4597 5137 nur ja dem Jack Ripper zu entgehen
1055 5029 4388 5303 der mich dauernd besuchen will,
1081 5251 3277 5530 der schreckliche Mensch.
1025 838 4369 1183 Und heute ist schon Dezember. Ja, vor
1006 1113 4499 1388 Weihnachten möchte ich, wenn es sich
987 1337 4481 1579 mit Deinen Plänen vereinen lässt –
1048 1509 4494 1868 ganz unumgänglich nach München
1025 1761 4518 2054 kommen, u. zwar am 21.– dan[n] fahre
1011 1975 4522 2305 ich am 23. früh nach Hause. Hast Du
1039 2198 4578 2557 schon an Skiefahren u. Lenzerheide
978 2441 4415 2790 im Januar gedacht? Tu es ernstlich –
969 2720 4578 3013 – Uns geht es sonst recht gut, nur bin ich
945 2878 4304 3172 noch nicht viel gesünder trotzdem sich
959 3121 4415 3372 Ursula sehr nett u. fürsorglich zu mir
955 3288 4453 3633 beträgt. Sie ist sehr schwierig für mich.
936 3493 4476 3768 Und hast Du schon an ernstliches Weg¬
904 3693 4513 4010 fahren im Som[m]er gedacht? Warum sollte
941 3908 2995 4187 man es nicht tun, E. –
964 4266 4602 4546 ich denke sehr viel nach u. arbeite so viel
959 4490 4369 4793 wie es eben geht. Ich habe eine Novelle
927 4681 4499 5016 angefangen [wahrscheinlich lyrische Novelle], der Roman [ev. Flucht nach oben] ist fertig (grossen¬
932 4904 4425 5249 teils neu geschrieben) bis auf zwei letzte
927 5072 1933 5351 Abschnitte —
932 5300 4671 5575 Ist Kathrin Holland begabt? Ist Gabrielle Tergit
964 5421 4453 5747 begabt? Ist Hellmert – oder Ebermayer begabt
959 5640 2701 5850 oder Doris, oder ich?
862 5780 4266 6045 Adieu E., denke daran dass der Ford
632 1074 694 3821 uns erhalten bleiben muss.
373 1004 494 5063 Grüss den Klaus. Theres ebenso, von Herzen
246 2506 280 3575 Unverändert
191 3871 253 5087 Dein Kind A
