5132 6533
868 808 1755 1170 26. XII. 31
850 1268 4412 1588 Eri, wir haben, d.h. Mama hat, zu
831 1509 4096 1876 Weihnachten einen prächtigen
878 1792 4323 2164 riesengrossen, mit Gram[m]ophon,
910 2066 4286 2364 zweckdienlich kombinierten u.
887 2262 4351 2512 nach Fredis Aussage unfehlbar
887 2503 4282 2800 funktionierenden Radio bekom[m]en
868 2717 4286 3042 so dass ich also das Wechseljahr
882 2977 4309 3227 am Sylvesterabend, u. auch den
971 3195 4133 3506 Tasso (wan[n] soll der aber sein?)
878 3427 4017 3636 vernehmen kann. Ich bin aber
887 3678 4179 4031 unmodern u. widerspenstig genug
906 3924 4207 4235 um diese Art des Kontaktes, die
845 4138 4226 4481 doch imaginär u. betrügerich ist,
943 4342 4179 4727 im Grunde zu verabscheuen – u.
864 4621 4286 4936 würde sogar im Kino Qualen er¬
882 4839 4574 5196 dulden (wovon "Mädchen in Uniform"
933 5080 4458 5456 mir einen Vorgeschmack gab) we[n]
892 5303 4207 5596 ich Dich spielen sehen u. dabei
924 5582 4658 5939 irgendwo ganz anders wissen müsste.
929 5800 4621 6144 – Übrigens, das königliche Diner verlief
984 6018 4634 6404 sehr prachtvoll u. ohne die Königin
761 305 4678 740 von Rumänien – das war eine Fehlmeldung –
823 543 4518 900 dafür mit zwei Töchtern des Königs
854 756 4487 1009 von Spanien. Im[m]erhin kam ich mir
818 994 4264 1366 etwas "zum Hofdienst befohlen" vor,
838 1206 4668 1568 was sich am nächsten Tag – zunächst
890 1454 4797 1842 im Haus des Infanten u. dan[n] bei einem
952 1677 4875 2044 "Ball” (!) fortsetzte – Die Prinzessin Beatrix
895 1972 4932 2241 erwies sich aber als sehr reizend – Trotzdem
828 2075 4984 2468 bleibt die überstürzte Reis Abreise von München
823 2282 4963 2619 ärgerlich u. erbitternd, u. ist sicher mit daran
797 2510 4621 2769 schuld dass ich mich wieder einmal in
807 2696 4714 3115 den einfachsten Lebensfragen überhaupt
890 2976 4839 3322 nicht zurecht finde u. grübelnd unbe¬
833 3141 4813 3519 friedigt u. entsetzlich viel lesend meine
906 3379 4833 3835 Zeit verbringe. Meine Mama – ich will es Dir
859 3685 4875 4005 doch mitteilen – ist weder böse noch auch
885 3850 4901 4306 im Geringsten nur verstim[m]t, ich reite mit
875 4156 4740 4399 ihr u. Hasi durch verschneite u. son[n]ige
849 4342 4595 4745 Landschaft u. finde, dass Du, Eri, wen[n]
895 4595 4942 5020 nicht ganz unüberwindliche Hindernisse
947 4833 4720 5253 sich dagegen stellen, unbedingt Skie¬
994 5108 4833 5434 laufen kommen sollst, ich freue mich
937 5429 4740 5755 viel mehr darauf als ich Dir, so in
926 5625 4419 6029 der Geschwindigkeit, sagen kann –
963 622 4273 975 den[n] inzwischen müsste ich mich schon
984 846 4316 1204 wieder zum Feiern bei Grossmama
963 1105 4139 1437 gebührend waschen u. schmücken,
993 1299 4290 1636 was alles seine Zeit braucht – Sag es
980 1571 4346 1787 Medi noch einmal, wie sehr mich
971 1791 4420 2145 die Pferdeköpfe erfreuen – Sag ferner
963 2033 4299 2322 der Theres dass ich sehr betrübt
963 2288 4221 2624 war sie nicht gesehen zu haben –
971 2508 4424 2831 sag Klaus u. allen meine Festtags-
1092 2857 4562 3159 jetzt schon Neujahrsgrüsse, hoffentlich
967 3077 4269 3462 geht es seinen Augen wieder gut?
1213 3626 4087 3932 Sei selbst vielmals umarmt u.
1226 3893 3250 4148 schreibe bald an Dein
3159 4005 3975 4325 Kind A
