5104 6559
3009 419 4940 783 Bocken, am 24. Dezember
968 1352 4900 1612 E. – mit dem Victory ist u. bleibt es eine rechte
993 1577 4890 1901 Tragödie, da steht er ganz zusammengebrochen
1008 1766 4736 2061 in der deutschen Festspielstadt [Bayreuth?] u. man
943 1926 4616 2255 schreibt mir dass er ein neues Rad u.
933 2171 4611 2465 Ettliches mehr benötige – was, alles
948 2415 4940 2744 zusam[m]engerechnet, sicher soviel kosten wird
913 2530 4671 2889 als ich jemals als Kaufpreis für den
923 2685 4940 3114 Wagen erziele. Und Hanna schreibt mir heute
883 2959 4795 3244 dass sie überhaupt nicht über München
938 3144 4905 3478 fahren wolle oder könne (nachdem ich mir
928 3253 4910 3613 so klug vorkam, ihre gesteppten Decken nach
938 3533 4830 3842 München zu senden) Inzwischen schreibe ich
928 3733 4376 3967 wohl oder übel, u. mit Fleiss, das
948 3862 4885 4112 Zirkusbuch [Buch von der Schweiz?] u. wünsche Du wärsts, weil
978 4037 4775 4321 Du es wirklich besser kan[n]st – übrigens:
938 4217 4790 4576 der Hasi protestiert beftig, es wäre ihm
983 4436 4880 4765 eine Ehre, sagt er, Deine Mutter persönlich
1013 4646 4835 4940 begrüssen zu dürfen, damals sie er nur
943 4825 4800 5145 eben in den Arlberg-Skiekurs gefahren, u.
938 5000 4371 5329 seine Adresse laute bei Frau Schmied
953 5170 4621 5549 Leopoldstr. 36 [Hasi also vermutlich zu dieser Zeit in München – überprüfen bei/mit Alexis] – Wir haben auch fest¬
968 5409 4915 5734 gestellt dass wir keine falschen Rücksichten
958 5629 4830 5913 gegen unsere einsichtige Mutter zu nehmen,
988 5798 4691 6068 brauchen da alle Neffen, Grossneffen
968 6018 4232 6322 u. Enkel zu Weihnachten mit dem
819 454 4726 819 "Stoffel" [EMs erstes Kinderbuch] beschenkt werden – der überhaupt,
773 716 4633 1031 nach Herr Müllers Information, in Zürich
804 917 4901 1216 gut u. gern verkauft wird. Zürich ist einer¬
789 1175 4932 1428 seits so öde andererseits so familiär-freund¬
716 1371 4680 1634 lich wie stets, u. Weihnachten passt ganz
773 1526 4891 1835 gut hierher. Ich erhole mich, nach u. nach nur,
758 1706 4757 2036 von den Bedrängnissen die in Berlin von
706 1897 4824 2221 Mops ausgingen u. denen ich – Du weisst
794 2139 4473 2463 s ja – doch nur halb gewachsen war.
778 2340 4479 2644 Marie lässt nicht von sich hören – ich
825 2572 4623 2840 wünschte sie würde ein paar Tage Skie¬
794 2835 4937 3149 laufen kom[m]en, u. dies im Engadin, meinem
809 3041 4850 3396 "ureigensten" Boden wo ich mich sicherer bewege,
819 3298 3994 3649 u. leichter fühle als anderswo –
819 3479 4891 3814 \p\Inzwischen, E., musst Du schon beinahe an der
819 3700 4963 4123 Hauptprobe sein – ob Sybille Schloss gelernt
804 3922 4618 4272 hat? Bist Du nervös, fiebrig, sehr ange¬
814 4180 4932 4515 strengt? Ich stelle mir wieviel Du zu tun u.
866 4391 4912 4721 zu bedenken hast wie einen Alpdruck vor –
850 4623 4757 4942 u. wage nicht Dir mehr als anzudeuten
866 4803 4803 5200 dass ich schon wieder Unternehmungen
886 5061 4757 5411 Grösserer, reisemässigerer Art vorschlagen
928 5283 4747 5685 möchte. (Davon später) Ich war sehr froh
876 5582 4540 5865 den Klaus noch zwischen Bahn u.
886 5788 4339 6143 Hotel zu sehen – grüsse ihn bestens,\:p\\fml\
1056 664 4434 1051 \p\\fml\u. sage Medy dass ich ein Reiterbuch
1079 943 4552 1329 an sie gesandt habe – da wir ja doch
1037 1159 4604 1494 eines Tages zusam[m]en Concourreiten
1008 1395 4472 1692 werden! Ich reite u. springe auch
999 1631 4557 1965 hier ganz herzhaft u. mit aufrich¬
1013 1885 4802 2229 tigem Eifer. Ich werde lange kein Buch
1027 2163 4406 2450 mehr schreiben, u. dies nicht aus
971 2361 4260 2639 Faulheit – möchte ich Klaus gleich
985 2644 1890 2860 versichern.\:p\
971 2903 4237 3261 Aber ich muss, glaube ich, jetzt den
994 3120 3831 3421 Baum mit Hasi schmücken.
966 3388 4090 3779 Lebwohl, sei festtäglich gegrüsst.
1899 3845 3563 4199 und geküsst von
3530 4171 3850 4392 A.
