3521 4493
2799 204 3177 471 18 Août
1404 662 2964 968 Chère Jaqueline, je viens de
923 853 3251 1095 vous écrire un lettre impossible
879 1057 2814 1309 triste, malheureuse – et je
837 1258 3047 1493 m'excuse d'avance que cette
1133 1461 3107 1700 lettre ne sera pas mieux.
930 1697 3076 1936 J'ai follement envie de vous
831 1856 3095 2139 raconter tout ce qui me fait
831 2054 3034 2324 si mal, ce que me fatigue, et
837 2257 3161 2490 me rend incapable de continuer
793 2420 3091 2665 bien mon travail. Je ne vais
805 2588 3142 2910 pas être si méchante et égoïste
1407 2862 3056 3117 que ça, mais voyez-vous, le
704 3015 3263 3305 monde a, presque pour la première
723 3305 2878 3572 fois, un grand trou, et je
735 3493 3263 3833 devrais, si je serais honnête, sauter
748 3728 3257 4069 dans ce trou, mais je ne trouve
1149 4008 3375 4253 pas le courage. Je ne vous raconterai
698 351 2954 634 donc pas de détails, seulement
727 592 2896 849 je voudrais bien que vous ne
1065 737 3288 1071 jugez pas trop sévèrement le caractère
708 1068 3298 1374 embrouillé et ennuient que je dois
772 1203 3320 1554 avoir certainement – aussi envers vous –
695 1429 3243 1725 (Si au moins je serais seule, tout irait
814 1670 1165 1930 bien) –
824 1895 3169 2217 j' étais contente les derniers jours à
808 2114 3346 2474 l'Alpe parceque vous étiez gentille
804 2313 3098 2683 pour moi, et parce qu'on en vous,
991 2580 3237 2851 il y a beaucoup de cette clarté
756 2828 2867 3053 natuelle qui me manque.
1088 3034 3131 3250 C'est dommage qu'aussi ici, les
746 3160 3015 3452 conditions ne permettent pas
792 3369 3324 3658 que je vous vois tranquillement.
804 3578 3221 3890 Pas pour parler, mais juste
862 3826 3053 4109 pour vous voir et [pour me] se sentir
2342 3784 2764 3925 pour me
804 367 3176 652 un peu soulagee[sic]. Chère Jacqueline,
834 626 2793 879 vous n'allez pas croire que je
834 814 2267 1028 suis "sentimestale" ! je déteste
801 1061 2816 1307 toute sentimentalité et je me
801 1262 3104 1531 sente sens presque gênee d'être
775 1534 3007 1758 juste en ce moment dans un
772 1768 3380 2037 Etat de dépression qui doit sembler
3062 2001 3338 2144 n'en
785 1985 3283 2303 ridicule à quelqun qui ne [n'en]
834 2160 2306 2472 sait pas la raison.
646 2443 3189 2676 Et voilà tout pour le moment.
730 2676 3120 3000 Je vous prie d'oublier ce que
860 2913 3253 3266 j'ai dit à cause de l'Engadine –
1122 3133 3195 3497 ça, c'est purement mon affaire.
746 3464 3182 3695 Et du reste, vous savez bien que,
730 3575 3013 3854 au moment ou quand on prend
814 3867 2060 4084 plaisir de voir une personne,
834 4042 3043 4282 toute autre chose devient morte
670 316 1759 629 et sans intérêt.
768 871 2880 1064 [space] je n'ai pas la conscience nette
659 999 2850 1228 envers vous. Qui me dont dit
640 1195 2706 1503 que tout ce que je vous dis,
667 1405 2684 1674 ait pour vous le moindre
686 1658 1350 1879 intérêt?
1879 2140 2464 2401 An[emarie
