2928 3213
1450 338 2074 486 Teheran - 4 Avril
1458 444 2128 590 Légation Allemande
621 808 2638 998 Mon ami, ta lettre est arrivée presque immédiatement
655 910 2591 1081 après que la mienne était partie - Je suis, dans
647 1016 2547 1214 cet étrange et grand pays, trop loin pour une
629 1146 2713 1284 bonne et conversation! Mais, avant de quitter Teheran
647 1255 2692 1448 pour aller à Persepolis et chez le Professeur Herzfeld,
655 1362 1499 1523 je veux te rappeler ...
660 1471 2601 1658 Lieber Claude, ich bin ziemlich froh dass Du wahr¬
683 1562 2692 1759 scheinlich nicht nach Afrika gehst. Es soll schön
702 1674 2627 1863 dort sein, ein Abenteuer. Aber ich fürchte im[m]er,
686 1772 2536 1954 Deine Gesundheit hält nicht soviel aus. Und
694 1902 2521 2079 die Lupe des Militärdienst ist ja nicht das,
712 2027 1637 2141 was wir uns wünschen. -
694 2139 2661 2313 Ich war hier zuerst sehr müde, ich kan[n] es ist fast
715 2206 2716 2414 zuviel: 6 Monate, im[m]er rasche u. neue Eindrücke!
715 2334 2573 2555 Ich wohne aber bei Herr u. Frau von Blücher,
728 2438 2562 2656 et me voilà très heureux, très soignée, très
743 2570 2531 2749 verwöhnt dans une atmosphère cultivée -
748 2729 2497 2900 et avec Madame von Blücher qui est plus
746 2843 2388 3020 que diamante. Je l'aime beaucoup.
677 610 2347 777 Da mich nichts in Europa sehr anzieht, u.
712 741 2199 884 keine Arbeit mich dort erwartet u.
750 841 2637 1144 von der schrecklichen aktuellen Auseinandersetzung
724 953 2323 1167 schützt - denke ich, dass ich nur den
743 1115 2514 1272 Som[m]er zurück komm will, wegen zu Hause,
772 1232 2575 1437 u. Klaus u. Erika, (ja, Dich will ich auch u.
743 1360 2337 1537 bald u. unbedingt sehen, mon vieux!)
734 1465 2440 1689 Nachher aber hierher zurück hebben u.
755 1625 2523 1792 - Bei der Ausgrabung von Dr. Erich Schmidt
779 1754 2490 1951 in Rage [Rey or Ray (; , Šahr-e Rey, “City of Ray”), also known as Rhages] (welches die Mongolen zerstört
760 1882 2678 2128 haben) arbeiten – une sorte de "stage" pratique.
1396 2013 2585 2223 Ich werde Ende April zu Hause
755 2147 2504 2347 sein, Bocken bei Horgen. Ecrits-moi un peu,
767 2251 2571 2456 quand tu seras libre. Ich bin so froh, dass ein
803 2413 2480 2602 grosser Teil Deines Jahres vorbei ist. It is
848 2511 1603 2692 still long enough -
1163 2680 1668 2861 Je t'embrasse
1827 2861 2256 3007 Annemarie
355 555 395 1364 J' étais 5 jours au bord de
457 864 512 1373 la mer caspienne. J' ai
263 472 301 1391 beaucoup aimé!
937 1237 1473 1352 Via U.d.S.S.R.
984 1411 1218 1478 France
992 1514 1975 1650 Herrn Claude Bourdet
1059 1635 1639 1772 47, Av. de Jéna
1527 1738 1777 1859 Paris [Stempel: 4. IV. 34]
