5358 6712
3612 656 4633 1054 3. März 31
656 1322 4236 1682 Geliebtes E. – warum vermeidest Du
715 1634 4311 2016 Grippe-Rückfälle nicht, vor Wochen
688 1892 4236 2182 scheint mir schrieb Fred dass Du
672 2177 4413 2505 auf u. leidlich munter seist, und
715 2419 4112 2725 wie anders steht es heute in
769 2661 4612 3053 Deinem Brief! Aber jetzt, nehmen wir
715 2935 4520 3295 an, sind die bösen Zeiten über¬
752 3171 4483 3494 wunden u. Du lernst bald Deine
715 3418 4504 3725 neue Rolle. Über Christas [Christa Winsloe] Stück [Ritter Nérestan, das 1931 als Mädchen in Uniform mit EM in einer Nebenrolle verfilmt wurde]
736 3623 4515 4020 las ich kürzlich etwas, ich wusste
758 3908 5079 4284 nicht dass man noch über Schwärme
758 4133 4789 4585 für Lehrerin[n]en schreibt obwohl im
822 4386 4918 4800 "Bernhard" die "welschschweizerische"
806 4735 4526 5052 Pension auch irgendwo ein paar
801 4913 4176 5370 Seiten lang sich breit macht –
769 5208 4676 5574 In Realität, da Du Dich nach mir
769 5461 4945 5864 erkundigst – macht einzig das Examen
769 5698 5052 6187 Sich breit u. die mangelnde Vorbereitung
736 5972 4854 6445 für die unendlichen Möglichkeiten
798 536 5017 918 (Was alles könnte man gefragt werden!)
760 836 5039 1284 Ich arbeite also täglich in Bibliotheken
825 1120 4689 1563 u. an meinem Schreibtisch, u. die
842 1383 5093 1782 Jahreszahlen treten aus ihrem Schatten¬
781 1612 5044 2093 dasein, beleben sich, erhalten Farben,
760 1891 4449 2290 sie werden – man würde es nicht
771 2148 4793 2607 glauben – zu ganz phantasievollen
803 2476 4673 2891 Gebilden die auf Klingelsignal die
771 2705 3831 3148 tollsten Assoziationen wecken [eventuell eine Anspielung auf die Pawlowsche Konditionierung].
716 3011 5104 3427 \p\Dazwischen betrüben mich Kälte u. Schnee
721 3410 4618 3629 u. einige andere Dinge, an Korsika
705 3569 4946 3989 denke ich oft, u. dass es sehr schön
754 3924 4591 4203 sein wird. Klaus lasse ich auch
787 4159 4017 4596 Grüssen, besonders herzlich.\:p\
771 4383 5115 4957 So Vieles gibt es in Berlin dass ich mich
765 4678 4820 5203 beinah entschliessen möchte hin zu
803 4990 4853 5405 fahren. Doch glaube ich es wird
825 5285 4530 5596 besser sein noch einmal sich –
754 5547 4913 5940 endgültig nur noch wenige Wochen –
792 5782 4399 6318 in Geduld u. Fleiss zu üben.
996 662 4574 1097 Wie hübsch, sich das "Nachher"
1049 1034 4569 1458 als das ersehnte Zeitalter, das
996 1298 4950 1664 restlos befreite, aller Stundenpläne
970 1553 5136 2019 beraubte, aller Möglichkeiten volle
922 1950 2576 2279 auszudenken!
853 2231 4669 2639 \p\Heute fuhr Hanna Kiel nach Berlin,
970 2560 4526 2894 Du wirst sie wohl bald sehen.
896 2814 4653 3228 Wie gut war es dass sie nach Zürich
880 3138 4547 3546 kam u. dass sie bald wieder kom[m]t.
874 3424 4500 3790 Du also bleibst vorläufig in dem
800 3657 4282 4081 grossen u. dreckbespritzten Berlin, –
816 3964 4956 4362 lass es Dir gut gehen, Kinderhäutchen,
811 4288 4796 4627 u. verdiene viel Geld – Auch sollst Du
779 4473 5040 4855 bitte mir bald wieder schreiben, – ich habe
816 4717 4744 5125 Dir ja schon gesagt wie hübsch u. ganz
784 4993 4961 5406 besonders guttuend es sei von Dir Briefe
874 5252 4860 5607 zu bekommen, u. das kan[n] ich, Dir nach
843 5443 4871 5867 Verwöhnung hungrig, sehr gebrauchen —\:p\
2814 5772 4012 6111 Dein Kind A.
