2689 3736
1545 475 2310 629 Bocken 4 Octobre 33
637 1061 1325 1171 Mon ami Claude -
660 1171 2241 1331 Qu'est- ce qu'il y a? Pourquoi pas un
694 1323 2204 1455 mot, pas de Genève, pas de Zurich,
664 1409 2168 1555 pas de nouvelle! Erika a du succès
674 1498 2072 1650 formidable dans notre bonne ville,
652 1630 2214 1796 Annemarie est guérie, le départ serieux
611 1711 2196 1926 (serieux) s'approche - le 12, Claude - - -
637 1869 2054 2013 par Vienne - sans Dollfuss - sans
664 1967 2172 2147 une définition européenne, sans une
680 2095 2038 2243 garantie, un espoir, une sûreté...
656 2192 2115 2348 et rien de mon ami Claude. Was
664 2330 2123 2468 soll de[n] das, mein blasser, grosser
664 2391 2095 2582 Junge u. Offizierskandidat? Und
678 2549 1991 2701 was macht die Politik, die
664 2677 1993 2809 Karriere? Wollen wir an die
680 2750 1890 2941 Zukunft unserer Generation
652 2908 2176 3091 glauben, Claude, u. unter welcher
631 3006 1372 3150 Formel? Schreibe
1206 3138 1776 3260 u. vor dem 12. -
1545 3249 1886 3391 Tendresse -
1938 3414 2064 3531 A.
278 3471 1559 3596 Souvenir très respectueux à ta chère mère!
761 1804 1918 1947 Mousieur Claude Bourdet
1007 1936 1673 2103 p. A. Madame Pozzi
937 2087 1467 2209 47 Av. de Jéna
611 2163 1227 2354 La Graulet [andere Hand]
1423 2347 1780 2388 Paris
526 2279 1267 2518 près Bergerac [andere Hand]
1477 2411 1819 2539 Dordogne [andere Hand] [Stempel: 4.10.33]
