5438 6893
3526 601 4116 1122 Freitag
1069 1526 1808 1771 Erika -
1079 1765 4823 2180 wir fahren doch heute nach Salzburg,
1154 2015 4834 2435 morgen nach Grundelsee, Son[n]tag oder
1016 2244 4855 2637 Montag will ich vielleicht allein nach
1069 2494 4578 2951 St. Wolfgang fahren, u. am selben
1010 2723 5232 3260 Abend oder Dienstag kom[m]e ich nach München.
1037 3010 5084 3547 Der Ricki ist noch da, u. wir segeln ganz
1053 3345 5179 3866 grossartig mit dem neuen Kahn. Lisel Frank
1064 3515 5174 4036 hat telephoniert dass sie vielleicht mit
1026 3775 5302 4328 mir von Salzburg mit mir zurückfahren will.
1058 4009 5190 4525 Es ist aber wirklich Zeit für mich, dass wir
1074 4238 5147 4711 aufbrechen, den[n] heute habe ich nicht eine
1101 4531 5057 4940 Seite geschrieben, jede Seite ist vielmehr so
1111 4749 5142 5142 gründlich misslungen, so über alle Massen
1117 4977 4871 5339 schlecht geraten, dass ich mir wie der
1186 5206 5062 5594 Gipfel der Unbegabung vorkam. Und ein
1175 5419 5238 5871 hässlicheres Geführl gibt es einfach nicht.
1175 5727 4961 6152 Dass Professor Wölfflin gesagt haben soll,
1117 5961 5147 6461 der "Bernhard" verrate wirkliche Anlage,
1111 6285 5004 6684 hat mich zwar gerührt aber gar kein
1095 6493 4951 6806 bisschen getröstet. Das hat mir nämlich
1028 545 4927 971 jener Professor Burckhardt zur Ermutigung
1028 832 4850 1120 berichtet. Ausserdem hat auch Dr. Korrodi
1048 1089 5179 1454 gar nicht missgünstig, ganz im Gegenteil sogar,
1053 1331 5143 1613 geschrieben, wie es so seine Art ist, der launen¬
1022 1552 2183 1855 hafte Mensch.
1017 1803 4762 2127 Jetzt scheint die Sonne, es wird eine prächtige
1053 2004 4875 2358 Fahrt werden, u. in Salzburg bin ich noch
997 2266 4927 2543 nie gewesen. Weisst Du auch dass ich seit
1048 2533 4809 2841 jenem Dienstag Abend ein ganz verstörter
1094 2713 4891 3031 Mensch bin u. mich im[m]er frage was wohl
1058 2908 4917 3237 aus mir werden sollte ohne Dich: Und diese
1033 3149 5035 3499 Frage soll es doch nach höherer Vereinbarung
1099 3329 4901 3735 nicht geben. So unzufrieden bin ich mit mir
1084 3596 5040 3976 wie seit langem nicht, u. dass ich es Dir auch
1125 3884 2723 4167 noch sagen muss.
1089 4018 5066 4403 Gibt es bei Eurer Grossmutter auch Schokolade,
1141 4300 4814 4649 mit Schlagrahm wen[n] sie Geburtstag hat?
1074 4516 4937 4845 Das ist ein lohnendes Fest. Adieu, Grüsse
1110 4691 3869 5009 den Klaus, u. Mädi u. Bibi
1110 4978 3499 5328 und jetzt Schluss von allem
1957 5158 3422 5477 Zärtlich bei Dir
3411 5405 3725 5682 A.–
