3056 3581
703 537 1291 763 29 XII 1930
619 837 2473 1053 Mon grand enfant Jaqueline,
670 986 2716 1225 par votre bonne et gentille lettre
778 1181 2478 1386 j'ai bien remarqué que les
729 1309 2372 1538 nuages noirs n'out pas
662 1471 2691 1728 disparus, quoiqué vous en écrivez
670 1659 2503 1833 peu. Et il y a des moments
683 1797 2750 2005 dans lesquelles la vie vous semble
678 1938 2745 2180 sans grâce et stupide. Si je serai
680 2154 2562 2360 en ce moment auprès de vous
714 2272 2768 2511 nous ferions bien vite disparaître
724 2457 2539 2650 les causes de votre tristesse,
724 2624 2488 2801 croyez-moi. Les moments
737 2768 2539 2960 tristes nous semblent être
691 2894 2483 3120 tellement longs et déci si os –
724 3066 2413 3286 mais voilà. que le soleil
238 407 2549 538 Si vous passeez au Foyer vous serez bien
1136 322 2524 407 gentille de dire à Miss Watson, à
1062 238 2527 286 Mlle Memie, à Tamara, à tout le monde
1165 151 2489 202 mes pensées et mes sincères!
2656 216 2716 948 Saluez Georgette
2764 537 2802 974 Occasiano de
2857 462 2902 967 ma part!
674 343 2233 561 revient et votre sourire
713 545 2288 739 Jaqueline, chère ami, pensez
723 687 2267 889 combien de joie, combien
750 826 2257 1038 de mots doux, combien
729 991 2307 1214 d'amitié et de tendresse
710 1148 2241 1345 la vie vous donnera. Et
713 1308 2241 1536 vous aurez, j'en suis sûre,
726 1460 2459 1664 la patience et le courage
716 1638 1452 1782 d'attendre!
702 1748 2695 1969 Mon amie Erika, une des femmes les
723 1903 2765 2134 plus délicieuses que j'ai rencontré,
755 2105 2799 2270 m'a dit dernièrement: la vie a des
739 2191 2456 2385 périodes d'attente qu'il faut
734 2328 1224 2514 supporter.
713 2453 2721 2689 Et nous sommes si jeunes, Jaqueline,
731 2621 1963 2794 la vie nous attend! –––
750 2763 2634 2957 Vous demandez ce que je faits. Je
765 2899 2624 3064 travaille. J'ai écrit tout un
768 3017 2870 3214 livre, un petit Roman de jeunes gens,
771 3148 2723 3300 mais maintenant j'ai plus le
768 3274 2495 3465 temps: je n'pe prépare très
487 827 559 1422 sérieusement mes examens qui me
318 845 413 1346 font un peu peur!
206 1134 284 1436 Adieu Jacqueline – bon courage!
223 2232 260 2525 Pensées tendres de
190 2395 247 2646 An[emarie
