3492 4390
1850 204 3134 407 Bocken am 3. Nov.
3069 282 3297 489 [ev. hs RS:][1927]
591 462 3229 774 Mein liebes Suzeli! Ich weiss nicht
628 665 3276 944 ob Meme Dir schon Näheres über
564 818 3218 1083 meine Examen berichtet hat, aber
591 971 3307 1212 ich weiss dass es Dich interressiert
540 1117 3127 1351 u. es sieht also nicht nach
628 1293 3188 1497 "Ufschnitt" [Zürichdeutsch für Aufschneiden] aus, wen[n] ich Dir die
587 1395 1918 1647 Noten aufschreibe
390 1640 1195 1891 Deutsch m.[ündlich] 5
825 1738 1195 1952 schrifftl. 5
367 1918 1188 2132 Franz. m. 6
825 2006 1080 2135 schr. 6
356 2108 696 2434 Engl. 5
373 2356 1209 2529 Latein m. schr. 5
373 2468 1219 2764 Geschichte I (6)
989 2667 1196 2719 II 5
1772 1518 2648 1772 Geographie 6
1806 1687 2611 1837 Naturk. 6
1793 1810 2203 2003 Physik 5
1813 1962 2190 2088 Chemie 5
1742 2057 2618 2305 Mathem. in 6
2135 2180 2618 2373 schriftl. 6
1782 2343 2220 2594 Zeichnen 5
570 2563 2797 2872 Halbe Noten gibt es leider incht.
424 2709 3154 3001 Die beiden Geschichtsnoten beziehen sich
502 2879 3178 3168 auf das Vorjahr (6) u. dies Jahr 5.
509 3056 3181 3303 Ich weiss nicht was in Deutsch u.
550 3222 3039 3483 Geschichte los war. Es kam
638 3364 2852 3660 nicht in Gang. Ich war
570 3548 3100 3816 unglücklich u. entmutigt. Ganz
625 3782 3117 4057 fein ging Mathi  [Zürichdeutsch für Mathematik]. 6 Aufgaben, aus
625 3982 2971 4247 Algebra 2, aus Analyt. 2, aus
465 167 2709 536 Trigo 1, u. eine leichtere mit
523 415 3180 703 Differential. Alle waren einfach
527 586 3212 815 u. ich löste sie indem ich sehr
556 775 3118 1040 vergnügt u. fleissi 3 1/2 Stunden
599 968 3046 1269 studierte, Log.[arithmen] aufsuchte, Kon¬
612 1161 3046 1400 struktionen machte. Es war
599 1338 3199 1600 direkt "amüsant". Im Münd¬
628 1508 3052 1848 lichen ging es wie geschmiert.
654 1701 3288 1963 Latein hatte ich Livius u. machte
671 1884 3242 2152 anscheinend einige Fehler daher
739 2097 3265 2352 die 5. Mein Deutsch Aufsatz über
625 2290 3078 2548 den Erlösungsgedanken in der
687 2414 3258 2771 Iphigenie war für mein Gefühl
651 2610 3189 2951 mässig, hingegen nicht nach
671 2803 3248 3173 dem Geschmack des Professors.
677 3042 2918 3327 Mehr zu erzählen ist sehr
690 3189 3065 3608 langweilig, es war nicht
703 3392 3203 3765 aufregend, nur ermündend. Ich
658 3615 3186 3903 merkte am Schluss nicht, das
762 3850 3212 4119 die Sache für mich wichtig ist
406 292 578 376 II
715 203 2968 534 Von Fetan weg zu gehen war
715 467 2974 769 ungleich schwerer u. wirkte
682 618 3187 898 viel mehr nach. (Ich kan[n] auch
682 834 3196 1133 Presens [sic] gebrauchen).[das e von wirkte ist doppelt unterstrichen, unter dem Wort verweist ein Pfeil auf den Satz in Parenthese.] Zu Mama's
641 1033 3228 1352 Entsetzen habe ich heute wieder
666 1207 2678 1603 mal 8 Briefe bekom[m]en.
557 1468 3145 1761 \p\– Heute wurde ich immatrikuliert. Es
628 1632 3180 1947 ist ein nettes Gefühl, stud phil I
602 1835 3038 2102 zu sein, Legitimationskarte u.
618 2050 3190 2359 Testatbüchlein zu besitzen, Kollegien¬
586 2256 2804 2530 hefte spazieren zu tragen u.
550 2411 2730 2665 dem Rektor die Hand zu
663 2588 3058 2910 drücken. Die Kollege (versch.
772 2842 3151 3113 Geschichtskollege bei Meyer sowie
760 3003 3061 3386 Wölfflin) waren beinahe an¬
673 3193 2948 3573 regend. Vorläufig fahre ich
670 3405 3080 3708 mit Mama nach ﻿Genf u.
750 3685 2907 3975 höre erst in 10 Tagen, und
737 3901 1770 4220 Philosophie etc.\:p\
794 580 1678 791 So, jetzt hab ich den
1530 289 2544 500 ­Schreibkrampf.
713 768 2662 1034 \p\Wen[n] ich kan[n], besuche ich
869 982 2376 1250 Ilda in Lausanne.
681 1204 3006 1522 Marghrita [?] war da u. erzählte
846 1328 3017 1634 Lars habe 8 Zähne. Wie
976 1565 2500 1836 geht es denn Ma?\:p\
823 1822 2997 2117 Adieu, schreibe bald, gell?
1296 2050 2821 2371 Und Grüße Torgny vielmals!
1903 2333 3112 2628 Deine An[n]emarie
