2595 3078
1901 166 2376 323 [Jan / Feb. 1936]
1233 314 1724 406 PALACE HOTEL [ACHTUNG: Es handelt sich hier wohl nicht um den Schreibort, da sie unten schreibt, dass sie in Sils-Baselgia alleine ist und dort das Telefon nicht hört!]
1360 385 1594 466 HANS BADRUTT
1753 442 2080 558 ST MORITZ
1959 542 2232 740 Son[n]tag
583 896 2356 1087 Liebster Hasi, ich kom[m]e gerade von der
607 986 2243 1251 Corviglia zurück u. warte auf Leute,
610 1168 2407 1403 die mit dem Bähnchen herunterkom[m]en
594 1237 2376 1522 (das gibt es auch!) u. meinen Merzedes¬
616 1387 2376 1636 schlüssel in der Tasche haben. Es ist
621 1468 2313 1730 jetzt mit dem Schnee u. der Son[n]e
639 1632 2136 1833 wunderbar, mich habe einen
605 1764 2210 2008 englischen Captain geschlagen, der
632 1919 2326 2140 im[m]er so angibt als wolle er mich
634 2037 2438 2282 den Berg heruntertragen, es ist wirklich,
637 2163 2400 2380 pure Angabe. Du musst Dir aber nicht
648 2311 2380 2557 vorstellen dass ich deswegen sehr gut
643 2434 2212 2651 auf Skie bin, aber hier ist das
619 2600 2187 2806 Niveau ja lächerlich. Jedenfalls
643 2707 2382 2956 merke ich (endlich!) dass es nur jetzt
688 379 2393 566 ganz gut geht. Margot war nur 4
714 500 2413 694 Tage da, weil sie irgendwo anders
705 630 2446 811 eine kränkere Dame, u. ihre Schwester,
679 756 2351 981 treffen musste. Sie ist jetzt Hotel
663 928 2437 1122 Du Parc., Montana, Wallis. Wegen dem
663 1080 2431 1261 Pullower [sic] s macht es nichts, ich lasse
694 1234 2402 1443 ihn ihr nachschicken. Sie, Margot,
696 1369 2426 1607 war wieder haarig nett. Das Allein¬
707 1470 2310 1697 wohnen in Sils ist aber ganz
699 1648 2329 1800 angenehm, weil ich dann besser
692 1770 2395 2003 arbeiten kan, das tu ich vormittags
690 1919 2376 2118 bis halb 2 Uhr, u. dan[n] wieder
670 2045 2415 2303 abends. In der Zwischenzeit ergehe
690 2217 2382 2404 ich mich auf Skies u. mit allerlei
679 2351 2107 2556 Volk. Dass Mein Telefon nie
683 2475 2215 2733 antwortet, höre ich allgemein,
663 2671 2283 2878 man hört es eben nur in einer
679 2746 1968 2962 Stube, das ist ein Manko.
1232 302 1733 422 PALACE HOTEL
1364 385 1602 508 HANS BADRUTT
1766 401 2084 580 ST MORITZ
639 722 2390 908 Dass Du für die Olympiade trainierst,
654 851 2324 1020 finde ich fein. Es macht mich
687 1002 2373 1213 immer neidisch, wen jemand auf
650 1143 2274 1322 einem so hübschen Gebiet wie
657 1274 2346 1453 Sport soviel kan[n], es muss ein
661 1420 2379 1541 glattes Leben sein! Aber, seitdem
665 1576 2362 1733 ich wieder richtig arbeite, steigt,
672 1703 2340 1839 sowieso mein moralisches Wohl¬
694 1830 2331 2027 befinden auch. Hast Du gesehen,
696 1987 2403 2127 ich hatte in 3 Wochen 2 Serien [hier gemeint: Fotoserie in einer Fotoreportage]
681 2145 2237 2307 in der Zürcher Illustrierten,
681 2285 2298 2451 ein Flussübergang, wo Claude
700 2440 2401 2622 mit Beduinen am gleichen Seil
679 2565 2410 2778 zieht, u. dan[n] "Libanon im Schnee".
631 416 2149 649 Claude wird übrigens vielleicht
644 586 2159 787 nach Bern versetzt, aber Du
679 746 2151 920 musst Nicht darüber reden,
659 896 2291 1078 u. Papa findet es nur mittel¬
687 1026 1078 1243 günstig.
696 1215 2194 1399 \p\Vorgestern ist der Merzedes in
675 1364 2213 1614 der "Garage" eingefroren, trotz
679 1511 2170 1711 Glysantino, aber der Kühler
698 1690 1629 1864 ist nicht geplatzt.\:p\
690 1830 2429 2090 \p\Frl. Jäger (Beth) lässt Dich grüssen,
707 1991 2349 2202 ich habe bei ihnen in Celerina
685 2116 2414 2373 gegessen. Sie u. ihr Bruder fahren
707 2250 1226 2431 gut Skie.\:p\
707 2401 2334 2605 \p\So, adieu – Du hast doch sicher
715 2530 2364 2780 fast nicht Zeit zum Briefelesen.
709 2696 2045 2862 Was für Pferde hast Du?\:p\
722 2825 2011 2942 Alles liebe, u. noch viel Glück
478 1996 512 2692 Deine Schwester
330 2394 362 2833 Annemarie
