2952 3691
1679 373 2382 530 Farmanieh, 27 Juillet
682 987 2526 1192 Mon vieux – je n'ai pas pu me décider tout de suite de
687 1075 2498 1245 répondre à ta lettre – je l'avais cependant attendu
677 1151 2427 1354 avec tant d'impatience! J'espère que tu vas mieux –
667 1261 2366 1491 cher, cher Claude : Soigne-toi, et assez longtemps.
657 1408 2508 1616 demande Ida de te tenir compagnie quand tu seras
654 1524 1638 1704 mieux – prends ton temps! –
639 1641 2531 1884 La raison qui m'a fait hésiter. c'est qu'il y a dans
626 1737 2567 1996 la lettre des malentendus douloureux – et que, pour
604 1864 2549 2082 te les expliquer, il faut dire beaucoup de choses. Tu
933 1993 1225 2067 quand même
606 1966 2513 2232 aurais comment du savoir, grand frère – toi, qui a
629 2125 2300 2321 vu les momentes les plus pénibles de ma vie! –
621 2245 1030 2343 Ecoute donc :
632 2333 2597 2584 Du schreibst, ich soll nicht sobald wieder weg, "in Ferien,"
637 2468 2678 2724 zu Erika gehen – j'approuve – weil ein neuer äusserer Zustand,
629 2564 2635 2815 u. das neue Verhältnis zu einem Menschen, dem man einen
606 2630 2549 2927 Platz im Leben gibt – beides eine Gewöhnung verlangt.
647 2800 2579 3008 Ich werde, für das erste, nicht leugnen – bin mir sogar
652 2889 2587 3122 im]er bewurst, dass die Heirat viel für mich bedeutet,
667 2985 2638 3246 u. mir einen äusseren Halt gibt. Mit 27 Jahren ist man
652 3099 2567 3345 zu Hause nicht mehr so ganz zu Hause – besonders in
639 3226 1108 3335 meinem Fall.
716 410 2405 637 Dass ich in Claude einen Freund habe, der zugleich
731 590 2382 711 zu meinem Leben passt, u. vielleicht sogar meine
709 706 2427 842 Ziele, meine Arbeit, die Form meines Lebens, meiner
713 800 2414 990 Fremde begreift – ist für mich (aber doch auch
718 906 1768 1052 für ihn) ein besonderes Glück.
696 997 2442 1229 Aber wen[ Du schreibst, dass er gut u. grosszüzig
704 1141 2523 1306 sei – u. dass ich vorher ein ganz verlassenes Wesen
711 1252 2456 1420 war – welches die ganze Lebenskraft brauchte, um zu
696 1363 2535 1545 existieren... Oh Claude! Weisst Du den], wie weit ich
704 1501 2526 1664 gegen ihm grosszügig bin? Rein nach aussen: er lebt
709 1605 2580 1805 gern mit mir zusammen – im Übrigen ist seine Existenz
718 1716 2568 1903 unangetastet die gleicher – Weisst zu den], was es mich
721 1829 2530 2000 kostet, dieses idiotische Gesellschaftsleben auch nur
716 1933 2600 2175 in tangieren, eine "Rolle" zu spielen, qui est entièrement
733 2071 2654 2266 un mensonge – et que j’accepte que par loyauté pour
753 2192 1597 2338 la carrière de Claude?
743 2311 2592 2481 Gut, ich habe einen neuen äusseren Halt – u. ich werde
758 2414 2590 2614 daraus ein Stück Leben machen, als eine ethische
760 2555 2681 2767 Aufgabe – aber glaube mir: noch nie habe ich meine ganze
758 2691 2543 2842 Kraft so verbraucht, um nur gerade zu existieren –
748 2785 2563 2985 Glaubst Du vielleicht, Deine Schwester sei glücklich?
765 2903 2503 3128 Lieber Claude, ich zermartere mir täglich den Kopf,
763 3007 2402 3261 um Mittel zu finden, den Tag ohne zu grosse
743 3143 2733 3382 Verzweiflung zu ertragen. So sehr bin ich niedergeschlagen.
1285 329 1364 476 – 2 –
768 522 2255 731 Claude ist zu jung, um dies alles zu verstehen –
754 680 2362 838 er ist, glaube ich, glücklich – u. hat auch alles
752 789 2288 940 vergessen, was ich ihm diesen Winter schrieb.
752 905 2434 1097 Il est très jeune, et très gentil. Et il n'a jamais
749 1028 1053 1158 souffert.
752 1155 2448 1353 Und nun das Schlim]ste, fast Unverzeihliche, aus
742 1248 2429 1492 Deinem Brief. "Zu Erika – in Ferien". Du weisst
745 1366 2404 1578 doch, Claude, dass ich nicht 20 Jahre alt bin, u.
773 1508 2517 1717 nicht aus einem provisorischen Jungmeidchen-Leben
768 1594 2413 1814 geheiratet habe, um das "wirkliche" Leben zu
756 1684 2589 1942 beginnen. Das denken Grosseltern. Glaubst Du ernstlich,
761 1837 2508 2044 meine einzige Rolle werde sein, Madame Clarac zu
761 1935 2589 2195 spielen? Meinst Du, die Freunde, die mein Erwachsen¬
756 2067 2506 2311 werden begleitet haben u. ein Teil meines Daseins
745 2158 2531 2415 geworden sind – werden jetzt Ferienrequisit? Von was
747 2313 2499 2547 willst Du, dass ich lebe? Vom afghanischen Minister
752 2424 2202 2638 u. den Gattin]en der Offiziersmissionen?
719 2543 2584 2775 Claude : je me suis mariée, pour transfermer ce qu’il
745 2694 2487 2900 peut avoir de sérieux dans ma vie à moi, dans
763 2800 2482 3037 une vie légitime – pour ne plus être déchirée en
747 2891 2591 3169 deux – pour suivre la ligne de mon développement.
726 3025 2554 3243 Je vais faire ce qu'il faut comme femme de Claude –
768 3192 2218 3385 mais je ne vais pas sacrifier ma vie.
838 507 2576 708 Du sollst nicht die äussern Form einer Ehe verwechseln
847 608 2516 777 mit dem, was sie mir in]erlich ist – u. Du sollst
818 740 2462 933 daraus nicht das konventionelle Gefängnis einer
831 834 2457 1031 Frauenseele machen, die nachher nur noch Frau
816 935 1377 1121 ihres Man]es ist.
797 1236 2384 1535 Ich war ziemlich krank. hatte 2 Malariaanfälle,
805 1383 2366 1645 einmal eine Woche, u. jetzt wieder 3 Tage ganz
799 1474 2349 1728 hohes Fieber. Ich fühle mich sehr schwach u.
801 1596 2312 1875 ganz mutlos – ich fange an, dieses grosse u.
795 1728 2349 2013 prachtvolle Land zu hassen. Und die Hitze.
790 1827 2310 2100 Montag gehen wir ins Gebirge, mit englischen
784 1966 2317 2219 Freunden, Zeltlager. Ich hoffe, es geht dan]
784 2074 998 2195 besser.
749 2174 2288 2511 Trotz allem habe ich nicht [ganz above] schlecht geschrieben,
1587 2210 1767 2343 ganz
762 2293 2221 2553 auch einen guten Aufsatz über "Urumiah"
734 2390 1479 2574 ein irdisches Paradies" –
727 2524 2319 2776 Ich lese gerade – le temps du mépris – während der
736 2615 2310 2934 Krankheit hat es mich zu sehr deprimiert – was
740 2765 2286 3042 Claude ein Lächeln des Erstaunus entlockte!
738 2847 2275 3144 Gestern lunchten wir bei Deinem Onkel – ich
751 2994 2297 3243 wurde beim Kaffee beinahe ohnmächtig. Sie
764 3074 2492 3377 haben einen grossen Fehler gemacht, Kasr-e-Malek
519 800 722 2950 zu mieten, u. in der Stadt zu bleiben. Beide sehen schlecht aus, u.
411 803 617 2891 es ist kein Wunder. Deine TAnte ist sehr besorft um Dich –
332 809 498 2896 Hast Du übrignes die 300 frs. (von Maud Thyssen?) bekom]en u. nach
260 785 401 2620 Amsterdam an Landshoff weitergeleitet? Vielen Dank.
194 796 282 2614 Und nun adieu, mon cher vieux Claude – envoie-moi de tes nouvelles – Baiser – de A.
1878 1088 1990 1330 27.VII
867 1173 1265 1289 ViaURSS
978 1622 2117 1779 Monsieur Claude Bourdet
1168 1821 1831 1926 47 Av. d' Iena
816 1887 2129 2068 chez Mr le Dr Fauconnet
1514 1999 1788 2148 Paris.
826 2042 1541 2225 4 rue St Ours
728 2196 993 2291 France
1149 2263 1710 2387 Genève.
1666 2386 2197 2595 Suisse
