5313 6630
4446 298 5037 334 [Foreign Hand?] 17.9.1933
1254 1516 2325 1765 Porto Ronco Sonntag
1106 1835 4269 2119 \p\Liebster Klaus, ich versuchte gestern Dich anzurufen
1123 2028 4208 2202 ohne weiteren Grund nur weil ich die Sache mit der
1298 2133 4208 2307 Sammlung, diesen Stoss inden Rücken, so besonders
1123 2259 4291 2469 scheusslich finde – Jm Augenblick lässt sich ja sicher
1106 2329 4200 2526 nicht mehr machen, als wenn möglich Beermann an der
1127 2447 3566 2613 Veröffentlichung der Dementi zu hindern –\:p\
1114 2543 4265 2731 \p\aber auch die weiteren Konsequenzen sind zu arg und
1092 2674 4261 2875 hässlich, mein armer Klaus Heinrich – denn die Autoren
1114 2788 4020 2937 auf die Du rechnen musstest sind dann wohl alle
1114 2858 4112 3072 für unseren Fall erledigt und ausser Betracht – Eri
1114 2998 4007 3164 sagte es schon: man müsse die anderen – das heisst
1101 3076 4488 3282 wohl, die Jüngeren finden – aber wo – – Und es versteht sich
1084 3190 4545 3382 dass die Goebbels & Co auch ihr Bestes und Schlechtestes
1088 3312 4392 3509 tun werden, um ihrerseits die Jugend zu finden und zu
1088 3430 4300 3601 encouragieren – bitter nötig haben sie es ja - \g\wen\:g\ sie
1075 3505 4186 3719 da finden, ist das grosse unbekannte X der Rechnung,
1088 3666 4064 3854 und wen Du findest das zweite – Jch habe mir heute
1088 3749 3929 3946 nacht [sic] alles tausendfach überlegt, es bleibt für
1088 3806 4226 4047 Dich im Akuten wie im Weiteren eine arge Sache, auch
1088 3968 4593 4152 des Ansehens gegen jene Aelteren wegen die wir eigentlich
1075 4064 4182 4261 zu ehren und loben gedachten, denen die Sammlung ein
1075 4156 4160 4379 Sprachrohr sein sollte – ach, aber der Enttäuschungen
1062 4291 4409 4471 und hässlichen Zufälle und bewussten Bosheiten wird es
1071 4401 2819 4545 noch lange nicht genug sein.\:p\
1071 4484 4405 4667 \p\Wir sprechen und sehen uns ja noch, Kläuschen – heute ist
1058 4637 4492 4794 der 17., und am 22. bin ich auf jeden Fall da wie auch die
1058 4711 4523 4921 lieben Eltern. Kuss der Eri ... es ist paradiesischer Bod[e]n
1040 4794 3238 5078 hier, aber ich sehne mich nach Euch.\:p\
2668 5117 5131 5572 Stets die Euer u. dies ganz –
4021 6024 4284 6069 A.
