2788 3523
1714 804 1990 928 Bocken
1672 905 1967 1052 22. Mai
631 993 1636 1163 Mein lieber Freund Claude.
645 1110 2202 1305 Denkst Du dass ich Dich vergessen habe?
675 1182 1033 1295 Aber nein -
691 1276 2284 1446 es gibt gar keine Möglichkeit. Ich kann Dich
721 1358 1362 1483 gar nicht vergessen.
723 1446 2269 1619 - Um so schlim]er, nicht wahr, dass ich Dir
731 1519 1238 1632 nicht schrieb.
733 1592 2300 1781 Voilà: ich war sehr beschäftigt. Ich bin
756 1701 2292 1842 von morgens 8 Uhr in einem weissen
758 1806 2401 1938 Mantel im anthropologischen Praktikum
775 1881 2267 2030 der Universität u. lerne Schädel zu
813 1999 2348 2116 messen: schmale u. kurze, arische und
813 2089 1833 2221 von jungen Australnegern.
823 2173 2344 2319 Dann muss ich zur Schneiderin. Und auf
830 2261 1343 2388 Redaktionen.
848 2323 2185 2468 Und dan], nachmittags in Bocken,
855 2422 2290 2564 mein Reise-Manuskript korrigieren.
901 2545 1322 2661 "verbessern."
886 2638 2351 2793 Gott sei Dank, seit gestern bin ich damit
863 2738 1119 2891 fertig!
890 2818 2311 2931 Und deshalb fühle ich mich befreit, u.
869 2937 1816 3046 deshalb schreibe ich Dir.
869 3025 2403 3180 Eigentlich wollte ich diese Woche nach
848 3119 2531 3277 Berlin fahren – aber es soll augenblicklich
679 478 2518 686 sehr arg zugehen, mit Vertaftungen und ähnlichem
704 624 2376 731 Spässen. Ich bin sehr äusser mir über diese
713 724 2447 868 Beschränkung meiner ganz privaten Freiheit.
717 825 1869 953 Ich wollte Maria Daelen sehen.
736 909 2347 1072 Es geht mir auch sonst nicht gar so gut.
736 1019 2445 1174 Nun fahre ich, Samstag, nach Lugano
722 1120 2415 1293 zu Maud Thyssen, einem wunderbaren
715 1193 2292 1405 u. sehr reizenden Mädchen. Bis circa
713 1325 999 1469 8. Juni
724 1437 1757 1613 Adresse: bei Baronin Thyssen
1079 1474 2411 1666 Viller Favorita - Lugana-Castagnola
729 1645 1670 1853 Telefon: Lugano 27-90
740 1782 2427 1963 Bitte, Claude : je ne peux plus faire des projets,
772 1892 2376 2079 pour le moment. Et j'aurais tellement
791 1967 2459 2148 envie de te voir! Zu Erika fahre ich erst am
829 2118 1136 2246 15. Juni
809 2148 2509 2358 Bitte: ist es Dir ganz unmöglich, 2 Tage Urlaub
845 2258 2379 2475 zu bekoṁ]en u. nach Lugano zu kom]en?
850 2338 2413 2552 Cela serait tellement bien et tranquil!
866 2475 2507 2657 Ecrits-moi - et dits-mois où et comment
873 2571 2509 2808 et à quelle heure je puisse te téléphoner de
866 2765 1755 2941 Lugano - tâche de venir -
882 2836 2399 3046 Claude, mon cher petit, es gäbe so vieles
939 3021 1389 3201 zu besprechen.
1919 3192 2299 3329 Annemanie
890 1636 1616 1764 Lieutnant Bourdet
921 1729 2046 1914 12 Place St. Claire S.R.A.
1495 1852 2095 2016 Camp de Mailly
1274 1932 1669 2091 Grenoble
1887 2043 2096 2210 Aube
648 2163 1003 2338 Frankreich
