6830 4463
906 460 1926 628 HOTEL SPLENDIDE
1483 594 2286 831 LUGANO (SUISSE)
656 1009 3216 1370 E.-Geliebtes, hier ist es aber
666 1273 3134 1586 unbeschreiblich prächtig u.
666 1490 3281 1840 ich frage mich ob man nicht
614 1689 3281 2060 – trotz Klaus – sich entschie¬
597 1912 3185 2197 den dem Süden, u. warum
614 2169 3278 2506 nicht gerade Italien, zuwenden
632 2341 3278 2688 sollte. Zum Schluss bin ich also
618 2550 3086 2876 Piper noch dankbar und
625 2811 3203 3117 Aufsätzchen über den Monte
656 3003 3175 3302 Verita zu schreiben ist ein
649 3223 3106 3577 helles Vergnügen. Sonne gibt
621 3450 2990 3759 es genug, Robi Frei ist da,
680 3632 2911 3944 u., hier im Hotel, eine
666 3872 3124 4177 sehr kranke Dame der ich
3913 281 6666 604 seit Jahren angenehm bin weiss
3965 515 6662 796 Gott weshalb. Sie verwöhnt mich
3961 738 6584 1074 jedenfalls ungebührlich u. auf
3930 951 6542 1280 angenehm-unsichtbare Art,
3896 1205 6560 1421 ich lasse es mir, verwundert,
3944 1407 6511 1723 gefallen. In der Zeitung las ich
3937 1582 6484 1915 dass Du unter die Autoren
3923 1805 6240 2169 gingst u. mit "Plagiat"
3934 2046 6491 2341 debütierst, das war mir
3903 2314 6264 2653 neu u. aufregend. E.-, ich
3923 2513 6511 2818 möchte, dass alles genau so
3971 2770 6532 3072 wäre wie es ist, nur, einzig
3882 2942 6601 3257 nur, dass Du näher, erreich¬
3961 3151 6487 3542 bar, gleich hier wärst, ist
3903 3395 6278 3765 das etwa ungerechtfertigt?
3855 3628 6590 3930 Adieu, adieu, ich fahre in die
3923 3810 6614 4174 Villa d'Este u. bleibe trotzdem
4081 4023 5228 4346 ganz die Deine
5722 4102 5921 4373 A. –
3563 327 3625 4244 Gruss für Klaus, Theres, Medi, Bibi –
3443 427 3515 2803 Verehrung den Eltern
