5276 6758
893 637 1801 843 Sils, 22. Januar
963 1008 4816 1199 \p\ Was gibt es zu berichten, Kläuschen, – ich möchte lieber, Du wärst
973 1169 4981 1299 noch hier. Kaum warst Du abgefahren, da brach auch schon die Grippe
978 1249 5011 1415 aus, – und, ob es bloss Hysterie ist, bleibt sich im Effekt ja gleich,
973 1369 4796 1525 mir kam vor, die Ausfallserscheinungen hielten als hämische Dä¬
973 1465 4936 1625 mönen [sic] ihren unfröhlichen Einzug. Jch lenkte mich ab, Frau Frenssen
978 1575 4745 1711 war freundlich, aber die Abende waren das Schlimmste – nur Deine
978 1680 4755 1841 Frau Schwester ermunterte mich, auch heute eben wieder. Gesetern
993 1756 5001 1926 nacht, mit fünf Schlafpillen behaftet, hustete ich so, dass ich mich
993 1876 4871 2027 schliesslich aufs Qualvollste erbrach. Da telefonierte ich end¬
988 1986 4745 2112 lich mit Vater Ruppanner, und Onkel Ritter – der Freund von Bod¬
983 2042 4821 2237 merlis – erwies sich als gescheit, wenngleich brummig. Kodein gibt
1003 2167 4921 2343 es nun doch, und an Herrn Maquinay habe ich einen Abschieds-Brief
988 2267 4770 2443 geschrieben, der sich gewaschen hat. So vernichtend logisch und
1003 2383 4811 2523 edel-verzichtend wie er ist. Auch die Paula hat ihre Wette ver¬
998 2493 4816 2674 loren, Eri neigt aber dazu, meine stoische Einsamkeitsfreude als
993 2588 2242 2759 Trotz zu bezeichnen.\:p\
988 2689 4630 2859 \p\Nun ist König Georg gestorben, \g\ganz\:g\ schmerzlos natürlich.
998 2789 4886 2945 Jch dafür kämpfe einen hartnäckigen und geduldigen Kampf, \g\ob\:g\ es
1003 2894 4896 3030 sich lohne, zu kämpfen. Ach, es ist ein altes Thema, man traut sich
988 2990 4775 3130 nicht recht, davon zu sprechen. Eines aber steht denn doch wohl
998 3075 4891 3240 fest: da ich relativ reich, dafür wieder relativ begabt, sehr ver¬
993 3180 4906 3336 wöhnt, dabei ein Unglückshase bin – wenn \g\ich\:g\ nun die Kraft nicht
993 3291 4715 3431 aufbringe, habe ich \g\ligischerweise\:g\ umso weniger
1003 3391 4846 3536 das Recht, Euch, meine Lieben, auf die Dauer, zu beanspruchen. Ganz
1003 3521 3536 3642 wie Barbara es mir in Jsfahan gesagt hat.\:p\
1018 3562 5006 3737 \p\Wie geht es denn Euch, Dir, dem Friedrich, und den Passangelegenhei¬
1023 3707 4861 3868 ten? Das mit dem Zauberer hat Eri arg zugesetzt, ich ahnte schon
1008 3857 2483 3973 dass es so kommen müsse.\:p\
1018 3883 5031 4053 \p\Bitte, schicke mir doch gleich leichtere Lektüre, – ich habe ja doch
1008 4013 4841 4179 weder den Jgnatius noch den NIL gelesen, beides würde mich sehr
1033 4128 4846 4264 interessieren, und auch zahlen will ich es, in Gottes Namen. Aber
1023 4229 4685 4414 veranlasse recht bald, dass ich es bekomme. Durch unsere WEGA
1018 4354 3050 4459 dauert es bestimmt drei Wochen ...\:p\
1023 4399 4986 4560 \p\Wir sind aufs Neue tief eingeschneit. Warum nicht, ich bin ja doch
1028 4540 3973 4670 krank, und Margot kommt ohnedies erst am Freitag.
1023 4615 4680 4786 Jch kann eigentlich gar nicht schreiben, so ermattet wie mir
1008 4725 3677 4921 zu Gemüte ist. Grüsse den Friedrich, innigst.\:p\
2438 4891 3863 5107 Jnnigst auch die Deine:
3511 5197 3873 5433 Miro [handschriftlich]
