3458 4385
2498 267 3039 475 25. XI. 29.
698 872 1768 1136 Ma chère Jaqueline –
755 1120 3002 1365 j'étais si contente d'avoir votre
761 1303 2932 1554 lettre! Je comprends très bien
702 1516 2917 1752 que vous n'avez pas le temps –
708 1702 3121 1872 moi-même je compte les minutes
717 1863 2942 2080 pour arriver à tout faire – donc
720 2067 3115 2331 soyez sûre que je ne suis pas fâchée!
780 2432 3241 2693 [space] je pense que vous allez voir Franz s'il
739 2542 3121 2828 va pour 2 jours à Paris – du reste,
695 2759 2822 2998 mon frère Hansi y va aussi –
629 2929 3024 3175 Hier mes amies partugaises sont
686 3112 3153 3407 parties pour Paris – ça fait que je
717 3313 3086 3549 suis encore plus seule. Mais je ne
689 3480 3222 3813 me plains pas – au contraire, je suis
695 3650 3121 3955 contente d'avoir tant à faire, de
752 3914 3064 4159 sentir que je fais des progrès –
819 470 2837 662 je voudrais finir mes études
784 649 2943 899 pour être capable de vivre
761 825 2840 1088 vraiment, intensivement et
739 1059 2860 1327 purement – Pardonnez que je
729 1267 3084 1529 m' exprime mal, mais vous savez
720 1462 3087 1724 de quoi je parle, c'est le genre de la
717 1583 3196 1846 vie – la façon – et il faut que ce soit beau.
614 1823 2844 2082 [space] Je trouve de bons camarades à
624 2006 2965 2278 l'Université, et pour le déjeuner
672 2127 3016 2450 je suis toujours invitéechez des gens
685 2357 2968 2629 gentils, chez ma grand' mère, chez
675 2546 1548 2690 des amies etc.
592 2661 2981 2920 Malheureusement je n'en pas assez
579 2812 3228 3180 de temps pour écrire – j'arrive juste
621 3013 3141 3327 a écrire des critiques de livres pour
627 3205 1315 3426 le journal –
621 3403 3154 3691 Vous ne croyez pas sérieusement que
633 3602 2876 3854 j'ai oublié notre projet et les
637 3778 3269 4027 grandes routes? Jaqueline, je voudrais
669 3934 3244 4130 vous revoir avant – mais on attendra –
265 4059 2025 4267 Soyez gentille et écrivez bientôt, –
2457 4149 3116 4277 Annemarie
