5276 6675
524 492 1815 693 ANNEMARIE SCHWARZENBACH
598 672 2212 984 Bocken bei Horgen
1244 857 2101 1201 (Zürichsee)
3779 291 4578 603 Mittwoch
974 1164 5033 1508 Weisst Du Erika dass die Zustände hier von
990 1350 5081 1789 Tag zu Tag an Unerträglichkeit zunehmen,
931 1540 4636 1995 dass die Stimmung im Haus für alle
937 1773 5049 2239 Beteiligten so unerfreulich wie möglich
942 2048 5091 2424 ist u. dass Mama mir eben in überzeu¬
931 2244 5134 2662 gender Weise gesagt hat, dass ich die Ursache
926 2466 4800 2794 dazu sei – ich sehe nicht recht wie das
910 2630 5081 3086 werden soll, jedenfalls ist es scheusslich –
921 2831 4970 3223 Ich habe Mama die ganze Sache mit
942 2990 4954 3525 Venedig erzählt weil es keinen Zweck
889 3213 5001 3673 hatte, ihre geradezu entsetzliche Erregung
900 3355 5007 3916 durch Lügereien die sie nicht glaubt
879 3641 4964 4170 zu vermehren. Ich habe dabei an Deine
984 3816 5012 4356 vernünftigen Ratschläge gedacht u. jedes
942 4028 4975 4525 Pathos vermieden u. auch bei ihr
889 4165 5076 4784 nach Möglichkeit gedämpft – Sie hat den
884 4430 5038 4938 Bericht an Papa weitergegeben, u. hier
863 4657 5102 5245 geht das Drama erst an: den[n] ich kom[m]e
873 4906 5060 5472 gar nicht dazu, mit Papa zu sprechen,
857 5139 5113 5642 er ist irgendwo sehr tief getroffen, sieht
868 5377 5128 5806 ganz krank aus u. küm[m]ert sich äusserlich
931 5584 4869 6102 überhaupt nicht um mich. Mama
831 5801 5012 6351 wirft mir auf alles was ich vorbringe,
926 6039 5065 6573 Folgendes vor: Dass ich mich, indem ich
676 327 5118 626 mich (nach den vorausgegangenen Auseinander¬
676 476 4808 859 setzungen) überhaupt mit Vollm.[oeller] oder R.[uth]
642 670 5024 1091 abgebe, eo ipso von l ihnen – meinen Eltern –
676 925 4896 1357 lossage, dass ich auch mich persönlich
659 1147 5029 1556 degradiere –  u. vor allem, dass ich den
698 1335 4885 1795 Palazzobewohnern den Triumph (schon
703 1584 4708 1977 wieder Pathos!) verschaffe, mich trotz
687 1833 4841 2221 Gegenwunsch meiner Eltern dazu gebracht
748 2049 3861 2526 zu haben zu ihnen zu kommen.
714 2299 5129 2697 \p\Und Papa, der sich sonst nie aus der Ruhe
731 2592 5090 3013 bringen lässt, sagt, man könne wen[n] es
737 2686 5007 3212 so weiter gehe, mit mir einfach nichts
748 2941 4946 3462 mehr zu tun haben, ... sieht uner¬
726 3273 3412 3561 träglich kum[m]ervoll aus.\:p\
692 3401 4736 3827 \p\Verstehst Du, sie sind einfach überzeugt
676 3650 4841 4016 dass bei mir etwas "nicht stim[m]t", dass
781 3816 4653 4309 ich irgendwo nicht normal, nicht
703 4054 5129 4558 zurechnungsfähig, u. zu allem noch hervorragend
753 4270 4952 4658 herzlos sei – Merkwürdigerweise ist es Mama,
709 4481 4957 4896 die dieses Mal Papa verhindert hat an, ich
753 4813 2387 5101 weiss nicht was –\:p\ [vertical space]
692 5301 5062 5611 Heute bekam ich von Korrodi die "römische
698 5483 5112 5921 Skizze zurückgeschickt, er findet sie sprachlich
742 5705 4896 6120 "sehr beschwingt", aber disproportioniert im
798 5899 5035 6375 Inhalt. Sehr langweilig, weil ich möchte
775 6187 4431 6491 dass man mein ohnehin rapide
1010 601 4980 999 schwindendes Selbstbewusstsein ein wenig
962 819 4757 1201 stärkt – ich habe doch letztes Jahr
994 1010 4853 1494 genau so schlecht geschrieben wie jetzt
1042 1217 4837 1701 u. sehe gar nicht ein weshalb er
957 1430 4810 1977 ausgerechnet jetzt so kritisch wird! [vertical space]
829 2110 5113 2551 \p\Morgen mittag haben wir Sitzung der Vortrags¬
840 2312 4847 2652 kom[m]ission, ich freue mich schon
829 2615 4698 2992 den Vorschlag mit betreffs "Jüngster
808 2875 5060 3258 deutscher Dichtung" [der Vortrag in Zürich wurde also unter einem ähnlichen Titel wie Klaus Manns "Anthologie jüngster Prosa" vorgeschlagen, aber ohne ihn zwingend dabei zu haben, s.u.] zu machen – Kom[m]st
834 3093 4943 3503 Du, falls die Sache einschlägt, lieber
808 3306 4985 3630 mit Klaus oder allein? Und wan[n]
829 3529 4927 4002 ungefähr? Schreib mir einmal was
861 3790 5044 4119 Du davon denkst, damit ich etwas
866 4066 3269 4449 Bestim[m]teres sagen kann!\:p\
850 4252 4980 4667 \p\Wie steht den[n] die Sache mit dem Stück?
877 4475 4746 4847 Weisst Du schon wan[n] die Première ist?\:p\
932 4935 1265 4978 I [vertical space]
856 5145 4736 5485 Gestern war ich bei meinem Arzt, der
856 5416 4959 5772 ein junger sehr hübscher u. sehr netter
850 5623 5033 5990 Man[n] ist, mit dem ich mich gern unter¬
797 5862 5049 6293 halte. Er sagt, ich könne nichts Besseres
904 6134 4922 6463 tun als möglichst bald von hier
701 323 4877 711 fort [added above line: zu gehen], nur findet er es unrichtig dass ich
787 550 4715 905 zuerst den Dr. machen muss, weil er
744 744 5071 1110 fürchtet dass ich mich wieder überarbeite.
771 965 4974 1358 Er sagte, "er habe das jetzt ein Jahr mit¬
760 1153 4958 1595 angesehen" – ich weiss nicht genau was
803 1401 5012 1800 er mitangesehen hat, aber recht hat
754 1568 5038 2021 er sicher, u. wir werden nächste Woche
754 1800 4952 2236 meinen Stundenplan zusam[m]en besprechen
749 2005 3454 2468 damit es möglich wird – [vertical space]
792 2732 5001 3050 Dieser Brief ist eigentlich auch unerträglich,
830 2883 4952 3233 u. Du musst schon verzeihen das ich so
819 3179 5038 3427 rücksichtslos bin, ihn Dir zu schreiben –
814 3314 4882 3627 ich denke, es ist das Los aller älteren
846 3503 4704 3853 Brüder, solche Dinge lesen zu müssen –
846 3745 4731 4042 besonders wenn es so einmalig gute,
868 3912 5076 4268 wundervolle u. süsse Brüder sind wie Du! [vertical space]
787 4430 5017 4785 Seltsam ist ja, dass ich mich meinen Eltern
846 4688 4958 5033 gerade jetzt ganz selten stark verbunden
835 4936 4985 5232 fühle, ich habe keine Angst mehr, u.
851 5109 4947 5443 habe ein gar nicht unangenehmes Soli¬
824 5308 4952 5658 daritätsempfinden, u. sie sind ja auch
620 5443 4737 5895 beide ganz wunderbar. Du musst sie
727 5750 4941 6079 unbedingt ken[n]en lernen! Schade dass
722 5938 4963 6283 Du jetzt nicht hier bist um ein weni¬
787 6143 4877 6510 zu meinen Gunsten reden zu können,
504 710 596 6335 Du hast das bei Em[m]y Krüger so gut gemacht – das
373 814 458 6390 war wirklich fabelhaft anständig von Dir, ich möchte
221 883 320 5997 Dir noch nachträglich die Hände küssen dafür!
138 4672 196 6245 – Sind Deine Photos schon fertig?? –
124 745 175 3989 Deine An[n]emarie
