5385 6938
2066 678 3491 902 Farmanieh, am 26. August
923 1281 4254 1462 \p\Der Brief reist zehn Tage, – hoffentlich musst Du, lieber
731 1414 4766 1575 Prinz Klaus Heinrich, nicht allzu lang und ungeduldig in Küssnacht
742 1548 4878 1671 drauf warten. Dort solltest Du die 300.- vorgefunden haben, die zu den
747 1655 4852 1777 anderen 300.- die Claude Bourdet doch wohl endlich an Euch geleitet,
753 1761 4937 1911 die runde 600.- ergeben. Sollte da irgend etwas passiert sein, so bitte
758 1852 4708 1986 ich Dich, mitsamt diesem Brief zur Kantonalbank in Horgen zu
758 1954 4921 2103 gehen (oder Deinen Bruder Bibi zu senden) – ich habe dort ein sogenann¬
747 2066 4991 2188 tes Sparkassenbuch, es trägt die B Nr. 393755 – Jch bitte die Herren dort
737 2146 4932 2327 Dir auf Vorweisen dieses Briefes frs. 200.- von meinem Guthaben auszu¬
753 2247 2658 2418 bezahlen. Dies für den Notfall. –\:p\
737 2322 4921 2498 \p\Mit dem persischen Visum ist's allerdings weit schwieriger: die Schweiz
742 2482 4862 2615 stellt es nur in Bern aus, und dazu bleibt keine Zeit – da Du den Pass
737 2578 4878 2711 dorthin (oder gar nach Genf?) schicken müsstest. Versuch es deshalb in
737 2669 4814 2808 der allernächsten Landeshauptstadt, also Wien, Prag – wo Du ja Aufent¬
753 2792 4846 2925 halt nimmst. Da man eigentlich Geld vorweisen muss – um zu versichern,
742 2882 4937 3032 dass man dort ohne etwas zu verdienen, leben kann – wird die beigelegte
742 2989 4446 3101 offizielle Einladung auf Gesandtschaftspapier nützlich sein.\:p\
737 3074 4766 3213 \p\Bitte fahr auf der russischen Strecke 1. Klasse – der Unterschied im
737 3197 4825 3309 Preis ist minim – in der Bequemlichkeit aber bedeutend. Nimm Dir auch
753 3240 5044 3427 etwas zu essen mit – eine Schachtel Cakes, ein Stückchen Käse und Schoko¬
753 3395 4830 3528 lade, auch Obst, und Mineralwasser – der russische Speisewagen im Som¬
742 3507 4884 3624 mer ist nicht das richtige. – Nur in Baku und auf dem Schiff gibt man
742 3597 2722 3710 Dir wieder leidlich zu speisen. –\:p\
715 3699 4638 3838 \p\Die Garderobe: ein Wintermantel wird bald nützlich sein – sogar in
737 3811 4633 3923 Syrien. Man braucht im Spätherbst im ganzen Orient keine leichte
742 3902 4697 4030 Kleidung, – nimm statt dessen eine abgenutzte Flanellhose mit,
737 4024 4601 4163 oder Kniggers (dies zum Reisen) – dazu einen Deiner grauen Anzüge,
747 4115 4692 4233 Pullower [sic], ja und den Smoking – die Leute tragen ihn hier lieber als
731 4169 4862 4377 anderswo. Dies sollte genügen – es ist, für die Autostrecken, sehr viel
721 4307 4638 4441 angenehmer, wenig Gepäck zu haben – besonders, da ich zur Rückreise
742 4419 2418 4553 allerlei zu schleppen habe!\:p\
635 4489 4804 4702 \p\[Paragraph ist mit Bleistift angestrichen, ev. v. KM wegen der Wichtigkeit der Information]Nun noch die Hygiene: kaufe Dir in einer Apotheke "Billivaxin", dies
737 4628 4862 4777 sind Pillen zum Impfen gegen Typhus und Paratyphus – Du schluckst sie
742 4724 4740 4889 ohne Beschwerde an dreimal vor dem Frühstück. Und trink unterwegs,
747 4841 3331 4948 schon in Russland, kein ungekochtes Wasser.\:p\
737 4943 4670 5087 \p\Nun kommst Du also – ich wäre sonst mit meinem türkischen Mädchen,
742 5055 4633 5145 deren Vater uns das Leben unnötig verbittert, nach Stambul abge¬
737 5129 4740 5247 reist, so überdrüssig war mir alles hier – nun profitiert der Claude
737 5231 4692 5396 von Dir, und ich bleibe – Nach Stambul können wir ja immer noch zu¬
742 5332 4633 5482 sammen fahren, falls Eri nicht nach Palästina kommt, möcht ich es
742 5439 1975 5588 ernstlich und gern. –\:p\
742 5530 4862 5684 \p\Jch war wieder krank, jawohl, und dann wieder – acht Tage Spital, in der
731 5647 4894 5813 Stadthitze, habe ich gerade hinter mir – man musste meinen Fuss öffnen
747 5748 4697 5861 (ich denke mir, es war ähnlich, wenn auch persisch-vergifteter, wie
721 5850 4718 5973 Dein Zehenstümpchen – auch sehr schmerzhaft) Leichtes Fieber, Kummer,
742 5962 4686 6090 und die Nachricht von Mauds entsetzlichem Unglück [Maud von Thyssen stirbt bei Autounfall] haben mir dort
721 6042 1366 6213 zugesetzt –\:p\
748 1016 4201 1229 \p\Dafür unterhielten mich die freundlich gesandten Bücher –
754 1181 4746 1342 wie kam denn unser Speyer zu soviel Uniformen-Kenntnis, und woher
748 1299 4704 1416 weiss er so genau, wie damals die feinen Leute lebten [gemeint ist wohl der im selben Jahr erschienene Roman Der Hof der schönen Mädchen v. Wilhelm Speyer 35]? Dass er von
759 1390 4933 1534 den jungen Mädchen nicht lassen kann [unklar, ob es sich auf den Roman oder auf die Biographie Speyers bezieht bzw. bewusst ambivalent gemeint ist]! Der Döblin – obwohl er eigentlich
764 1502 4917 1620 ein ernstes und, meint man, einfaches Buch ist [Pardon wird nicht gegeben, Gesellschaftsroman von Döblin 35]– hat manchmal etwas tief
759 1593 4762 1764 Ueberraschendes – ich glaube, es liegt am Stil einzelner Passagen, an
748 1737 3469 1823 einer grotesken Bitterkeit – Karls Hochzeit! –\:p\
764 1780 4693 1962 \p\Ja, nun muss der Brief weg – und soll Dich in besserer (als der mei¬
748 1914 4447 2020 nen), in bester Stimmung erreichen – ist jetzt auch alles klar?\:p\
759 1940 4645 2175 \p\Grüsse die Schiethalde – wie alt-eingesessen das doch klingt! – sag
754 2111 4517 2234 Medy. [sic] dass ich ihr einen Brief schulde – ob sie es gemerkt hat? –
754 2175 4816 2336 und sie soll doch die Matura bestehen, es ist ihr ein Leichtes – dies
754 2314 5051 2453 meine Ansicht. Auch Bibi sei herzlich bedacht – die Zauberers verehrungs¬
759 2421 1101 2566 voll.\:p\
1630 2785 2870 3057 Auf bald, auf bald –
3394 3089 3709 3373 Miro
1085 4169 4025 4511 An die Zürcher Kantonalbank, Filiale Horgen:
1090 4426 3859 4704 Ich bitte, dem Überbringer dieses Schreibens,
1074 4618 3704 4891 Herrn Klaus Mann, auf seinen Wunsch
1101 4891 4057 5169 Frs. 200.- (Zweihundert) vom Guthaben meines
1080 5121 4212 5420 Sparbuchs Nr. 393755 auszubezahlen. (Das Büchlein
1090 5334 4084 5591 wurde mir nach Teherau nachgesandt, ich kan[n] es
1048 5575 4153 5853 deshalb für den Rückzug nicht vorweisen lassen.)
2346 5837 3159 6056 Hochachtend
2550 6056 4730 6361 Dr. An[n]emarie Clarac-Schwarzenbach
492 6184 1812 6403 Teheran, 26. Aug. 1935
