5050 3180
1805 181 3388 418 [Kreuz] Siasconset, P.B. 66
1857 371 3073 562 [Kreuz] Nantucket Island, Mass.
2585 487 3221 664 23. Juli 1940
1416 701 4442 938 \p\das Datum, das ich soeben ausfindig machen musste, erschreckt
859 896 4521 1049 mich nicht wenig. Da sitze ich also schon wieder seit Wochen im vom Golf¬
863 993 4535 1156 strom gespeisten Insel-Nebel, und habe Dir noch nicht einmal geschrieben,
854 1105 4451 1262 auch keinen Prospekt und keine Geldgeber-Liste der Zeitschrift von Dir
863 1221 4576 1355 erhalten, und gleich wird es Herbst sein. Wüsste ich nur, ob ich nach Alaska
859 1304 4386 1481 oder in die Mongolei fahre, aber auch darüber weiss ich nichts. Und ich
845 1425 4535 1569 fing mehrmals an, Dir einen Brief zu schreiben, es wurde nichts daraus. Ich
845 1508 4567 1694 weiss nicht, wie Dir, der Du im sonnigen Brentwood vielleicht und hoffent¬
859 1624 4381 1815 lich doch ein äusserlich und innerlich ordnungsmässiges Leben führst,
859 1727 4386 1894 erzählen, was bei immer alles \g\nicht\:g\ stimmt. Es wäre natürlich ganz
854 1833 4511 2033 und gar verfehlt, das aufzuschreiben, worüber Margot und ich halbe Tage u.
854 1945 4576 2144 Nächte lang reden, so intensiv und ehrlich b[sic]on beiden Seiten, dass man sich
845 2070 4488 2228 fast um Kopf und Kragen redet. Denn was von allen minor difficulties und
835 2191 4302 2339 allen im Moment empfindlich schmerzenden Anlässen schliesslich übrig
835 2288 4465 2451 bleibt, ist doch: dass ich in der so oder so gearteten Umgebung mich zwar
840 2386 4381 2562 leicht adaptiere, auch nichts entgegen zu setzen habe, aber unglücklich
845 2492 4521 2636 bin, weil ich noch nicht sesshaft, auch wiederum von keiner Umgebung über¬
840 2613 4507 2785 zeugt bin, sie sei die meinige. Und vielleicht ist es wirklich so, dass ich
854 2701 4470 2891 "unglücklich sein will", d.h. die Spannungen von aussen brauche, und darum
840 2803 4400 2980 schon wieder auf die Landstrasse möchte. Es handelt sich nicht darum, ob
822 2910 3899 3068 Margot nach Alaska oder die Wüstenei mitgehen \g\würde\:g\, den\fml\\:p\
724 134 823 1889 Today first news from E A
545 1395 587 2191 Hotel Mayfair L. very
553 296 759 2963 gay and optimistic stop
425 903 540 3009 confident
125 886 177 3029 letter [?] I shall be [?] Clark middle
318 783 356 3033 of Sept. writing you
875 224 1041 707 love K. [womöglich Hand von KM selbst, Handschrift scheint seine]
905 238 4295 424 \fml\\p\denn dann wäre es für mich, ja nicht der Aufbruch und das von Allem
914 326 4389 546 weggehen, – wohl aber ist in mir der Verdacht wach, dieses Weggehen sei
923 494 4291 658 eine Neigung, dem Schicksal auszuweichen. – – Nein, ich kann mich nicht
919 616 4435 737 darauf einlassen, der Sache nach – und auf den Grund zu gehen. Jedenfalls
919 709 4533 867 aber ist es doch klar, dass für den Anderen, für Margot, nur übrig bleibt:
937 844 4431 970 ich sei zum Zusammenleben und zur Liebe nicht fähig und nicht bereit.
919 928 4496 1049 Am Wenigsten wirst Du verstehen, dass der Anlass zu einer so intensiven
923 1026 4501 1152 Krise jenes Mädchen Carson Mac[sic] Cullers war, die schwer krank ist, und in
937 1138 4454 1283 einer so merkwürdig abseitigen Vorstellungswelt lebt, dass man ihr mit
937 1259 4589 1390 keiner Realität auch nur beikommen kann. Und während ich glaube, mit aller
928 1343 4449 1502 behandelnden, erwägenden Vorsicht vorgegangen zu sein, erwartet sie, ich
937 1483 4501 1604 würde, da ich doch ihr Schicksal sei, morgen oder eines Tages kommen. Ihr
928 1586 4584 1730 Mann hat sie nun deswegen verlassen. Margot hat natürlich recht, zu sagen,
928 1702 3223 1819 an solchen Dingen \g\sei\:g\ man nicht unschuldig.\:p\
937 1805 4482 1926 \p\Nun, genug. Solche Stichworte können Dir nur spanisch vorkommen. Ich lege
928 1903 4608 2038 auch erneut Gewicht darauf, diese Vorkommnisse seien nur der Anlass, warum
947 1991 4603 2136 ich einerseits meine kleinen Arbeiten nur mit der linken Hand tu, und das
928 2113 4561 2243 ist abscheulich deprimierend, denn ich werde nichts Gutes schreiben, wenn
928 2229 4584 2351 ich nicht glaube, jede Seite sei wichtiger als alles andere auf der Welt.
942 2323 4631 2476 Und warum ich andererseits so hart nachdenken muss, über die Umstände mei¬
937 2425 4640 2565 nes Lebens, sodass alles ins Wanken kommt. Ich fürchte mich und bin ratlos.
942 2528 4654 2677 In anderen Zeiten wäre ich schnell in die Schweiz gefahren. Jetzt wäre das
947 2626 4696 2775 doch mindestens unvernünftig. Wie lange bleibt Ihr, E. und Du, denn im Westen?
928 2752 4561 2892 Ich sitze am Schweizer Aufsatz, – bin überhaupt, nebenbei, fleissig. Und nun
928 2878 4160 3045 berichte, bitte, grüsse allerseits aufs' Innigste und Herzlichste, –\:p\
757 731 802 2910 und wundere Dich nicht allzu sehr [handschriftlich ergänzt auf der Seite > add]
643 749 678 2910 über mich. In aller Zärtlichkeit
503 720 541 1182 à toi.
432 1715 465 2048 Miro
