5140 6569
3102 283 4821 667 Bocken bei Horgen
3791 603 4687 940 (bei Zürich)
673 897 1580 1313 Son[n]tag 4 1/2 U
694 1233 4810 1628 Liebe Erika, ich habe heute schon zehn Seiten
710 1463 5008 1879 an dem geschrieben, was vielleicht ein Roman
726 1682 4848 2082 werden wird, falls ich genug Geduld u.
731 1933 4917 2306 Talent aufbringe – Aber leider werde ich
747 2119 4997 2525 ja nur sehr wenig Zeit haben, den[n] mein
753 2322 5002 2701 eben betrachtetes Program ist so umfangreich
721 2600 4944 2984 dan man es mit der Angst kriegen kön[n]te.
726 2787 4661 3123 Aber in solchen Fällen klappt man
726 3006 4581 3438 bekanntlich den Mantelkragen hoch –
715 3241 4970 3625 Für andere Dinge war das übrigens noch
721 3486 4960 3839 nicht nötig, ein netter Onkel [ev. Georg Reinhart] war gestern
694 3758 4917 4047 mit meinem Victory (das ist mein Anto)
689 3908 4618 4271 an der Bahn, u. sagte mir auf der
715 4122 4885 4575 Heimfahrt, in Stresa habe sich aller¬
753 4346 4848 4757 dings ein ziemliches Gewitter angesam[m]elt
742 4607 4890 4890 dessen Ursache u. Opfer ich sein würde –
699 4832 4591 5179 mehr wüsste er aber als diskreter
694 5056 4778 5430 Outsider nicht zu sagen. Papa war
769 5376 4837 5670 nicht zu Hause, die Brüder auch
721 5542 4639 5814 nicht, so dass ich in Ruhe essen,
699 5798 4901 6214 baden u. schlafen konnte. Am Frühstück
667 274 4769 769 heute morgen war Papa zuerst sehr lieb, aber
699 618 4774 952 irgendwie spürte ich dass er, was selten
656 806 4634 1204 der Fall ist, gegen mich eingenommen
704 1097 4715 1414 u. sogar heimlich erbittert war. Er
699 1333 4871 1688 sagte dan[n] irgend was, nicht sehr tragisch,
672 1516 4613 1930 u. gar nicht wegen Reise oder Rut,
699 1785 4742 2124 sondern nur wegen Stresa. Aber ich
699 2048 4860 2366 werde Dir darüber lieber erst schreiben
710 2280 4812 2624 wen[n] Mama zurück ist, denn das wird
688 2564 2059 2806 viel Schlim[m]er –
645 2715 4704 3118 \p\Gestern hat sie [add: Mama] samt Frau Stoffel mit
640 2978 4806 3371 drei unserer Pferde einen Wanderpreis
667 3167 4769 3581 für die Schweiz erobert, das ist sehr
629 3468 1172 3796 schön.\:p\
591 3699 4613 4172 \p\Mein Zim[m]er ist wunderbar ruhig, voller
624 3973 4570 4371 Bücher u. auf dem Schreibtisch liegt
651 4215 4344 4618 unversehrt mein Freund der Tiger
618 4511 4919 4887 auf dem Tisch eine süsse Hallerstatuette
629 4672 4941 5118 aber der Tiger ist noch schöner. Ausserdem
602 4876 4559 5242 habe ich die Königin Nofretete bei mir,
634 5081 4640 5505 sie steht auf meinem Bücherschrank,
597 5344 4661 5758 schön u. hochmütig, u. sieht über
608 5538 2064 5919 mich hin weg.\:p\
570 5790 4887 6247 \p\Und jetzt muss ich arbeiten. Es kostet sehr viel
586 6113 4731 6339 Überwindung, den[n] ich bin tatsächlich
586 6279 2704 6462 ganz aus der Übung! –\:p\
360 393 1790 770 \p\Sonntag nacht.\:p\
595 759 4917 1135 ich habe meinen Bruder Hansi abgeholt,
595 999 4874 1337 der zerschlagen u. siegreich von einem
617 1250 4939 1659 Hockeymatch zurückkam – seine loyale
584 1479 4890 1866 u. freundschaftliche Gegenwart u. unsere
557 1746 4961 2145 "kurze, aber innige" Unterhaltung haben
600 1997 4661 2390 mich etwas getröstet, denn ehrlich
595 2265 4781 2620 könnte ich ja nicht behaupten dass
529 2456 4759 2865 ich sehr glücklich bin! Du bist nicht
573 2691 4868 3002 so leicht zu entbehren wie Du es mir
606 2953 4612 3274 einreden wolltest u. wie ich gerne
589 3165 4977 3569 geglaubt hätte, weil ich Dir nun einmal
622 3433 4797 3837 gern glauben will ... Schon tagsüber
660 3738 4977 4164 hatte ich ganz unberechenbare Anfälle
671 4000 4977 4388 völliger Entmutigung, ziemlich schwer
699 4202 4874 4666 zu beschreiben u. noch schwerer zu
682 4464 4688 4868 ertragen: Eine plötzliche Leere, so
775 4753 4497 5152 ganz ohne Hoffnung dass man
791 5043 4857 5539 schreien könnte – u. jedesmal zwang
786 5337 4846 5758 ich mich als gut erzogener junger
748 5643 4868 6047 Mensch, an etwas anderes zu denken,
742 5927 4928 6418 mich rasch auf einen Satz, auf
533 398 4042 791 eine Aufgabe zu konzentrieren –
581 662 4446 1033 u. jetzt, weil es Abend ist u. ich
549 931 4731 1329 nicht arbeiten mag, kann ich schon
571 1190 4893 1588 gar nichts mehr ertragen, auch Ruts
673 1432 4505 1722 Bild nicht welches mich in der
506 1663 4613 2072 Kaulbachstrasse gar nicht gestört hat –
630 1895 4903 2228 ich möchte wie ein Kind, andauernd
624 2110 4710 2627 sagen dass man mir helfen soll –
603 2277 4737 2847 u., Du sagtest ja ich sei in[n]erlich
624 2551 4833 3052 verwildert u. ungezogen u. so kan[n]
743 2794 4720 3450 ich auch jetzt nicht begreifen dass
597 3170 4451 3779 kein Zorn u. keine Auflehnung
689 3466 4850 4005 bewirken werden, dass mein grosser
764 3698 4882 4290 Bruder Eri kom[m]t, den ich sehr liebe –
2675 4500 4333 4823 Deine An[n]emarie
