5357 6902
1951 476 3343 684 THE JOINT EXPEDITION
2349 631 2979 786 TO PERSIA
1951 728 3363 961 ERICH F. SCHMIDT, FIELD DIRECTOR
524 883 1757 1111 THE UNIVERSITY MUSEUM
796 1068 1485 1233 PHILADELPHIA
3504 839 4819 1092 THE PENNSYLVANIA MUSEUM
3984 1019 4343 1155 OF ART
3814 1097 4513 1257 PHILADELPHIA
3916 1252 4571 1451 4. Nov. 34
1126 1495 5027 1844 \p\Ja, Klaus, ich sehne mich nach Euch u. ich muss nach
1135 1742 5037 2043 Hause. Was es auch sei, es wächst mir über den
1174 1956 4896 2198 Kopf. Das Land ist zu gross, das Leben hier
1184 2179 4993 2446 draussen zu abseitig – tätig u. einförmig, das
1252 2324 4862 2625 in den breiten Strassen der Hauptstadt
1237 2548 4804 2829 wiederum zu menschenreich, zu verwirrend,
1262 2698 4906 3033 zu ungegliedert. Soviele Perser, die sonderbare
1325 2878 4969 3169 Feste arrangieren, zu lange Bar-Nächte mit
1296 3072 5042 3392 der Gräfin Rosen [Maud von Rosen, Vorbild für Katrin Hartmann in "Eine Frau allein" (so behauptet Perret in "Bei diesem Regen")], die, zwischen Maria u. Greta
1320 3237 5115 3610 Garbo die Mitte haltend, schön wie ein Erzengel
1359 3455 5119 3814 die Gemüter verwirrt — zu viel für mich jeden¬
1349 3702 4629 4003 falls. Zudem bin ich nun einmal ein
1412 3843 5032 4197 Deutschenhasser. Und das ist unser hyper¬
1407 4057 4052 4445 fleissiger kleiner Direktor [Erich Schmidt, anderswo spricht sie besser über ihn]. Kurz –\:p\
1417 4309 5192 4615 \p\Vielleicht sind wir im Herbst alle in Amerika?
1431 4527 5095 4828 Den Slenka [recte wohl Sklenka, Hans/Johann, Mitglied der Pfeffermühle] habe ich mir ja gleich so schön
1431 4692 4930 5022 vorgestellt, u. die "Flucht in den Norden".
1393 4945 5095 5265 eben auch. Es ist nur nicht so, – abgesehen
1417 5139 4906 5469 dass mich die Neue Z. Z. etwas verwundert,
1470 5304 5153 5716 geht das nicht doch zu weit? Vielleicht – Schreibe
1509 5561 5139 5891 ich nun auch K.[orrodi] einfach einen Artikel?
1514 5799 4809 6119 Aber ich schreibe ja gar keinen. Ein
1621 6022 5022 6410 paar traurige Stückchen sind alles u.
1533 6318 2514 6629 das Letzte ...\:p\
1009 428 4648 785 \p\Ja, ich fahre also durch Russland, es ist wegen
1039 651 4678 950 Geld, weil es halb soviel nur kostet. Ich lasse
1029 885 4787 1198 leider einen befreundeten Clarac hier zurück,
1039 1079 4897 1307 Claude Achille, dessen Botschaft für mich im[m]er
1094 1288 5091 1551 ein Bad u. eine Stube bereit hielt. Wir verbringen
1124 1526 4991 1785 zusam[m]en sonderbare kleine Abendessen, Gespräche,
1148 1790 4837 2048 Nachtfahrten — Teddy spielt dabei eine grosse
1143 1944 4931 2192 Rolle. Aber es ist dann immer schwer, wieder
1183 2118 4882 2471 in unser Lager zurückzufahren, wo es schon
1178 2361 4395 2665 sehr kalt ist zuweilen. Und überhaupt –\:p\
1168 2560 5125 2928 \p\Wen[n] nun der L. vom Zauberberg [gemeint ist wohl Thomas Mann, aber was bedeutet das L. genau?] im Januar nach
1183 2799 5016 3147 Sils übersiedelt, ist dan[n] gar keine Aussicht
1203 2993 5006 3341 dass Du auch wieder kom[m]st? Es könte doch
1203 3311 2739 3599 sehr friedlich sein.\:p\
1233 3510 4907 3793 \p\In einem Monat bin ich in der Schweiz, u.
1293 3718 4887 4066 da wo die Mühle dan[n] spielt. Und wegen der
1293 3927 4971 4270 "S" [Sammlung] müssen wir natürlich noch etwas zuwege¬
1258 4290 1884 4598 bringen – –\:p\
1889 4554 4703 4897 Adieu, Klaus – Grüsse die Zauberers
1939 4757 4728 5041 mit Klein-Kindern, den Sklenka,
1944 4946 4648 5334 u. Dich selbst, am Zärtlichsten, von
3480 5250 3848 5642 Miro
865 6174 4554 6622 P.S. ich könnte jetzt auch einen hiesigen Kurdenprinzen
1119 6338 4419 6736 heiraten, er besitzt mehr als ein Dorf, – aber ich hänge
1094 6582 2506 6781 doch in sehr an Euch – – –
