3677 4605
2147 373 3316 648 Paris, 21. März [1934]
3007 561 3451 729 vor Hochzeit [hs Hinzufügung, ev. von Alexis]
890 958 3148 1196 Mein lieber Paps! Ich fahre nun heute
890 1169 3148 1341 schon weg, weil ich ausser nach Nantes
874 1320 3293 1509 noch in den Haag fahren will um Erika
857 1445 3293 1646 Mann adieu zu sagen, u. die drei Tage bis
880 1579 3303 1821 Du hierher kom[m]st, hätte ich praktisch in
867 1740 3504 1996 Paris gar nichts zu tun — We[n] die Zeit weniger
840 1908 3427 2150 knapp wäre, u. ich nicht fürchtete sonst zu
840 2060 3326 2288 spät nach Bocken zurück zu kom[m]en vor der
840 2197 3273 2466 Abreise, hätte ich noch so gern hier noch
806 2389 3165 2607 ein paar Tage zugebracht u. auf Dich
813 2503 3434 2836 gewartet! Aber, Du wirst ja wohl nur einen
840 2722 3306 2933 Abend hier sein. Ich wünseln Dir eine
803 2869 3202 3121 recht gute Reise, das Wetter ist jetzt so
833 3037 3451 3289 herrlich u. die Seereise wird sicher herrlich –
827 3182 3336 3444 In N. York grüsse bitte Freddy u. Itala
833 3394 3451 3605 Viehnals. Ich werde Dir früh genug schreiben
813 3565 3323 3820 wen[n] Claude u. ich uns verheiraten, es
843 3699 3320 3978 wird wohl etwa der 20. oder 22. sein, da
810 3931 3511 4234 Mama am 24. wieder von Beyrouth abfährt.
567 497 3313 825 8 1/2k. [unleserlich] Claude schrieb mir, dass Du ihm
652 674 3457 1013 so nett geschrieben hattest. Wen[n] er Dir darauf
623 855 3361 1083 Noch nicht geantwortet hat, so ist das eine
623 969 3423 1249 Grosse Schlamperei von ihm! Für einen Diplo¬
590 1146 3283 1371 maten ist er ja etwas nachlässig u. unbesorgt.
612 1238 3346 1526 Ich bin jetzt recht gespannt, wie er Mama gefallen
575 1378 3357 1610 wird. Vielleicht, wen[n] sie ihn gern hat, wird
582 1518 3316 1798 sie das allgemein beruhigen u. "entspannen" —
564 1736 3523 1935 Sie ist ja gegen mich mehr den[n] je mit Widerspruch
575 1901 3457 2134 u. Misstrauen gewappnet, was ich eigentlich gar
564 2005 3405 2255 nicht verstehen kan[n] – den[n] in Samaden waren
586 2163 3445 2454 wir doch fest entschlossen, dass dies sich ändern
575 2392 3328 2557 sollte. Ich hoffe, dass es noch mit der Zeit
542 2561 3291 2756 besser wird, besonders wenn ich ihr keine neuen
545 2712 3379 2941 Anlass gebe – Dir, Papsli, danke ich sehr für alles,
601 2867 3409 3106 es war schön dass wir wenigstens ein bisschen
545 3011 3460 3246 zusammen sprechen kon[n]ten. Zu wirst sehen das ich
564 3162 3493 3405 Von Persien dies mal ganz gesund u. munter wiederkom[m]e!
593 3316 3372 3530 Margot Lind lässt Dich auch vielmals grüssen,
575 3482 3438 3737 sie Fährt heute mit ihren Auto nach Deutschland
556 3619 3184 3925 zurück. Nun nochmals eine gute Reise, mein
545 3829 3246 4135 lieber, lieber Papsli – u. viele Wünsche u. Grüsse –
1714 3983 2340 4241 von Deiner
2288 4205 2856 4374 An[n]nemarie
330 616 376 4508 P.S. In 8 Tagen kom[m]e ich wieder nach Paris (bei M. Bourdet, 47 Av. D' Jena[)]
207 597 284 4402 – um meine inzwischen fertiggemachten Sachen abzuholen, u. fahre dan[n]
135 669 168 3959 nach Bocken .– Claude Bourdet lässt Dich auch sehr grüssen! –
