5185 7281
724 377 1738 622 Studentenschaft
558 607 1909 910 der Universität Zürich
3260 538 3823 773 Zürich, den
1057 1752 4386 2110 \p\Dein zweites Telegramm, E., hat mich sehr
1062 2036 4283 2335 getröstet über den Hausschlüssel den
1077 2261 4450 2589 ich gern verwendbar in der Tasche hätte –
1067 2462 4254 2756 Hast Du den[n] schön gespielt, war es
1028 2682 4352 3015 schön, erfolgreich, nett mit Bert, u.
1067 2917 4425 3343 ganz ohne Ärger? Jetzt bricht dafür
1072 3118 4361 3554 eine Sintflut über die Welt herein
1052 3392 4386 3779 u. dazu hat Fredi meinen Victory
1052 3647 4337 4063 richtig zu Schanden gefahren, der
1003 3921 4342 4249 Wagen sieht aus wie man es sonst
999 4131 4435 4459 in amerikanischen Zeitungen zu sehen
979 4371 4503 4733 bekom[m]t, das ist für mich sehr bitter.
999 4636 4552 5008 In 14 Tagen, heisst es, soll er wieder
1033 4885 4640 5218 gangbar sein, aber wer weiss, die Mecha¬
1052 5164 4278 5429 niker sind gar nicht optimistisch –
1013 5350 4680 5654 Das müsste dem Ford passieren, ich denke
1052 5575 4596 5903 oft u. mit wahrer Zärtlichkeit an
1028 5796 1400 6050 ihn [Identifikation/Projektion Ford-Erika hier sehr stark] –\:p\
1052 6060 4778 6442 \p\Regnet es auch am Achensee? ich wünsche
1126 6275 4636 6643 Euch etwas Besseres, aber wie gesagt, die
1008 6510 4939 6907 Schweiz kön[n]te es des Theres auch nicht bieten –\:p\
917 956 4613 1382 \p\Mein Papa ist im Engadin u. vorher hat er
991 1234 4539 1630 mir gesagt, dass ich nicht glauben dürfe,
1050 1511 4380 1848 so ganz isoliert zu sein wie Mama es
917 1690 4420 2056 leider gern haben wolle. Das hat mich
966 1937 4514 2349 gefreut, aber auch Mama ist jetzt netter
1016 2131 4504 2567 geworden, ich glaube dass in einigen Tagen
961 2418 3582 2750 alles sich zum Guten wendet –\:p\
976 2661 4578 2983 \p\Arbeit habe ich mit dem Buch [Freunde um Bernhard], u. leider
1011 2914 4440 3236 niemanden zum Vorlesen. Weil ich es
976 3112 4440 3429 nämlich nur Dir mit dem rechten
976 3355 4529 3746 Genuss vorlese, auch bin ich fertig, und
1011 3691 4876 4004 schreiben den 1. Teil nochmal was mühsam
1001 3895 4990 4286 u. langsam vor sich geht. Im Übrigen lese ich
922 4142 4841 4504 Tag u. Nacht, es ist eine fruchtbare Zeit.
1036 4395 4826 4702 Ob Du gleich wieder nach Pertisau [Ort am Achensee] gefahren
1046 4618 4613 4945 bist, dort habe ich wunderbar geschlafen
1090 4930 4841 5163 u. würde gern in Ferien sein, es ist gar nicht
1041 5188 2478 5515 zu sagen wie gern –\:p\
1412 5441 4157 5773 Adieu, Grüsse u. Küss der Theres [sic]
1427 5688 4073 5981 u. dass es Euch recht wohlergehe
2968 5941 4093 6268 Dein Kind A. –
