3647 4646
2078 247 2571 418 12. Juillet [1927]
608 823 3262 1134 On parle de Voltaire. Depuis des siècles.
644 1034 3258 1298 Je m'ennuie, souvent – presque toujours
640 1270 3101 1466 J'ai envie de t'écrire, mais mon
579 1320 3355 1684 bras me fait t si mal, j'ai une leçon
594 1563 3294 1903 de piano demain – Lundi j'avais 2 leçons
672 1835 2253 2067 mais je ne savais rien.
633 1956 3387 2182 Tu me demandes que je te parle de mon
633 2099 3387 2350 travail. Eh bien – je suis fatiguée – mais
751 2360 3372 2578 je travaillerai quandmême. Je vois que j'ai
587 2532 3401 2786 beaucoup à apprendre – je ne sais comment
558 2664 3440 2961 finir. Je ne peux pas travailler les mathéma¬
576 2868 3118 3147 tiques seules, j'y comprends trop peu.
547 3072 3412 3290 J'avance bien en Latin (excepté la Gra[maire,
633 3269 3319 3508 Isa et moi nous lisons Horaz – ce sont
576 3455 3380 3673 des leçons très amusantes et intéressantes.
554 3608 3244 3855 En Classe on lit Tacitus, Livius, encore
565 3823 3287 4063 Horaz. J'ai 8 ou 9 leçons par semaine.
594 4016 3165 4284 En Français on finit (!) Voltaire. Moi je
1785 4202 3469 4399 la vie de Rousseau la semaine
358 206 3426 492 Que penses-tu de Rousseau? Je l’aime comme
518 366 3407 675 jeune garçon auprès de Mme de Warren
1578 522 3243 793 – J'ai lu a mon travail
595 728 3407 1021 sur les Romantiques et leur influence
617 953 3121 1201 sur l’histoire dans la classe de
545 1166 1509 1387 Dr. Camenisch.
579 1353 2397 1616 Maintenant je j'apprends l'histoire
621 1467 3213 1757 ancienne avec Mlle Dr. Köhler (Seule).
614 1666 3217 1932 et l'histoire moderne avec Dr. Cam.
705 1860 2832 2153 J'apprends seule la littérature.
614 1997 3312 2279 Cela suffira pour te donner une idée
709 2226 1917 2416 de mon travail.
579 2340 3083 2546 Quant aux élèves – – je suis très seule.
610 2500 3038 2759 Gisela N. est touchante. Elle m'énerve.
717 2626 3415 2862 J'aime malheureusement toujours Lia, sans
2363 2790 3407 2935 raison – Que veux-tu, – on est soumi
2073 2904 2241 3026 Lia
690 2916 3163 3186 à ses passions. Elle [Lia] est i belle ni
667 3079 3198 3396 vraiment spri spirituelle, es elle est
739 3278 2538 3548 que sensible. C'est tout.
713 3491 3316 3705 En 4 semaines les vacances commencent.
800 3605 3175 3846 J'irai directement à Bayreuth pour
751 3807 2695 4021 les Festspiele. Je me réjouis.
781 4006 3106 4227 Adieu, chère Dominique – bien à toi
793 4170 2542 4368 (J'attends bientôt une lettre)
2607 4238 3198 4398 A[nemarie
