3485 4448
2403 175 2958 315 [Unterstreichungen] 10. Nov. 25
2060 297 3204 494 b/ Dr. Schlup, Fetan.
651 436 1960 719 Lieber Herr Pfarrer!
494 647 2893 883 Eben ist der im[er sehnlich erwartete
540 833 2965 1084 Postbote u. id bekam all meine
504 969 3047 1259 Sachen zurück. Ich danke Ihnen viel¬
508 1177 3058 1423 mals, besonders aber für Ihren Brief.
569 1320 3158 1638 Wissen Sie, man kan[ hier jedes Wort
540 1448 3033 1817 der Aufmunterung u. des Zutrauens gut
529 1602 3337 1967 brauchen. Die Lehrer sind eben nur Lehrer,
515 1767 3244 2131 recht sympathisch, z. B. der Mathematik¬
533 1945 3283 2317 lehrer Dr. Luthy. Aber man muss gerade
440 2078 3329 2511 für ihn ganz furchtbar arbeiten. Ich habe
483 2282 3297 2600 auch viel Mühe, in all all den schweren Fä¬
465 2375 3326 2804 chern nach zu kommen, u. man hat ständig
494 2553 3308 2958 einen Berg v. Arbeit u. unverstandlichen
497 2768 3211 3183 Dingen vor sich. Aber merkwürdiger Weise
536 2936 3083 3333 hat mich nichts verletzt bisher ausser
526 3111 3186 3483 einem: Dass der junge Deutschlehrer mir
558 3287 3297 3669 meinen ersten Aufsatz ungeniert zurück¬
561 3462 3097 3884 gab u. mir erklärte (sehr freundlich) –
647 3698 3329 4027 Soldie Aufsätze schreibe ein junges Mäd¬
615 3866 3047 4199 chen nicht, der Stil sei leidlich etc.
514 160 3252 402 Man ist sehr müde. Es hat tuditig ge-
484 313 3133 574 schneit u. man hat eine nette Arbeit,
477 462 3177 767 in die Schule zukom[en. Wan[ ich nun
484 637 3330 931 Skiefahren kom[e, weiss ich allerdings nicht.
417 779 3293 1129 Ich kann sowieso nichts in den Stunden.
384 935 2958 1255 Zuerst war ich ganz wahnsinnig ehrgeizig.
402 1132 3248 1456 Es ist ein Mädchen da, die mir überall
466 1274 3181 1658 klüger, überall weiter schien. Ich glaubte,
469 1449 3226 1784 weiter zu kommen, indem ich oft bis 12 Uhr,
548 1579 3248 1937 1 Uhr u. 2 Uhr Formeln lernte, um dan[ voll-
324 1766 3315 2079 standig entmutigt zu sein. Mich interressieren[sic] eben
361 1889 3200 2190 all diese scheusslichen Dinge nicht, mit denen ich
436 2071 3058 2373 mich nun Tag u. Nacht herumquälen muss.
391 2149 3330 2507 Aber Ellen u. ich haben uns zum Glück jetzt so
406 2339 3319 2675 zusammengeschlossen, dass wir zusammen arbeiten u.
361 2492 3244 2790 ich fühle mich etwas wohler durch sie. Allerdings
361 2581 3226 2980 führt unsere Freundschaft zu ewigen Konflikten
425 2719 3282 3032 mit allen Anderen – es sind furchtbare Durch¬
488 2853 3267 3185 schnittsmenschen, geistlos faul u. kleinlich. Nun,
451 2987 3185 3315 wir sind ja zu zweit u. Ellen bewahrt mich,
454 3170 3174 3468 auch davor, eine Gehirnmaschine zu werden.
473 3263 3244 3643 – Jetzt ist Führertag! Ich kön[te aber keinen Ar¬
425 3449 3233 3751 tikel schreiben, ich bin viel zu müde, um etwas
507 3598 3148 3893 anständiges zu schreiben! Also nochmals vielen
440 3721 3300 4027 Dank. Grüßen Sie den Reiner Hügel von Ihrer
2518 3904 3114 4075 An[emarie.
