<?xml version="1.0" encoding="UTF-8"?>
<validation-wrapper>
   <PcGts xmlns="http://schema.primaresearch.org/PAGE/gts/pagecontent/2013-07-15">
      <Metadata>
         <Creator>prov=READ-COOP:name=TrHtr:version=2.43.0:model_id=51170:date=29_05_2026_14:15</Creator>
         <Created>2026-05-29T13:54:38.425+02:00</Created>
         <LastChange>2026-06-05T08:21:29.975+02:00</LastChange>
         <TranskribusMetadata docId="16505755"
                              pageId="121222563"
                              pageNr="1"
                              userId="210611"
                              imgUrl="https://files.transkribus.eu/Get?fileType=view&amp;id=DMIFIVKZINASBOLMUSGDAQGN"
                              imageId="102888526"/>
      </Metadata>
      <Page imageFilename="letter_0758_001.jpg"
            imageWidth="3476"
            imageHeight="4448">
         <TextRegion orientation="0.0" id="tr_1" custom="readingOrder {index:0;}">
            <Coords points="552,158 552,4240 3343,4240 3343,158"/>
            <TextLine id="tr_1_tl_2" custom="readingOrder {index:0;}">
               <Coords points="1857,401 1888,405 1951,380 2010,398 2059,380 2097,398 2118,380 2129,394 2195,370 2234,377 2234,251 2171,279 2038,195 2003,209 1958,185 1860,192"/>
               <Baseline points="1880,340 1906,337 1932,337 1958,335 1984,334 2010,334 2036,334 2062,334 2088,334 2114,334 2140,334 2166,333 2192,332 2218,332 2244,334"/>
               <TextEquiv>
                  <Unicode>Fetan</Unicode>
               </TextEquiv>
            </TextLine>
            <TextLine id="tr_1_tl_3" custom="readingOrder {index:1;}">
               <Coords points="2073,537 2460,506 2541,551 2621,492 2834,478 3068,572 3078,373 2754,300 2534,405 2391,356 2251,412 2077,384"/>
               <Baseline points="2092,507 2141,507 2190,504 2240,506 2289,503 2339,498 2388,495 2437,493 2487,492 2536,489 2586,486 2635,483 2684,480 2734,476 2783,475 2833,476 2882,474 2931,474 2981,476 3030,480 3080,480"/>
               <TextEquiv>
                  <Unicode>bei Dr. Schlup</Unicode>
               </TextEquiv>
            </TextLine>
            <TextLine id="tr_1_tl_4" custom="readingOrder {index:2;}">
               <Coords points="754,1078 935,1057 1009,1106 1155,1050 1480,1064 1651,998 1947,1159 2174,1075 2181,900 2070,872 1989,911 1850,845 1619,876 1413,803 764,866"/>
               <Baseline points="776,1056 846,1059 916,1054 987,1050 1057,1048 1128,1046 1198,1041 1269,1044 1339,1044 1410,1044 1480,1039 1550,1030 1621,1019 1691,1020 1762,1015 1832,1006 1903,1001 1973,996 2044,994 2114,994 2185,994"/>
               <TextEquiv>
                  <Unicode>Lieber Herr Pfarrer!</Unicode>
               </TextEquiv>
            </TextLine>
            <TextLine id="l" custom="readingOrder {index:3;}">
               <Coords points="611,1382 621,1235 1550,1134 2949,1092 2939,1277 2729,1302 2195,1351 1996,1365 1647,1372"/>
               <Baseline points="635,1364 713,1356 792,1351 870,1342 949,1331 1027,1329 1106,1327 1184,1327 1263,1322 1341,1314 1420,1310 1499,1306 1577,1301 1656,1290 1734,1291 1813,1288 1891,1280 1970,1280 2048,1271 2127,1270 2206,1262 2281,1258 2314,1261 2348,1264 2381,1266 2415,1268 2448,1264 2482,1260 2515,1258 2549,1253 2582,1253 2616,1252 2650,1250 2683,1250 2717,1250 2750,1249 2784,1246 2817,1244 2851,1242 2884,1238 2918,1236 2952,1238"/>
               <TextEquiv>
                  <Unicode>Hier oben ist es gut, dass die</Unicode>
               </TextEquiv>
            </TextLine>
            <TextLine id="l_1" custom="readingOrder {index:4;}">
               <Coords points="593,1588 600,1396 2806,1256 3106,1309 3099,1424 1473,1574 1082,1595"/>
               <Baseline points="614,1546 673,1548 732,1546 791,1542 850,1538 909,1531 968,1532 1027,1531 1086,1531 1145,1527 1204,1523 1263,1519 1322,1518 1381,1513 1440,1510 1499,1513 1558,1512 1617,1510 1676,1503 1735,1495 1794,1480 1938,1476 1996,1469 2054,1460 2113,1454 2171,1450 2230,1446 2288,1442 2347,1441 2405,1437 2464,1433 2522,1429 2580,1425 2639,1423 2697,1420 2756,1417 2814,1415 2873,1410 2931,1406 2990,1403 3048,1401 3107,1394"/>
               <TextEquiv>
                  <Unicode>Welt schön ist. Den[ das ist alles –</Unicode>
               </TextEquiv>
            </TextLine>
            <TextLine id="tr_1_tl_9" custom="readingOrder {index:5;}">
               <Coords points="586,1769 1829,1762 2286,1626 3138,1630 3151,1431 939,1567 775,1640 600,1595"/>
               <Baseline points="608,1755 735,1737 862,1725 989,1714 1116,1705 1243,1701 1370,1698 1497,1694 1624,1677 1751,1668 1878,1663 2005,1650 2132,1640 2259,1626 2386,1620 2513,1610 2640,1603 2767,1606 2894,1603 3021,1603 3149,1600"/>
               <TextEquiv>
                  <Unicode>die hässlichen Gesichter im Institut</Unicode>
               </TextEquiv>
            </TextLine>
            <TextLine id="tr_1_tl_10" custom="readingOrder {index:6;}">
               <Coords points="597,1958 750,1926 859,1968 963,1899 1012,1926 1092,1892 1260,1961 1536,1986 1553,1804 1410,1776 1267,1801 1173,1762 893,1874 750,1818 607,1853"/>
               <Baseline points="620,1946 666,1936 713,1930 760,1924 807,1919 853,1911 900,1905 947,1901 994,1901 1040,1896 1087,1892 1134,1888 1181,1884 1227,1881 1274,1878 1321,1877 1368,1872 1414,1868 1461,1865 1508,1865 1555,1856"/>
               <TextEquiv>
                  <Unicode>öden mich an.</Unicode>
               </TextEquiv>
            </TextLine>
            <TextLine id="tr_1_tl_11" custom="readingOrder {index:7;}">
               <Coords points="607,2108 1864,2056 2000,2143 2680,1989 3089,2035 3214,2007 3218,1916 2495,1965 2310,1867 1860,1881 1543,2000 1131,1916 946,2003 611,1965"/>
               <Baseline points="626,2074 753,2078 883,2071 1013,2065 1143,2058 1274,2057 1404,2056 1534,2055 1664,2050 1794,2044 1925,2041 2055,2032 2185,2025 2315,2023 2445,2013 2575,2000 2706,1989 2836,1991 2966,1991 3096,1991 3227,1985"/>
               <TextEquiv>
                  <Unicode>Dan[ ist es auch gut, dass man so</Unicode>
               </TextEquiv>
            </TextLine>
            <TextLine id="l_4"
                      custom="readingOrder {index:8;} textStyle {offset:25;length:4;strikethrough:true;}">
               <Coords points="628,2275 635,2111 998,2066 3211,2000 3326,2035 3322,2153 3043,2199 2282,2258 2031,2272"/>
               <Baseline points="647,2256 689,2253 731,2253 774,2248 816,2244 859,2239 901,2236 943,2233 986,2234 1028,2235 1071,2232 1113,2229 1155,2227 1198,2223 1240,2221 1283,2222 1325,2223 1367,2221 1410,2217 1452,2212 1495,2206 1537,2203 1564,2202 1592,2198 1619,2197 1647,2197 1832,2203 1862,2203 1892,2202 1922,2200 1952,2200 1982,2199 2012,2197 2043,2197 2073,2196 2103,2194 2133,2194 2163,2193 2193,2191 2223,2193 2254,2191 2284,2188 2314,2186 2344,2184 2374,2181 2404,2175 2435,2170 2474,2158 2516,2155 2559,2155 2602,2153 2644,2150 2687,2149 2730,2149 2772,2147 2815,2144 2858,2141 2901,2140 2943,2140 2986,2141 3029,2144 3071,2145 3114,2142 3157,2139 3199,2137 3242,2134 3285,2131 3328,2131"/>
               <TextEquiv>
                  <Unicode>viel arbeitet – Ich habe über 40 Std,</Unicode>
               </TextEquiv>
            </TextLine>
            <TextLine id="tr_1_tl_16" custom="readingOrder {index:9;}">
               <Coords points="600,2460 2513,2398 3054,2331 3092,2258 2408,2209 2080,2331 988,2255 604,2363"/>
               <Baseline points="620,2447 744,2429 868,2421 992,2412 1116,2404 1240,2396 1364,2395 1488,2391 1612,2378 1736,2371 1860,2369 1984,2367 2108,2364 2232,2358 2356,2357 2480,2342 2604,2334 2728,2327 2852,2319 2976,2315 3101,2313"/>
               <TextEquiv>
                  <Unicode>mehr als all meine Mitkamera-</Unicode>
               </TextEquiv>
            </TextLine>
            <TextLine id="tr_1_tl_17" custom="readingOrder {index:10;}">
               <Coords points="530,2635 2830,2562 3329,2506 3336,2366 2279,2478 2035,2429 1902,2509 1333,2426 1050,2548 653,2495 537,2558"/>
               <Baseline points="552,2615 691,2601 831,2594 970,2585 1110,2582 1249,2573 1389,2569 1528,2563 1668,2555 1807,2552 1947,2546 2087,2540 2226,2525 2366,2515 2505,2504 2645,2501 2784,2493 2924,2484 3063,2483 3203,2480 3343,2489"/>
               <TextEquiv>
                  <Unicode>din[en. Aber ohne das wurde man viel</Unicode>
               </TextEquiv>
            </TextLine>
            <TextLine id="tr_1_tl_18" custom="readingOrder {index:11;}">
               <Coords points="579,2809 918,2827 1326,2764 1410,2799 1654,2750 1661,2642 1570,2652 1480,2600 1372,2645 1071,2624 583,2722"/>
               <Baseline points="600,2806 653,2803 706,2801 759,2795 812,2797 865,2794 918,2792 971,2786 1024,2783 1077,2779 1131,2776 1184,2772 1237,2768 1290,2765 1343,2761 1396,2758 1449,2758 1502,2758 1555,2758 1608,2753 1662,2749"/>
               <TextEquiv>
                  <Unicode>zu viel denken.</Unicode>
               </TextEquiv>
            </TextLine>
            <TextLine id="tr_1_tl_19" custom="readingOrder {index:12;}">
               <Coords points="600,3008 1923,2907 2698,2994 3207,2907 3193,2705 2310,2816 1965,2743 607,2848"/>
               <Baseline points="620,2982 749,2967 879,2948 1009,2941 1139,2932 1269,2922 1399,2915 1529,2909 1659,2904 1789,2907 1919,2907 2048,2904 2178,2895 2308,2900 2438,2901 2568,2894 2698,2888 2828,2886 2958,2880 3088,2880 3218,2880"/>
               <TextEquiv>
                  <Unicode>Ich fühle mich sonst recht glücklich.</Unicode>
               </TextEquiv>
            </TextLine>
            <TextLine id="tr_1_tl_20" custom="readingOrder {index:13;}">
               <Coords points="677,3134 1239,3092 1609,3169 2157,3071 2907,3127 3263,3089 3267,2939 1811,3043 681,2973"/>
               <Baseline points="695,3122 823,3112 952,3103 1081,3095 1210,3092 1339,3095 1467,3089 1596,3083 1725,3086 1854,3081 1983,3074 2111,3071 2240,3071 2369,3068 2498,3065 2627,3067 2755,3061 2884,3061 3013,3058 3142,3062 3271,3077"/>
               <TextEquiv>
                  <Unicode>Nur abends, wen[ man so sehr müde</Unicode>
               </TextEquiv>
            </TextLine>
            <TextLine id="tr_1_tl_21" custom="readingOrder {index:14;}">
               <Coords points="604,3333 817,3378 932,3291 1731,3277 2087,3371 2356,3242 3005,3246 3008,3127 2544,3096 2405,3169 2045,3082 1570,3204 607,3193"/>
               <Baseline points="623,3307 742,3304 861,3286 981,3276 1100,3270 1220,3265 1339,3257 1459,3258 1578,3253 1698,3250 1817,3245 1936,3247 2056,3243 2175,3233 2295,3233 2414,3226 2534,3224 2653,3218 2773,3218 2892,3218 3012,3218"/>
               <TextEquiv>
                  <Unicode>ist, muss man auf die Zähne</Unicode>
               </TextEquiv>
            </TextLine>
            <TextLine id="tr_1_tl_22" custom="readingOrder {index:15;}">
               <Coords points="621,3511 1413,3542 1909,3441 2164,3521 2436,3410 3138,3417 3141,3291 2614,3246 2188,3288 2087,3371 1731,3277 1532,3371 1291,3305 799,3417 628,3336"/>
               <Baseline points="641,3498 766,3487 891,3481 1016,3476 1141,3474 1266,3479 1391,3460 1516,3449 1641,3440 1766,3434 1892,3434 2017,3436 2142,3430 2267,3415 2392,3414 2517,3406 2642,3403 2767,3406 2892,3403 3017,3397 3143,3394"/>
               <TextEquiv>
                  <Unicode>beissen. Hoffentlich nützt mir all die</Unicode>
               </TextEquiv>
            </TextLine>
            <TextLine id="tr_1_tl_23" custom="readingOrder {index:16;}">
               <Coords points="653,3720 3190,3633 3193,3480 2795,3473 2590,3574 2335,3452 2003,3612 1748,3497 660,3553"/>
               <Baseline points="677,3683 803,3673 929,3667 1055,3664 1181,3665 1307,3660 1433,3651 1560,3647 1686,3647 1812,3644 1938,3636 2064,3634 2190,3634 2316,3625 2443,3618 2569,3612 2695,3609 2821,3604 2947,3596 3073,3593 3200,3585"/>
               <TextEquiv>
                  <Unicode>Arbeit einst etwas! Werden Sie mir</Unicode>
               </TextEquiv>
            </TextLine>
            <TextLine id="tr_1_tl_24" custom="readingOrder {index:17;}">
               <Coords points="695,3842 949,3916 1518,3818 2366,3905 2775,3867 2782,3664 2394,3703 2136,3640 1979,3741 1867,3682 1651,3776 1473,3678 1117,3787 698,3755"/>
               <Baseline points="713,3830 816,3830 920,3830 1024,3830 1128,3824 1231,3826 1335,3821 1439,3815 1543,3815 1646,3813 1750,3811 1854,3809 1958,3805 2061,3800 2165,3794 2269,3791 2373,3784 2476,3779 2580,3776 2684,3776 2788,3776"/>
               <TextEquiv>
                  <Unicode>meine Sachen bei Gelegenheit</Unicode>
               </TextEquiv>
            </TextLine>
            <TextLine id="tr_1_tl_25" custom="readingOrder {index:18;}">
               <Coords points="670,4069 806,4083 1037,4027 1208,4087 1365,4020 1647,4090 1759,4055 1762,3954 1616,3947 1504,3874 1316,3867 1225,3905 1040,3863 942,3916 845,3874 757,3930 674,3923"/>
               <Baseline points="689,4018 742,4015 796,4014 850,4010 904,4009 958,4006 1012,4005 1066,4000 1120,4000 1174,4000 1228,4000 1281,4000 1335,3997 1389,3995 1443,3994 1497,3994 1551,3994 1605,3995 1659,3997 1713,3999 1767,3994"/>
               <TextEquiv>
                  <Unicode>zurückschicken?</Unicode>
               </TextEquiv>
            </TextLine>
            <TextLine id="tr_1_tl_26" custom="readingOrder {index:19;}">
               <Coords points="2073,4272 2192,4205 2303,4219 2419,4171 2499,4216 2593,4181 2830,4205 2869,4174 3068,4205 3068,4115 2792,4122 2656,4024 2572,4048 2485,4020 2370,4094 2275,4048 2080,4038"/>
               <Baseline points="2095,4196 2146,4197 2198,4200 2249,4199 2301,4194 2352,4187 2404,4187 2455,4191 2507,4185 2558,4181 2610,4176 2661,4173 2713,4173 2764,4173 2816,4173 2867,4176 2919,4176 2970,4177 3022,4181 3074,4185"/>
               <TextEquiv>
                  <Unicode>Ihre An[marie</Unicode>
               </TextEquiv>
            </TextLine>
         </TextRegion>
      </Page>
   </PcGts>
</validation-wrapper>
