5213 7272
3718 521 4535 831 27. Juni
883 1653 4118 1995 E. – ich habe eben das seltsame u.
930 1859 4357 2225 erregende Vergnügen gehabt, Pamelas
958 2122 4103 2460 Briefe (1926) an Lilli zu lesen,
1000 2324 4648 2662 im Stil den Deinen von heute ähnlich,
1042 2568 4704 2883 wen[n] auch eine Spur härter, zuweilen
1056 2803 4371 3117 charmeloser, u. mit etwas grotesken
1056 3033 4761 3409 Einfällen. Inzwischen regt sich Inge schon
1131 3286 4498 3662 über Sternheims Brief auf u. ich
1038 3596 4798 3887 musste ihr erst begreiflich machen was
1103 3864 4873 4103 daran schändlich sei. Hanna ist weg¬
1089 4028 4676 4395 gefahren, ich sah sie täglich u. sie war
1103 4211 4728 4540 besonders nett u. in aller bester Form –
1085 4498 4587 4756 dass sie von "Blumen u. Bilder" [added above: 2 1 - vermutlich um anzuzeigen, das hier die Reihenfolge vertauscht ist und es sich eigentlich um "Bilder und Bliumen" handelt] als
1146 4742 4432 5024 von "höchster Dichtkunst" sprach
1225 4967 4723 5343 (so, sagt sie, äusserten sich Sachver¬
1244 5164 4535 5582 ständige ...) u. dass ich es lesen
1239 5437 4747 5742 müsse da ihr an meinem Urteil
1258 5723 4657 6150 gelegen sei, war beängstigend. Man
1244 6014 4493 6390 sprach auch bei Tisch nur von
1131 6268 4841 6676 ihren Novellen, u. ich begriff am Ende
1211 6611 4578 6939 gar nichts mehr – was Hanna mit
1338 6817 4559 7155 Wohlwollen quittierte. "Ende des
932 854 4835 1209 Abenteuers" hat kein Glück [ev. Versuche 'Lyrische Novelle' mit diesem Titel oder einen anderen Text an einen Verlag  zu bringen], doch ist eben
1115 1140 4845 1480 die Lage Königswald-Regendanz [gemeint ist wohl Inge von Königswald, die für den Transmare-Verlag gearbeitet hat und Wilhelm Regendanz, dem der Verlag gehörte] mehr
1076 1377 4810 1677 Pech als ich verdiene. Im Übrigen bin
1080 1594 4554 1929 ich angesichts unserer aller Lage, u.
1105 1835 4983 2166 insbesonders der Deinigen, sehr geliebtes E. -,
1090 2092 4662 2378 entschlossen zu möglichster Geduld u.
1115 2270 4998 2635 Selbstbescheidung. Die antiken Kulturfilm¬
1105 2496 4692 2822 pläne sind im Wachsen, ich sehe aber
1184 2748 4731 2980 dass die Einarbeit in ein so grosses
1080 2911 4899 3271 Gebiet eine ernsthafte Sache ist. Lohnend:
1076 3133 5008 3473 weil die europäische frühe Kulturgeschichte
997 3370 4801 3715 das einzige gemeinsam europäische Gut
1066 3621 4766 3908 ist, wo die Leute auf Zusammenarbeit
1046 3784 4875 4139 angewiesen sind u. ihren Zusam[m]enhang
1090 4016 4796 4297 anerken[n]en müssen. Das, zugleich mit
1105 4297 4983 4648 der lockenden Aufgabe, eine span[n]ende
1140 4514 4801 4934 grossangelegte Kulturfilm-Idee zu
1194 4815 4929 5151 finden, scheint mir gerade recht um den
1273 5037 4840 5279 Boden der Aktualität zu verlassen.
1130 5264 4953 5615 – Gestern machte ich eine schöne Auto- u.
1105 5496 5067 5886 Badefahrt. Die Wohnung verlasse ich beinah¬
1120 5708 4949 6078 nur zu solchen Zwecken, oder um Verlage
1105 5935 4958 6291 zu besuchen. Manfred Georg erkundigte sich
1154 6236 5013 6503 sehr [add above line: nach Dir], ebenso Max Krell. Was aber wird
1071 6434 4751 6754 mit dem Norden? Was hörst Du von
1125 6735 4766 6947 meinem Limmat-Athen [gemeint ist Zürich], von Aberer
948 976 4579 1301 u. Wechsler? Willst, kan[n]st Du nicht im
1025 1242 4548 1472 Juli den Klaus oben einholen u. mich
985 1450 4476 1779 dabei in Schweden treffen? Ich will
989 1743 4471 2068 einige Artikel (Upsala u. dergl.) für
1003 1969 4376 2312 "Akademia" machen, also nicht die
971 2213 4196 2628 ganze Zeit untätig in Stockholm,
1016 2561 1703 2800 bleiben.
989 2841 4159 3148 \p\Hast Du schon Proben? Geht es der
1025 3026 2046 3338 Theres gut?\:p\
1048 3256 1897 3541 \p\Und Dir?\:p\
985 3437 4015 3821 \p\Mit Klaus besprach ich neuerdings
1111 3663 4119 4019 "Berlin", vom Eden-Dachgarten aus.
989 3911 4092 4214 Es bleibt aber nur in zweiter Linie
989 4137 4322 4449 erträglich. Und in allen entscheidenden
1111 4331 4286 4665 Dingen bleibt mit Dir einverstanden
1165 4521 3207 4932 u. Dir sehr anhänglich\:p\
3374 4679 3735 4959 Dein
3261 5076 4024 5374 Kind A.–
998 5749 4426 6178 Über Wolfrämchen bin ich sehr betrübt. –
