2658 3375
1160 161 1605 264 Nantucket Island,
1312 243 1760 349 15. September 1940
847 474 1439 590 Lieber Herr Dr. Kleiber,
696 549 2288 634 \p\es ist genau einen Monat her, dass ich Ihnen zum letzten Mal ein
326 634 2382 702 Feuilleton schickte, – ja, und ich bin noch immer weder in Alaska noch in einer ande¬
329 673 2260 753 ren interessanten und weltfernen Gegend, sondern auf dieser kleinen Insel Nan¬
334 722 2286 803 tucket, auf der es jetzt herbstlich geworden ist, und sehr still. Die Feriengäste
329 784 2263 852 sind abgereist, die Geschäfte schliessen, bald muss man sogar die Milch und die
331 828 2356 898 Butter selber von der Farm holen, weil es sich für die Bauern nicht mehr lohnt, mit
337 888 2307 955 dem Lieferwagen in das Städtchen zu fahren. Da wohnen im Winter nur etwa siebzig
329 942 2286 1004 Leute, –meistens sind es Fischer. Sogar die Pferde vom Jagdstall hat man auf das
331 997 2314 1051 Festland transportiert. Draussen regnet es, und liegt viel Nebel, und ich sitze an
334 1041 2374 1116 diesem Sonntagnachmittag an der Maschine, nicht um für Sie einen Artikel zu schrei¬
334 1105 2286 1170 ben, sondern einen ganz persönlichen Brief. Sicher wundern Sie sich darüber, –ich
331 1162 2410 1227 glaube, Sie haben noch nie einen Brief von mir bekommen, ausser kleinen, einem Aufsatz
331 1201 2376 1268 beigelegten Grüssen. Ich war nie ein guter Briefschreiber, – wahrscheinlich, weil ich,
331 1266 2309 1315 was ich zu sagen hatte, immer in einem Artikel oder Bericht unterbringen konnte.
331 1310 2270 1377 Darum besitze ich auch keine Reisetagebücher, – Geheimnisse hatte ich nicht, ich
331 1346 2400 1445 glaubte immer, was an Erlebnissen, Eindrücken und Meinungen wichtig genug sei, um auf¬
331 1419 2356 1486 geschrieben zu werden, müsse sich auch in einer Form niederschlagen, die es der Um¬
334 1468 1160 1535 welt, den Lesern, zugänglich mache.\:p\
334 1494 2415 1577 \p\Und jetzt habe ich seit Wochen keinen einzigen Aufsatz geschrieben, –und habe Wochen
337 1577 2340 1641 gebraucht, um mich zu entschliessen, dann eben an Sie einen Brief zu schreiben. Sie
331 1621 2369 1727 glauben mir, nicht wahr, dass dies besondere Gründe haben muss, und ich darf Sie um
334 1678 1160 1742 die Geduld bitten, mir zuzuhören?–\:p\
331 1719 2338 1797 \p\Zuerst muss ich mich dafür entschuldigen, dass ich entgegen unserer Abmachung und
334 1758 2389 1848 meinen eigenen Vorschlag, gar nicht nach Britisch Columbien und Alaska gefahren bin
331 1825 2299 1890 und Ihnen also auch die versprochenen Artikel nicht schickte. Sie haben mir zum
342 1874 2353 1944 ersten Mal einen Vorschuss bezahlt, und ich halte zum ersten Mal meine Verpflich¬
337 1934 2361 1996 tungen nicht ein, das bedrückt mich sehr. Aber es ist nicht ganz meine Schuld, son¬
331 1988 2288 2053 dern liegt an den aussergewöhnlichen heutigen Umständen. Auf britisches Gebiet, –
331 2040 2338 2118 nach Kanada, Yukon, Columbien, könnte ich mit meinem Pass nicht, oder nur mit schwer
331 2089 2389 2156 zu erhaltener spezieller Genehmigung, ausserdem würde man keinesfalls die Rückreise
337 2146 2392 2219 in die Vereinigten Staaten zugesichert bekommen. Nach Alaska hätte ich schliesslich
344 2208 2335 2270 fliegen können, –wenn ich es absolut gewollt hätte, –aber ohne das Yukon territory
337 2252 2340 2320 und ohne die jetzt als Festungsgebiet erklärten Teile wäre es gar nicht so sehr
337 2299 2270 2369 interessant gewesen. Vor allem war mir aber in diesen Monaten so wenig darnach
342 2343 2340 2428 zumute, mich auf so abwegige und abenteuerliche Reisen zu konzentrieren. Ich weiss
347 2426 2221 2472 schon, dass ich im April selber die Ansicht vertreten habe, es handle sich um
337 2449 2332 2542 Zukunftsgebiete, und auf jeden Fall sei es richtig, über Teile der Welt zu schrei¬
344 2508 2120 2581 ben, die mit dem Krieg und dem täglichen Geschehen nichts zu tun hätten.
347 2563 2364 2641 –Ja, das glaubte ich damals selbst. Ich glabute noch, dieser Krieg sei zwar die not¬
344 2620 2299 2679 wendige und unvermeidliche Folge eines in Deutschland bis zu seinem Höhepunkt
347 2674 2384 2741 gediehenen, aber über Deutschland hinaus europäischen spectaculums, das ja zum Beis¬
347 2723 2395 2796 piel im "Untergang des Abendlandes" vorausgesehen und als gewaltige Krise gedeutet
344 2775 2338 2842 worden ist, –und ich glaubte auch, dass wir, so wenig wie alle anderen abendländi¬
347 2827 2415 2899 schen Nationen, in diesem Spektakel nur Zuschauer bleiben könnten, – – denn hier war ja
344 2886 2387 2949 die Auseinandersetzung, das Kind endlich beim Namen genannt. – Ella M. und ich brauch¬
347 2930 2343 2993 ten nicht mehr zu den Nomaden zu fahren, um dort in der asiatischen Fremde, in ei¬
347 2980 2397 3044 nem kargen, aber unproblematischen, ja beinahe "schuldlosen", beinahe paradiesischen
337 3039 2224 3106 Leben, in Europa verlorene Tugenden wieder zu finden, und zu begreifen, wo der
344 3083 2348 3153 bei uns der Krankheitskeim stecke, – woran wir Europäer eigentlich Mangel litten.
344 3145 2400 3239 Nein, jetzt war, mitten unter uns, eine Macht aufgestanden, die es sich anmasst, diesen\fml\\:p\
355 262 2374 352 \fml\p\Mangel zu decken, und ein Heilkraut gegen den Krankheitskeim zu besitzen. Die Noma¬
355 337 2340 408 den, –sehen Sie, die haben uns ja nichts zu sagen, ihre primitiven Tugenden können
358 387 2316 453 wir nicht erlernen, so wenig wie man den Sündenfall rückgängig machen kann, –und
360 437 2348 504 so wenig, wie indische oder chinesische Weisheitslehrer uns erlösen. Nein. Wir ha¬
358 488 2276 554 ben den Feind nötig, den aus der eigenen Mitte, –den, der aus dem eigenen Krank¬
355 535 2353 610 heitsherd genährt wurde. Wissen Sie, ich glaube ja, dass die echte Krankheit immer
355 599 2401 665 der Bruder einer echten Tugend ist, –so wie der echte Feind auch nur ein abgefalle¬
358 657 2335 710 ner Bruder ist, und Satan ein gefallener Engel. Ferner glaube ich, dass der abend¬
355 697 2419 790 ländische Mensch wirklich ein moralisches Wesen ist, –das heisst: dass er ein Gewis¬
358 753 2337 829 sen hat, ein paar Voraussetzungen, wie die christlichen Gebote, – und dass er nicht
350 814 2295 877 ungestraft das Wissen um Gut und Böse, und die Idee von Gerechtigkeit, ersetzen
355 861 2353 933 kann durch eine zweckbestimmte, also irdische, und relativ gültige Moral. Gut also, –
360 909 2306 978 nun war der Teufel losgelassen, und es würde sich erweisen, –die Gegenkräfte der
355 962 2329 1034 Krankheit würden in diesem grausamen Prozess erwachen, sich erneuern. Das glaube
360 1018 2324 1081 ich auch heute noch. Nur meinte ich bisher, zum Beispiel ein Land wie die Schweiz
358 1073 2374 1153 werde nur gewissermassen am Rande betroffen sein, so etwa, wie Einer sich mitschul¬
355 1113 2274 1190 dig macht, –denn da sei doch soviel mehr glückliche Integrität, so viel weniger
347 1171 2382 1256 Zerfall, –und jene Voraussetzungen, jener natürliche moralische Bestand, der sei bei
358 1224 2258 1296 uns soviel weniger angetastet. Ich meinte auch, überhaupt würden in Europa die
358 1275 2335 1352 Gegenkräfte mächtig sich regen, –zum Beispiel in einer französischen Nation, –und
360 1325 2353 1407 wir würden also nie isoliert und ohne Rückendeckung sein. Kurz, –ich meinte dieser
355 1378 2335 1458 Krieg sei der Höhepunkt, die Prüfung, aber auch schon die Krise und das Ende, die
347 1428 2324 1510 Heilung würde dann beginnen, und uns ständen dann grosse Zukunftsaufgaben bevor.\:p\
1071 1495 2374 1550 \p\Es ist nicht angenehm, dies aufzuschreiben, –man kommt
347 1537 2329 1603 sich heute, wenige Monate später, wie ein Narr/a vor. Aber sehen Sie, ich beging ja
344 1590 2438 1667 nicht allein diesen Irrtum, –wir Schweizer hatten immer ein Gefühl besonderer Sicher¬
352 1638 2358 1712 heit, und meinten, von gewissen Gesetzen ausgenommen zu sein, vor gewissen Gefahren
358 1704 2348 1789 geschützt. Hätte ich gewusst, wie unerbittlich es diesmal zugehen würde in Europa,
358 1749 1972 1836 wie schonungslos, –dann wäre ich wahrscheinlich nicht weggefahren.\:p\ [space]
352 1834 2324 1927 \p\Verstehen Sie mich recht: nicht dass ich mir den Vorwurf mache, in der Stunde der
347 1900 2412 1982 Gefahr sei ich weggelaufen und hätte mich in Sicherheit gebracht. Der Gefahr in die¬
350 1958 2425 2025 sem Sinne ist die Schweiz entgangen, vom Krieg blieb sie verschont. Trotzdem hat sich
352 2011 2393 2088 dort Vieles verändert, –und dass ich während der Monate seit der französischen Nie¬
350 2070 2298 2128 derlage nicht dabei war, das lässt sich vielleicht schon nicht mehr gut machen.
344 2115 2329 2186 Kämpfen müssen, –so wie die Finnen gekämpft haben, gegen einen Feind, den man beim
344 2173 2382 2242 Namen nennt, –kämpfen, wenn es keine Wahl mehr gibt und man genau weiss, was man ver¬
352 2213 2351 2287 teidigt, –das ist ja gut, selbst wenn es das Leben kostet, –man verkauft doch seine
350 2268 2366 2351 Seele nicht. Die Schweizer bei Marignano haben ihre Grossmachtstellung eingebüsst,
355 2327 2345 2401 –wenige Jahre später tat Macchiavelli den Ausspruch "Svizzeri, liberissimi, bravi¬
350 2390 2321 2462 ssimi", –und davon, vom geradezu selbstverständlichen Glauben an solche Tugenden,
344 2425 2303 2499 haben wir gelebt, noch bei der Mobilmachung 1939. In solchen Traditionen bin ich
347 2491 2324 2549 aufgewachsen, –vor mir, und mit mir Generationen von Schweizern. Als ich noch fast
342 2533 2343 2613 ein Kind war, schrieb ich in die "Studenten Zeitschrift" der Züricher Universität
344 2586 2372 2658 einen Artikel, "Lob der Freiheit", – worin ich behauptete, die Folgen von technischen
350 2637 2348 2706 Errungenschaften hätten es soweit gebracht, dass die natürliche freie Konkurrenz
342 2682 2380 2769 im Wirtschaftsleben in ein Faustrecht des Stärkeren ausgeartet sei, –und die natür¬
344 2737 2329 2812 liche Befreiung des Menschen, Humanismus, Aufklärung, französische Revolution, –und
344 2798 2393 2867 die natürlichen Sätze des Christentums, –die Nächstenliebe, die Toleranz, –dies alles
347 2849 2398 2915 scheine sich jetzt selbst zu widerlegen. Aber der einzelne Freie wisse doch, dass er
350 2899 2268 2968 kein Gott sei, sondern als Mensch unter Menschen lebe, –und gebunden sei an die
347 2947 2464 3026 "CONDITION HUMAINE", –dass er die Mitmenschen lieben müsse, wenn auch nur im Symbol der
344 3005 2417 3079 Liebe zu einer Frau, –und Liebe sei immer auch Gebundenheit gewesen, immer Verantwor¬
344 3058 2427 3127 tung. Die wirkliche Einsamkeit, –diese Ueberheblichkeit, man sei ausgenommen vom gemei¬
337 3111 2435 3191 nen irdischen Los, frei, ein Tytan,ein Genius, –oder Weiser, –dieser vom Griechen erfun¬
344 3161 2470 3273 dene Gegensatz zwischen dem an Felsen geketten Tytanen und dem Bürger der athenischen\fml\\:p\
274 298 2352 393 \fml\\p\\g\Civitas\:g\,–Republik,Demokratie, –diese gigantische Sorte von Einsamkeit, glauben
271 372 2349 452 Sie mir, die mag erlaubt sein, in dem griechischen Sinn: dass ein Mensch sich lossagen
268 428 2254 497 kann von irdischen Gesetzen (der eben genannten condition humaine), –dass er ein
279 494 2259 545 Götterliebling sein kann, ausgenommen von den irdischen Gesetzen, ausgenommen vom
274 539 2283 603 Sündenfall, gefeit gegen den Bruderverrat Kain's, –vielleicht war der junge Mozart
282 579 2365 651 unschuldig, er wurde von seinem Gönner, dem Bischof von Salzburg, wie ein Diener behan¬
276 651 2378 707 delt, ass in der Küche, und empörte sich nur dagegen, weil er unter solchen Bedingungen
276 696 2325 757 seine Musik nicht niederschreiben konnte, –während dann Armut und Hunger, Krankheit,
276 749 2349 811 früher Tod, ihn zu keiner Empörung bewegen konnten. Was er nämlich brauchte, war nicht
276 795 2410 869 eine sichere Existenz, –die hatte er ja als Hofnarr in Salzburg, –auch nicht irgendein
282 842 2365 909 soziales Ideal, Brüderschaft, die Gemeinschaft mit gl ichgesinnten Menschen, –nur Frei¬
274 904 2344 962 heit, um Noten zu schreiben. Ach, –lieber Dr. Kleiber, –er hat doch Himmelsmusik nieder¬
284 959 2328 1023 geschrieben! –Gewiss, heute wird man uns sagen, zuerst komme das Fressen, dann die Mo¬
282 1015 2373 1066 ral, –und da ich kein Mozart bin, und solange ich genug zu essen habe, –wage ich dieser
284 1060 2381 1135 These \g\nichts\:g\ entgegen zu setzen. Mozart starb mit sechsunddreissig Jahren,–falls
276 1116 2280 1183 der Bischof von Salzburg einen guten Leibarzt hatte, und wenn dieser eigensinnige
284 1169 2277 1230 junge Mozart seinen Trotz nicht damit bezahlt hätte, in Wien zu hungern, hätte er,
287 1228 2378 1286 theoretisch gesprochen, eine Sinfonie mehr, eine andere Melodie niedergeschrieben, wäre
282 1270 2347 1329 siebzig Jahre alt geworden. Beethoven wäre nicht ertaubt. Schubert hätte keine unvol¬
282 1321 2339 1382 lændete Sinfonie hinterlassen. Uebrigens hätte man diesen trunksüchtigen Vater Beet¬
282 1379 2256 1451 hovens sterilisiert, Schubert hätte den Staatsauftrag, einen Triumphmarsch oder
282 1432 2336 1499 eine vollendete Sinfonie schreibend ausgeführt. –Ja, ich darf nichts behaupten, –wenn
282 1491 2331 1536 man mir sagt, vielleicht hätte ein glücklicherer Mozart, –ein von milderen irdischen
284 1525 2304 1597 Umständen gesegneter, von einer irdischen, zarten, tiefen Liebe getrösteter Wo[f>l][l>f]gang
276 1587 2214 1648 A[add inline handschriftlich:m]adaeus noch ganz andere Musik geschrieben, –vielleicht eine seiner himmlisch
276 1626 2339 1698 heiteren Melodien, statt mit den über alle menschliche Verstrickung erhabenen, gütig
287 1693 2378 1751 ironischen Lächeln wie mit Tränen benetzten, –statt fromm, trauernd, wäre diese Melodie
284 1738 2394 1802 vielleicht jubelnd aufgestiegen, ein Triumphlied des Glücks. Aber ich glaube es eigent¬
276 1796 2336 1855 lich nicht. Ich glaube, die Heroen und die Götterlieblinge[Trennstrich]sind tragische Figuren, und
284 1844 2370 1916 stehen ausserhalb des gemeinen Verbandes der civitas, und bezahlen ihre aussergewöhn¬
284 1900 2235 1959 lichen Gaben teuer. Aber eine einzige Melodie mag es wieder gut machen. Aber die
284 1959 2331 2033 \g\Schuld\:g\ solcher Titanennaturen fängt an, wenn Einer sich anmass, die Freihei¬
287 2009 2238 2065 ten und Verpflichtungen der menschlichen Gesellschaft nicht tragen kann, so, wie
276 2057 2349 2121 Künstler es manchmal nicht können, –und dann einsam sind, –aber er ist kein Künstler,
276 2113 2389 2184 kennt keine befreiende Tat, und die Qualen in seiner Brust sind nur Unfrieden, Unfähig¬
282 2166 2259 2222 keit, dämo[i überschrieben]nische Kräfte. Aber mag das noch so sein, –mag sich so Einer noch selbst
276 2219 2283 2283 zerstören, es ist die bekannte Nachbarschaft von Genie und Krankheit, die bekannte
284 2270 2381 2336 Beziehung zwischen der Hemmungslosigkeit einer genialen Tat und des gemeinen Verbre¬
284 2312 2288 2384 chens. Aerzte, und Richter, haben damit längst gerechnet, und in einer zivilisierten
287 2376 2410 2442 Gesellschaft wusste man längst, das Recht zu verurteilen und zu strafen, leite sich nur
287 2426 2357 2487 ab von der Voraussetzung, es gebe eine solche menschliche Gesellschaft, aufgebaut auf
284 2477 2381 2541 dem "moralischen Gesetz in unserer Brust", –bestimmt, in dieser Welt, innerhalb unserer
290 2527 2307 2591 CONDITION HUMAINE, dem Menschen gerecht zu werden. Den Verbrecher straft man also
276 2572 2413 2650 nicht, weil man glaubt, man sei auch vor Gott der hierzu befugte Richter. Man merzt ihn
279 2634 1254 2697 nur aus, weil er "gemeingefährlich" ist.\:p\
287 2663 2410 2748 \p\Sehen Sie, –innerhalb dieser Einschränkung ist ja auch erst der Begriff des Tragischen
284 2740 2381 2814 möglich, der auf der Gebundenheit des Menschen beruht. Ein Richter, der nicht begreift,
290 2793 2309 2854 "alles verstehen sei alles verzeihen", ist ein schlechter Richter, weil er von der
284 2836 2323 2905 Idee der Gerechtigkeit keine Ahnung hat. Aber einEin guter Richter begreift diesen
284 2902 2413 2958 Satz wohl, weiss wohl, dass im Grunde kein Mensch über seinen Bruder, selbst den gefalle¬
276 2950 2267 3003 nen Bruder, aburteilen darf, –und fällt sein Urteil trotzdem, und weiss, dass jedes
287 3003 1613 3085 Urteil, um jeder Verantwortung willen, Schuld bedeutet.\:p\
361 218 2359 321 \p\Ich merke eben, dass ich über Selbstverständlichkeiten rede. Aber ich weiss schon,
364 305 2372 377 warum ich mich gerade mit "Selbstverständlichkeiten" so pedantisch und gründlich
359 361 2391 433 auseinandersetze. Ich fing damit an, dass der abendländische Mensch ein moralisches
367 406 2319 483 Wesen sei, gebunden an ein paar moralische Voraussetzungen, und an ein absolutes
367 452 2409 531 Gewissen, das Wissen um Gut und Böse. Ich weiss schon, dass unsere "Idee" von Gerech¬
369 510 2438 584 tigkeit oder von Freiheit sich mit der Wirklichkeit nie gedeckt hat, aber zu unseren
369 560 2319 640 Voraussetzungen gehört es, dass unsere Gesetze und Institutionen diese Idee zur
369 614 2335 688 Grundlage haben, und ihre Verwirklichung innerhalb der uns gezogenen Grenzen an¬
364 680 2340 749 streben. Und zu unserem Glauben gehört es, der dieses Leben erst ertragbar macht, –
361 728 2364 792 dass es eine Quelle gibt, ein Wunder der Liebe, welches Menschen untereinander, und
361 776 2332 858 mit ihrem Schicksal, ihrer Gebundenheit aussöhnt. Ich möchte einen Schritt weiter
364 837 2340 911 gehen, –ist es nicht so, dass die Menschen, wo immer sie bis zum Bewusstsein ihres
382 882 2340 964 "göttlichen Wesens" vorgedrungen waren, dies als moralische Befreiung empfanden,
361 932 2494 1036 und dann immer die Form des Zusammenlebens anstrebten, die schliesslich zur Konzeption
361 991 2319 1068 der Demokratie führte? –Schien es uns nicht selbstverständlich, dass der Mensch, –
367 1044 2409 1113 oder sagen wir einschränkend, der abendländische Mensch, sich zwar fügen könne, aber
353 1094 2425 1169 nicht blind fügen, und auch nicht dem Unrecht sich fügen, –dass seine Würde und Frei¬
359 1148 2409 1222 heit darin bestehe, abwägen zu können zwischen den Notwendigkeiten der Wirklichkeit
353 1203 2438 1302 und den uns eingeborenen moralischen Begriffen, –und dass Einer für seine Handlungen
353 1264 2380 1339 einstehen wolle, –und endlich, dass Einer, der zu einer Gemeinschaft, einer Kommune,
361 1299 2359 1392 einem Staatsverband gehört, auch für die Handlungen dieser Gemeinschaft einsteht, –
353 1360 2356 1434 nämlich für die Gesetze eines Staats, und für dessen Regierung? –Lauter Selbstver¬
356 1413 2290 1490 ständlichkeiten. Auch dass ein Knecht für die Ansichten und Taten seines Herrn
353 1458 2332 1557 nicht verantwortlich ist, und dass diese paar Sätze schon zu den Voraussetzungen
353 1511 935 1565 der Demokratie gehören.\:p\
353 1559 2263 1642 \p\Davon allein handelte übrigens mein Aufsatz in der Studentenzeitung,"Lob der
353 1610 2311 1681 Freiheit", –ich bin abgeschweift, und möchte jetzt darauf zurückkommen. Das Thema
351 1660 2330 1740 war damals, vor ungefähr zehn Jahren, aktuell, –wenn auch nur unter uns Studenten.
359 1711 2332 1798 Sie sehen, –wenn ich heute reden will, muss ich es schon deutlich machen, dass ich
353 1769 2282 1846 mich von jenen moralischen Voraussetzungen nicht frei machen kann, die ich als
359 1822 2348 1899 selbstverständlich betrachte, –die aber in ihrer Konsequenz bis zu einem demokra¬
351 1875 2356 1955 tischen Bekenntnis führen, und das ist heute nicht mehr selbstverständlich. Damals
353 1926 2276 2016 dachte noch kein Mensch in unserem Land daran, die Demokratie in Europa könnte
351 1982 2279 2056 untergraben werden,–und doch war man schon emsig dabei, es zu tun. Der Theologe
348 2040 2284 2114 Prof. Emil Brunner hatte in jenen Jahren in der Zürcher Studentenschaft einen
348 2090 2276 2170 sehr grossen Einfluss, –er bekannte sich zu Barth und Heidegger und zur Schule
348 2136 2338 2215 des Neoprotestantismus, die einstmals zu den geistigen Vorbereitern des National¬
348 2186 2345 2266 sozialismus zählen werden, obwohl einige sei ihrer führenden Köpfe sich wegen der
351 2250 2380 2324 Autarkie des Religiösen sich seither in Gegensatz zum Staat Adolf Hitlers gesetzt
343 2303 2353 2375 haben. Brunner ist, wie Sie wissen, inzwischen zur Oxford-Bewegung übergetreten und
348 2361 2330 2433 sehr milde geworden, –er versucht, alle sozialen, wirtschaftlichen und politischen
351 2396 2308 2476 Probleme unserer Zeit zu lösen, –indem er sie zuerst in mildem Lichte zeigt, und
351 2452 2322 2529 ihre Existenz schliesslich leugnet, denn es genüge, die geängstigten Menschen wie
340 2508 2412 2587 Kinder zu behandeln und bei guter Laune zu erhalten. Damals war Brunner ganz anders.
340 2555 2324 2646 Die Studenten aller Fakultäten fanden sich in seinem Kolleg ein, das er meistens
345 2616 2348 2691 morgens um sieben Uhr las, denn zunächst einmal handelte es sich darum, Härte und
343 2659 2399 2749 Disziplin zu beweisen, –Absenzen wurden unerbittlich festgestellt. Ich erinnere mich
345 2725 2369 2797 gut an diese Vorlesungen im unwirklichen, grauen Frühlicht. Zwei Stunden lang, ohne
343 2765 2345 2848 Pause, scharf, klar, logisch, in dialektisch meisterhaften Sätzen denen man nur mit
345 2834 2361 2909 gespanntester Aufmerksamkeit folgen konnte, prasselte es auf die faszinierte Zuhö¬
345 2877 2322 2956 rerschaft nieder wie mit Peitschenhieben. Kurz gesagt, ging es mir um ein Thema:
340 2922 2290 3002 nach zu weisen, dass der Mensch sündig ist, sein Glaube an seine göttliche Natur
345 2980 2385 3071 ein anmassender Irrtum, –und dass er bereuen und büssen müsse im Diesseits, um viel¬
337 3031 2221 3105 leicht Gnade zu finden. Und immer kam dann der schreckliche und vernichtende
337 3079 2266 3169 Höhepunkt, jeder einzelne Hörer wusste es, –und Jeder wartete doch immer wieder
337 3134 2367 3222 darauf, zitternd, und doch begierig, –fast, schien es, mit einem dumpfen Empfinden von
2199 3201 2338 3278 Lust:\fml\\:p\
319 178 2292 281 \p\Dieser Höhepunkt war die zentrale These des Neoprotestantismus, der Satz von der
327 250 2359 322 "Gnadenwahl": die Logik des Menschen stimmt, das Gesetz von Schuld und Sühne stimmt,
319 309 2338 402 wie das von Ursache und Wirkung, –die Erkenntnis von Gut und Böse stimmt und führt
322 379 2289 435 auch notwendig zum Glauben an die Gewissensfreiheit, –aber zuletzt, ganz zuletzt,
319 391 2356 507 ist der Mensch ja eben sündig, und deshalb verloren, –die "Gnade" aber ist göttlich,
319 476 2354 538 steht ausserhalb der Gesetze, die wir begreifen können, –wir müssen alles opfern um
327 533 2359 600 unseres Gewissens willen, und können zugleich nichts tun um unsere Seele zu retten,
327 572 2297 682 denn die Gnadenwahl steht bei Gott, und uns bleibt keine andere Hoffnung als das
335 636 886 716 "credo quia absurdum".\:p\
322 654 2384 749 \p\Da ich wohl weiss, die Gnade sei jenseits aller Dialektik, und es damals auch wusste,
327 739 2390 806 hatten meine wachsenden Zweifel gegen Herrn Brunner andere Gründe. Ich hörte ihm zu,
327 783 2351 868 aber statt wie die Anderen in einen Taumel von Demut, Bewunderung, Zerknirschung zu
327 855 2390 927 geraten, fühlte ich eine grimmige Ohnmacht, – und die Wirkung, die dieser Mann ausübte,
327 896 2328 960 ekelte mich. Ich dachte immer, wenn diese Studenten endlich nach zwei Stunden ins
332 937 2395 1022 Freie gingen, in diese milde Sommerluft, und Himmel und See und den Zürichberg sehen
335 986 2323 1066 und wieder untereinander schwyzerdütsch reden würden, –dann müsse ihre unwürdige
335 1045 2400 1118 Ekstase vergehen wie ein böser Traum. Aber sie versuchten es gar nicht, die donnernde
335 1097 2379 1192 Sündenpredigt ihres Meisters in eine Beziehung zu setzen zu diesem schönen Tag und
330 1156 2302 1221 zu ihrem normalen, täglichen Leben. Ich begriff dann, wo Brunner angreifbar war: er
337 1205 2384 1277 verwendete ja die dialektische Logik, um uns bis zu jenem "absurdum" zu führen, und
332 1254 2356 1326 uns dann zu zerschmettern mit dem immer noch logisch geführten Nachweis, dass alle
337 1308 2279 1378 unsere Gesetze der Vernunft inklusive der Logik begrenzt seien[,>nÜberschreibung]– und also unsere
332 1357 2318 1432 Freiheit ein Irrtum. Das ist ja ein Taschenspielertrick. Und die Lehre des Protes¬
332 1421 2263 1483 tantismus, welche die Gewissensfreiheit voraussetzt und dadurch allerdings die
335 1452 2379 1548 Kirche als Vermittler zwischen Mensch und Gott überflüssig macht, –und die demokra¬
332 1532 2294 1584 tische Lehre, die die Freiheit und Verantwortlichkeit des Menschen voraussetzt, –
335 1568 2323 1648 diese beiden, aus gleichen Quellen sich nährenden Lehrenhaben es sich, nicht ange¬
332 1625 2261 1697 masst, mit unseren begrenzten Mitteln der Vernunft die Geheimnisse von Tod und
340 1671 2251 1748 ewigem Leben zu deuten. Sie setzten nur voraus, dass unsere Vernunft und unsere
335 1718 2356 1810 Kräfte des Glaubens sich nicht widersprechen, so wenig wie etwa die von uns einge¬
337 1784 2287 1859 standene Begrenztheit der von Menschen in dieser Welt ausgeübten Gerechtigkeit
337 1844 2209 1895 und unsere Idee von der absoluten Gerechtigkeit sich "widersprechen". Ferner
337 1885 2323 1962 begriff ich, dass dieser Mann die Menschen erniedrigte, indem er sie zu hilflosen
337 1906 2390 2003 Sündern machte, –und diese erniedrigten Kreaturen, denen er die Wertmasstäbe aus der
337 2001 2400 2063 Hand genommen hatte, konnten dann natürlich auch an alles andere nicht mehr glauben,
337 2047 2287 2114 womit sie sonst ihr Leben nach bestem Wissen und Gewissen geführt hatten. Jetzt
348 2081 2413 2166 brauchten sie einen Priester, Magier, Führer, –sie waren entrechtet und blind, und woll[sic]
348 2155 2369 2245 ten einen Glaubenssatz, auch wenn er absurd war, und Befehle, denen sie blind folgen
337 2217 554 2284 konnten.\:p\
345 2243 2392 2323 \p\In der gleichen Zeit tauchten an der Un[i]iversität zum ersten Mal Leute auf, die sich
350 2307 2305 2377 in einer "Eisernen Front" zusammenschlossen. Sie wissen was aus diesen Ansätzen
353 2372 2374 2441 geworden ist, in der anderen "Front". Ihre Schlagworte waren politisch, und bezogen
348 2418 2346 2487 sich hauptsächlich auf die Schwächen demokratischer Einrichtungen. Sie verliessen
353 2472 2318 2529 sich darauf, dass sie als Bürger eines demokratischen Staates alle Rechte freier
345 2521 2341 2590 Bürger genossen, um die Pflichten freier Bürger ungestraft zu verletzen, und miss¬
353 2570 2392 2652 brauchten die Meinungsfreiheit, um de[i]e einzigen Staatsform zu bekämpfen, in welcher
353 2626 1156 2693 es solche Freiheiten geben kann.\:p\
348 2657 2305 2748 \p\Ich schrieb in meinem Aufsatz, dass man das Kind nicht mit dem Bade ausschütten
350 2724 2310 2804 solle, und die Freiheit, welche die Menschen immer wieder anstreben werden, nicht
353 2771 2333 2851 deshalb entwerten, weil einige freiheitliche Institutionen sich als unvollkommen
353 2835 590 2917 erweisen.\:p\ [space]
353 2938 2374 3000 \p\So einfach war es damals noch. –Aber sehen Sie jenen Professor, –und sehen Sie jene
348 2987 2305 3059 Menschen, die im griechischen Sinne "dämonische Naturen" sind, –unfähig, sich den
353 3036 2372 3121 notwendigen und selbstverständlichen Gesetzen einer freien Gemeinschaft zu fügen.\:p\
364 210 2219 313 \p\und erinnern Sie sich vielleicht noch an jenen kleinen Aufsatz von Th. Mann
648 284 2359 369 "Brader [?]"[welcher Aufsatz, nicht gut lesbar]. Erinnern Sie sich an jene Formulierung des unserem alle Begriffe
361 348 1786 414 entwertenden Zeitalter vorbehaltenen "negativen Genie"...
364 372 2410 456 Ja, an jenen Aufsatz "Mein Bruder H... " muss ich oft denken. Sein Autor wurde damals
366 456 2402 510 viel angegriffen, auch von Freunden, –man fand den Titel zynisch, und die Nebeneinan¬
361 504 2388 563 derstellung des schöpferischen Künstlers, des Hochstaplers, des asozialen genialen
361 557 2367 616 Kriminellen, und endlich jenes anderen, sowohl selbstzerstörerischen wie asozialen
361 610 2367 669 Phänomens das wir als den grossen Zerstörer in Perioden politischen Zerfalls und
366 663 2357 730 historischen Niedergangs kennen, –man fand es spielerisch, virtuos, intellektuell..
372 717 2341 791 wie ja überhaupt die ironische Heiterkeit und irgendwie noch gefasste, lächelnde
361 770 2322 825 Haltung tiefer Resignation dieses zutiefst ernsten und moralischen Autors oft
366 823 2327 881 nicht verstanden, oder missverstanden wurde. In jenem Aufsatz hat er noch einmal
372 865 2380 939 das Thema seiner Jugend angeschlagen, –den tiefen Zweifel an der Rolle u. Berechti¬
374 905 2433 993 gung des Künstlers, –als eines asozialen Elements, das im Handumdrehen, durch das Feh¬
366 982 2399 1035 len einer geheimnisvollen Integrität, antisozial werden kann. Da gab es doch schon
366 1032 2423 1088 alle Variationen von dem jungen Tonio Kröger, der "neben dem Leben stand", dem Erben
372 1083 2452 1162 der Buddenbrooks, dessen höhere Verletzlichkeit nur die bürgerliche Sicherheit durch¬
366 1133 2394 1197 bricht, aber aus dieser Schwäche nichts zu gewinnen weiss als den melancholischen
366 1186 2396 1245 Tod, –bis zum Hochstapler Krull. Ja, wenn wir den Begriff des Genialen nun verwenden
366 1239 2433 1306 wollen ohne damit einemoralische Qualität zu verbinden,–nur im Sinne des "ausseror¬
366 1292 2367 1348 dentlichen", –und also auch das Kriminelle eventuell als genial bezeichnen, –dann
372 1345 2404 1409 ist in jenem Aufsatz nur Eines neu, und bestürzend: dass einem Genie, dessen Qualitä¬
366 1396 2423 1460 ten in jeder Hinsicht und zweifellos negativer Art sind, –und dass sich negativ und
372 1446 2455 1515 zerstörerisch auswirken muss, weil es in das Gebiet des politisch Sozialen einbricht,
366 1502 2372 1568 dass ihm heute, in unserer Zeit, ungeheure Möglichkeiten offen stehen!–Es gab doch
372 1560 2394 1619 verwandte Phänomene, einen Thomas Münzer und falsche Propheten in Amerika. Neu, –uns
372 1603 2426 1667 vorbehalten, –bleibt nur, dass unsere ganze Welt dem nichts entgegenzusetzen hat, und
366 1659 2441 1738 es hinweggehen kann über alle Werte, Gesetze, moralischen Bindungen, die man eben noch
374 1714 1101 1799 für selbstverständlich hielt.\:p\ [space]
366 1815 2407 1919 \p\Nun sind wir also so weit. Sie finden sicher, ich hätte lange gebraucht, um zu einen[r]
366 1900 2410 1969 so schlichten Feststellung zu kommen. Aber wissen Sie, ich traue mir manchmal selber
366 1948 2388 2014 nicht mehr. Wenn es sich immer mehr erweist, nicht nur, dass eine rohe Gewalt, welche
372 2001 2399 2062 die Ziele und die Kampfmethoden gesetzt hat, nun auch der überlegene Sieger ist in
366 2049 2500 2128 diesem Kampf, –sondern dass die Anderen, die weder diese Ziele noch diese Kampfmethoden
366 2107 2327 2184 wollten, nun, als Besiegte, plötzlich vergessen, aus welchen doch offensichtlichen
374 2155 2444 2213 Gründen sie unterlegen sind, –und plötzlich genau diese Ziele anerkennen, genau diese
366 2211 2428 2277 Methoden sich zu eigen machen. Ja, dann war ja der Kampf überflüssig. Dann gab es ja
374 2266 2489 2330 gar nichts zu verteidigen. Dann ist die Niederlage nicht tragisch, sondern nur grotesk.
366 2314 2380 2367 –Was heisst denn falsche Propheten, –was sind die öffentlichen Verleumder? –Falsch
377 2362 2370 2428 sind die, welche das Volk betrogen haben. Irgendwo schrieb ich Ihnen: man werde mir
372 2415 2418 2487 heute sagen, zuerst komme das Fressen, dann die Moral. Und solange ich genug zu essen
366 2473 2399 2537 hätte, wagte ich es nicht, einen[r] solchen These etwas entgegen zu setzen. Ja, die Men¬
366 2521 2322 2590 schen haben zuerst Anspruch auf Arbeit und Brot und dies bischen Sicherheit...
377 2571 2444 2656 Wie aber, wenn gerade diese selbstverständlichen Forderungen nur erfüllbar sind wenn
372 2630 2325 2688 alle sie anerkennen, wenn alle guten Willens sind, und ein Jeder dem Anderen das
366 2675 2420 2749 Recht zu leben zuerkennt?  –Wenn gerade hier, schon hier, die moralische Voraussetzung
372 2731 2433 2800 beginnt? –Und wer glaubt denn, dass wir jetzt besseren Zeiten entgegen gehen? –Und wer
377 2794 2301 2853 wagt denn zu behaupten einem Skandinavier zu sagen, er habe sich auch nur Brot
377 2837 2412 2898 und Sicherheit erkauft? –Und was wollten wir Schweizer denn von der neuen Herrlich¬
366 2885 2306 2948 keit? –Nein, nein, nein, –und selbst wenn wir jetzt schon nur einer Hungersnot in
366 2943 2367 2999 Europa entgegengehen, damit ist noch nichts gesagt über falsche und richtige Pro¬
366 2999 2380 3073 phetie, und erwiesen ist nichts, und zu begreifen höchstens dies: dass Niemand sich
366 3041 2447 3116 ausschliessen und von Schuld freisprechen kann. Sehen Sie, darum bin ich vorsichtig: w[sic]
377 3105 2412 3169 weil man mir vielleicht heute schon antwortet: wieso Schuld? –Genau dies wollten wir
377 3155 2391 3238 ja,–besiegt? –wir sind nicht besiegt, –nur du,–und die, die uns in diesen Krieg ge¬\fml\\:p\
342 242 2370 365 \fml\\p\trieben haben,  –warum? –offenbar zu ihrem Vorteil, denn wir, wir wollten den Krieg ja
347 294 2425 428 nicht", – – –Sie kennen doch diese Sprache, zum Beispiel stimmen alle neutralen Bericht¬
347 378 2409 473 erstatter überein, dass der "Mann von der Strasse" in Paris und ganz Frankreich nicht
349 434 2388 526 genau weiss, wen er mehr hasst, –Adolf Hitler, oder die Engländer, oder Reynaud, Laval,
347 494 1700 610 Marschall Pétain, oder den General de Gaulle in London.\:p\ [space]
349 602 2373 736 \p\Sicher will ich nicht behaupten, auch in unserem Land werde es so weit kommen. Ich
355 691 2354 786 weiss nicht, ob Sie einen meiner Aufsätze in Händen hatten, den ich anlässlich des
352 749 2394 836 ersten August geschrieben habe. Darin sagte ich nur, –wenn in ganz Europa keine ein¬
352 786 2409 885 zige Macht mehr vorhanden sein werde, welche die gleichen Grundsätze und Lebensfor¬
352 843 2428 941 men anerkenne wie wir, dann erübrige sich bei uns ein Widerstand der in diesem Falle
357 896 2354 1001 blanker Selbstmord wäre. Und weiter, –dass wir dann in tragischer Weise mitbesiegt
363 959 2375 1043 seien, –selbst wenn über die Bereitschaft unserer Armee und die Integrität unserer
363 1001 2362 1093 Nation kein Zweifel bestehe, –denn man fordere uns ja nicht einmal den Beweis, den
357 1072 2407 1151 Krieg habe man uns erspart, und uns doch die Waffen aus der Hand geschlagen. Ferner, –
368 1106 2430 1209 vielleicht würden wir dank glücklicher Umstände Niemanden stören, und dürften weiter
368 1167 2304 1256 existieren: als unabhängiger Staat, als Demokratie,als freies Volk. Aber eine auf
357 1198 2428 1316 Abruf, zufällig, gnädig, \g\gewährte\:g\ Unabhängigkeit sei ja natürlich nur eine Fik¬
365 1245 2472 1351 tion. Eine Demokratie sei nur eine Fiktion, sobald ihre Grundsätze nur geduldet würden,
365 1322 2430 1406 wohl wissend, sie könne keine diesen Grundsätzen widersprechende Forderung ablehnen.
373 1369 2415 1469 Und die Freiheit sei nur eine Fiktion, das Ideal oder Prinzip der Freiheit sei ver¬
370 1424 2441 1516 letzt, sobald einem Volk nur eine Summe von Freiheiten gewährt würden, nicht nach dem
373 1479 2488 1579 Ermessen dieses Volks und seiner Regierung, sondern nach dem Ermessen und im Interesse
373 1561 930 1621 einer anderen Instanz.\:p\
370 1569 2467 1668 \p\Sind das nicht selbstverständliche Wahrheiten?–Ferner sagte ich, –aber wir wüssten ja
370 1640 2438 1716 darüber Bescheid, –und ein solches tragisches Schicksal sei keine moralische Nieder¬
373 1692 2417 1784 lage. Und wie in jedem von diesem Schicksal heute betroffenen Volk, könnten auch bei
376 1737 2423 1834 uns die tief in unserem Boden verwurzelten, nicht von unserem moralischen Bewusst¬
376 1787 2417 1892 sein zu trennenden Kräfte einen Winter überdauern und sich erneuern und wachsen.\:p\
378 1881 2444 1989 \p\Das war ungefähr mein letzter Aufsatz, vielleicht konnte man ihn nicht mehr drucken.
376 1950 2370 2044 Aber das hätte mich nicht erschreckt, damit hatte ich ja eben gerechnet, es gerade
376 2000 2352 2089 noch ausgesprochen. Und ich hätte Ihnen gern andere Artikel geschickt, vielleicht
384 2065 2420 2141 über Alaska, wenn ich dorthin könnte, oder über Mexiko, wenn ich jetzt überhaupt über
386 2105 2396 2204 die amerikanische Grenze könnte. Oder ich hätte erwogen, zurück zu reisen, und hättet
384 2165 2449 2254 dafür mit allerhand Kompromissen gezahlt, um nicht in die Isolierung zu geraten,son¬
381 2207 2446 2333 dern mit Gleichbetroffenen und Gleichgesinnten jene Kräfte zu am Leben zu erhalten.\:p\
1398 2249 2493 2341 \p\Statt dessen hatte ich plötzlich das Gefühl,
386 2307 2357 2412 es gäbe nichts mehr zu sagen, nichts mehr zu tun, –und wenn ich Ihnen einen Brief
386 2373 2430 2465 schreibe, dann ist es, wie man sich an einen Freund wendet. Vielleicht können Sie mir
386 2425 2412 2501 antworten, und mir Entschlüsse erleichtern, die von hier aus schwer zu fassen sind.
397 2465 2449 2562 Oder vielleicht, wenn ich einen Entschluss fasse, der bei uns heute nicht mehr statt¬
394 2525 2451 2617 haft ist, und ich könnte dann keine Briefe mehr schicken, dann wissen Sie wenigstens,
394 2585 1866 2664 warum ich es tat, und dass ich nicht einfach desertiert bin.\:p\
394 2614 2417 2714 \p\Ja, warum, –sehen Sie, den ersten Schrecken empfand ich, als ich ein paar Reaktionen
397 2683 2436 2769 von Lesern, Redaktionen, und von Freunden auf den genannten Aufsatz über die Schweiz
394 2733 2436 2835 erfuhr. Da dachte ich zum ersten Mal, vielleicht bleibe Einem keine Wahl als so fol¬
397 2790 2441 2882 genschwere Entscheidungen, –der offene Kampf, und dann, im Falle einer Niederlage, sei
397 2843 2354 2935 man dann wirklich besiegt, nämlich abgeschnitten und ohne Stimme. Wahrscheinlich
397 2898 2409 2982 wissen Sie, welcher Art jene Kommentare waren, –eigentlich waren es wohl Warnungen,
399 2945 2415 3032 sogar gut gemeint, etwa dahin gehend, ich sollte mir den Rückweg nicht abschneiden.
402 3003 2402 3087 Die Kommentare der Gegner kenne ich, –und dass die heute in der Lage sind, mir den
402 3053 2346 3140 Mund zu verbieten, ist nicht überraschend noch kann es mich verletzen. Die sach¬
397 3106 2344 3227 liche Warnung von interessierten Stellen, über Zensurvorschriften zum Beispiel,\fml\\:p\
313 220 2329 326 \fml\\p\sind auch nur selbstverständlich. Und die Freunde, – die genau wissen, wie ich denke,
307 318 2306 376 und dass ich nie anders denken werde, –die können mich auch warnen, und mir sagen,
315 368 2234 440 es handle sich jetzt nicht darum, sich möglichst laut zu bekennen, um möglichst
307 405 2361 496 sicher u. schnell auch mundtot zu sein, –sondern um den inneren Zusammenhalt, die Be¬
313 474 2271 533 wahrung. Aber da war ja etwas ganz anderes vorgegangen. Wissen Sie, –diese Gutge¬
313 511 2303 596 sinnten, Wohlmeinenden, –die mir mitteilen, sie würden ja zu mir stehen u.mich ver¬
313 562 2419 647 teidigen, auch wenn es schwer sei, –vielmehr: obwohl es \g\ihnen schwer falle\:g\
315 617 2380 702 ... aber nun müsse ich mich auch aufraffen, zum Beispiel nach Alaska fahren, oder mög¬
315 681 2366 755 lichst dorthin, wo sich die ganz Harmlosen gute Nacht sagen, zum Beispiel müsste ich
313 731 2324 798 endlich das Meine tun u.über Flora und Fauna der Arktis schreiben, statt grübelnd
315 782 2364 856 meine Zeit und meinen guten Ruf zu verlieren. Aber es war deutlich, dass ich den Ruf
313 822 2422 912 nicht etwa einbüsse, weil ich nicht nach Alaska fuhr (denn wenn es mir auch sehr leid
321 877 2345 962 tut, meine Verpflichtungen Ihnen u. anderen Redaktionen gegenüber nicht eingehalten
321 938 2361 1015 zu haben, –so kann mir doch Keiner erzählen, gerade Alaska sei gerade heute so uner¬
321 988 2300 1063 setzlich wichtig, und man verstehe nicht dass gerade heute die Umstände mich an
323 1039 2348 1118 dieser Reise verhindert haben), –nein, der Vorwurf war: dass ich mich mit Fragen be¬
321 1100 2348 1169 fasse, die mich nichts angehen und Keinen interessieren, –nämlich etwa die Zukunft
323 1147 2327 1227 der Schweiz, der Demokratie, die Rolle Amerikas, unsere Hoffnungen, –und dergleichen
321 1206 2337 1285 unzeitgemässe Fragen mehr. Ich sollte keine privaten Ansichten äussern, hiess es, –
321 1267 2345 1322 und es war deutlich, dass man meinte: (denn ich habe nicht mehr oder andere Ansich¬
321 1298 2393 1367 ten geäussert als es seit Jahren recht und üblich war), –meine Voraussetzungen seien
331 1373 2345 1439 jetzt nicht mehr gültig, u. nicht erwünscht, –zum Beispiel die Voraussetzung, die Ge¬
326 1410 2361 1489 schehnisse in Frankreich seien tragisch, oder der Krieg sei noch nicht entschieden,
326 1476 2173 1534 oder man wisse, es gehe jetzt um die Zukunft Europas und betreffe uns alle.\:p\
329 1513 2396 1590 \p\Vor allem sagte man mir: meine Aeusserungen über die Schweiz seien defaitistisch, wir
331 1571 2396 1646 seien doch ein demokratisches, freies, unabhängiges Volk, bereit, jeden Feind zu schla-
329 1619 2425 1696 gen, und ich müsse stolz sein darauf und den Amerikanern sagen, bei uns sei alles beim
329 1677 2425 1744 Alten, das sei die Aufgabe eines aufrechten Schweizer. Im Uebrigen müsse ich die neue
326 1725 2324 1805 Zensur bedenken, –es gehe nicht an, dass man als Demokrat sich in Gegensatz bringe
329 1783 1799 1847 zu den Ideen des totalitären Staates, oder Kritik daran übe.\:p\
326 1831 2319 1908 \p\Zum Schluss sagte man mir, ausführlich, –man habe doch immer an mich geglaubt und
326 1887 2377 1964 möchte sich nicht jetzt meiner schämen müssen, –man wolle mir auch die Enttäuschung
334 1934 2398 2017 ersparen, –nämlich dass ich auf Abwege geriete und dann eines Tages über mich selbst
334 1985 2313 2059 enttäuscht sei, an meinem Talent zweifelnd, und zu spät bereuend, dass ich mir und
331 2051 2398 2117 meiner Bestimmung untreu geworden sei. Ich sollte also fleissig Flora und Fauna sam¬
331 2080 2398 2162 meln, –dann würde ich stolz und mit mir zufrieden heimkehren, und die verdiente Aner¬
326 2141 2329 2218 kennung finden. ... Lieber Herr Dr. Kleiber, das war wörtlich so formuliert, und war
331 2192 2358 2287 gut gemeint, –soviel Unrat schon, Verlogenheit, Selbstbetrug, –soviel Schamlosigkeit.
337 2242 2414 2313 _Es war auch ein Schweizer, der mir sagte, ich richtete doch nur Schaden an, –wozu die
334 2290 2457 2374 Volksmassen aufhetzen, die es [sic] doch zufrieden wären, mit Fahnen und Liedern die Freiheit
331 2356 2417 2433 zu loben, ohne so genau hinzusehen, –wozu meine Trauer auf Andere übertragen, und mich
339 2382 2470 2475 in Ungelegenheiten bringen? –Ja, wozu also... Es fiel ihm auch nicht auf, dass der Begriff
337 2459 2369 2528 "Masse", und ihre Herabwürdigung, die könne man leicht täuschen und füttern und bei
331 2510 2404 2581 Laune erhalten, –dass dies nicht sehr schweizerisch ist. Ja, diese Grundlage der Demo¬
331 2570 2396 2642 kratie hatte ich vergessen zu nennen: der Respekt vor dem Menschen, –aber der ist ja
339 2613 2390 2698 gleichbedeutend mit dem Glauben an sein moralisches Wesen. Sehen Sie, ich glaube im¬
331 2682 2412 2764 mer noch daran. Ich glaube, nur darum geht es, –nicht um eine politische Vormacht oder
337 2730 1786 2790 eine wirtschaftliche Ordnung oder eine soziale Revolution.\:p\
334 2782 2414 2851 \p\Und es wird immer noch gekämpft. Aber wenn die Prüfung noch nicht genügt, und es muss
339 2830 2369 2899 die völlige Niederlage kommen, und vielleicht eine lange Nacht, –und vorher wäre es\fml\\:p\
369 232 2400 313 \fml\\p\einfach vergebens, diese Menschen bewegen zu wollen, –dann will auch die friedliche
366 305 2402 361 Heimkehr lieber nicht erkaufen, –der Preis scheint ja schon jetzt ziemlich hoch zu
366 346 2369 417 sein,... Aber ich halte eine solche Resignation für einen Irrtum. Solange noch ir¬
377 417 2321 476 gendwo gekämpft wird, – solange kann auch die völlige Entwertung und Entstellung
377 453 2275 534 aller Menschheitswerte, wie sie etwa aus jenem betrüblichen Brief tönte, nicht
377 499 2341 578 ganz überhand nehmen, –solange können die Menschen nämlich nicht ganz vergessen,
374 570 2400 646 dass es andere Kräfte gibt, dass eine Gegnerschaft möglich ist, dass man sich einem
379 613 855 700 Feind stellen kann.\:p\
379 720 2402 827 \p\Wenn ich jetzt schon so weit bin, zu glauben, man müsse sich stellen, –dann ist das
374 797 2324 860 ein sehr schwerer Entschluss, –denn wer von uns glaubte denn, Menschenschicksale
379 832 2400 916 sollten so ausgetragen werden? –Und man ist kaum dazu geeignet, und wird vielleicht
377 916 2418 975 nie mehr damit fertig, und hat sich nur eine furchtbare Form des Opfers ausgesucht.
374 952 2382 1031 Aber es handelt sich da höchstens um die Form, –und wenn heute keine andere Form
374 1008 2301 1074 des Einsatzes mehr möglich ist, wenn jeder andere Weg nur zu wirkungslosen und
384 1061 2308 1125 vergeblichen Kompromissen führt, und schliesslich zu einer Selbstaufgabe, –dann
382 1110 2288 1176 bliebe mir keine andere Wahl. Ich spreche nur von mir, –denn das Verhalten, die
374 1173 2293 1232 Form des Einsatzes, –das ist die Sache jedes Einzelnen. Aber soviel möchte ich
379 1222 2349 1278 Ihnen doch sagen: ich sehe den Anlass nicht, um sich verzweifelt in sein Schwert
379 1270 2369 1359 stürzen zu müssen, –und selbst wenn ich persönlich mit den Waffen, die jetzt wirk¬
374 1323 2270 1390 sam sind, nicht zurecht kommen sollte, –das wäre nur meine private Niederlage,
379 1377 2255 1446 –denn ich glaube auf jeden Fall daran, dass dies kein Ende ist, und der Kampf
379 1433 860 1514 gerade erst anhebt.\:p\
845 1593 2263 1675 \p\Aber das ist ja kein Brief mehr, –ich schreibe seit Tagen
379 1659 2263 1726 daran, ohne Sie auch nur zu fragen, ob Sie sich einen solchen Monolog anhören
379 1715 2285 1782 wollen! –Aber ich habe so viele Aufsätze für Sie geschrieben, –vielleicht wird
382 1759 2313 1832 das jetzt immer schwieriger werden, oder gar nicht mehr möglich sein. Da müssen
382 1827 2408 1888 Sie verstehen, dass ich gerade an Sie dachte, –als es sich darum handelte, doch zu
382 1863 2364 1942 einem Menschen in der Schweiz noch einmal so zu reden, wie man es früher gewohnt
377 1932 494 2008 war.\:p\
522 2021 1708 2128 Und ich bleibe, mit vielen Grüssen und Wünschen,
827 2107 1321 2191 Ihre stets dankbare
1448 2196 2115 2324 Annemarie Clark [ab hier handschriftlich ergänzt]
578 2736 2168 2878 Adr. vorläufig: To Schwarzenbach Huber Co.
1107 2845 1916 2983 498 Seventh Ave
1318 2957 1891 3090 New York City
