2821 3576
1041 259 1740 383 THE JOINT EXPEDITION
1246 373 1549 453 TO PERSIA
1057 427 1733 546 ERICH F. SCHMIDT, FIELD DIRECTOR
324 500 1256 614 THE MRS. WILLIAM BOYCE THOMPSON FOUNDATION
399 601 1189 715 THE UNIVERSITY MUSEUM OF PHILADELPHIA
1841 510 2471 637 THE MUSEUM OF FINE ARTS
1911 606 2401 679 BOSTON, MASSACHUSETTS
373 686 1127 834 Adr. Joint Expedition
539 769 1655 935 c/o American Consulate General
1059 868 1406 1015 Teheran
2059 759 2422 906 Sept. 24th
505 1049 2468 1199 Mon cher Claude! il faut bien que tu m’ écrives,
526 1186 2549 1323 mon grand gosse, comme il n' y a pas d'autres moyens
872 1268 945 1300 ne
523 1282 2437 1409 pour que tu [ne m’ oublies pas pendant que je suis en
541 1362 2618 1481 Perse – presque familier – et toi encore au Service.
549 1440 2562 1593 Quelle longue année! Ton Je l’ai commencé en
544 1551 2499 1663 Syrie, il y a Baghdad – cette grande notion de rêve,
531 1634 2613 1772 de Tigris, et de chasse à cheval – il y a la Perse et
570 1733 2639 1854 la maison de Mme von Blücher – il y a le retour
575 1823 2618 1979 en Suisse, l'Autriche, ma Mère, et Erika – il y a
570 1930 2600 2059 Lugano et Gastein. Ensuite Moscou – quelques jours
570 2012 2486 2173 sur les grandes routes du Caucase – et encore
552 2124 914 2246 la Perse.
562 2214 2613 2352 Me voilà bien seule. Je n' habite pas chez les Blücher
596 2308 2533 2445 comme tu sais que j'ai des difficultés avec les
575 2422 2497 2549 autorités allemandes. Je suis devenu volontaire
567 2517 2564 2621 d'une expédition archéologique, j'apprends la vie
585 2595 2644 2764 seule avec des camarades de travail, des journées
611 2686 2624 2831 qui com[m]encent à 5h avant le lever du soleil.
606 2808 2644 2945 et qui consistent d’ occupation assez fatiguante
611 2898 2590 3069 jusqu' au tombé de la nuit. Un court repos,
591 2978 2533 3152 et un nouveau jours. Voilà tout. Je trouve cela
588 3098 2549 3271 étrange, dur et consolant. C’ est assez près
673 3199 1792 3372 – je m’imagine – de la vie.
582 342 2461 513 Je n’ écrit pas. Je pense que je recommencerai
564 457 2535 585 en hiver, en Suisse. J'aurai dés le 1 Janvier
564 554 2519 712 une maison à Sils en Engadine – Mais voilà
559 669 2575 853 que j’ai peur du retour. Je ne crois à rien et
544 776 2450 962 un peu à personne comme je doute de ma vie –
554 878 2601 1052 C’est pourquoi je me sens tenter de rester ici, loin
539 990 957 1105 du monde,
715 1080 876 1182 Serai
516 1067 2524 1309 Je suis ici jusqu’au 15 novembre, quand notre
562 1197 2466 1401 travail sera fini. Je compte un peu sur toi
577 1353 2535 1516 peut-être que tu viendras à Sils en Janvier.
536 1486 2586 1682 J’ y serai seule probablement. On fera du Skie.
567 1570 1026 1705 Ecrits-moi.
1080 1657 1884 1881 Bien à toi, toujours
1784 1919 2231 2180 Annemarie
680 1230 1379 1306 The suivre s.v.p.
1567 1240 1826 1354 55021 43
710 1288 1501 1395 THE UNIVESITY MUSEUM
945 1362 1267 1454 PHILADELPHIA
778 1445 1179 1557 Par l’URSS
799 1564 1142 1683 Le 2/2, 1)
919 1635 1877 1812 Monsieur Claude Bourdet
870 1778 1460 1923 47, Av. de Jéna
1379 1867 1622 2085 Paris
754 2188 1117 2334 FRANCE
