3521 4448
393 342 1224 512 ANNEMARIE SCHWARZENBACH
2414 319 2939 495 22 II 30
688 759 2034 1085 Ma chère Jaqueline –
685 1010 3366 1251 il faut que vous allez au moulin pour
641 1200 3366 1437 vous reposer. j'espère que vous y trouverai
654 1387 3322 1610 la tranquillité dont vous avez besoin.
637 1573 3261 1797 Si je pouvais, je viendrai un peu chez
644 1756 3309 1990 vous – votre lettre est en effet un peu
600 1922 3227 2200 triste, et j'en suis triste aussi. Mais je
651 2071 3251 2261 suis sûre que vous vous sante sentirais
661 2251 3082 2492 mieux, une fois loin de Paris, du
651 2434 2732 2607 bruit, des gens et du travail!
1695 2627 3136 2841 Du reste j'ai à vous
692 2814 3153 3088 annoncer que probablement je ne
698 3054 3309 3261 peux pas venir à Paris. Mes parents
695 3251 3265 3482 vont à Rome pour 2 ou 3 semaines,
725 3417 3204 3665 je les accompagne. Et le reste des
698 3627 3102 3878 Vacances il faut que je travaille –
1156 3983 1434 4105 juste
793 3848 3115 4112 quand'même je tâcherai de venir à
742 4000 3309 4309 Paris [juste] pour quelques jours, j'ai des
579 310 2497 614 soucis a cause de Tania –
642 593 1712 837 afin, on verra!
621 1168 3135 1416 [space] Et bientôt l'été s'approchera. Moi
659 1343 3306 1615 aussi je deviens contente en  y pensant.
638 1524 2288 1758 En somme quoique,
589 1671 3393 1956 Vous savez que je suis très triste ces jours!
596 1953 3313 2127 – J'ai été a l'Engadine, j'ai revue
673 2086 3418 2326 mes amies, et cela m'a fait très mal
694 2270 1646 2501 de les quitter.
708 2424 3355 2671 Mais je ne veux pas me pleindre. J'ai
677 2630 3198 2853 beaucoup de travail. Excusez cette
684 2867 3400 3059 lettre peu ordonnée – mais je pense
715 3003 3226 3292 a vous et il fallait bien que je
729 3219 1705 3428 vous le dise!
2110 3592 2982 3773 Annemarie
