2764 3422
1442 185 2095 342 Sanary-Var, II. Mai 33
601 925 1360 1051 Mein lieber Onkel Georg,
457 1074 2519 1249 ich schreibe Dir mit Maschine weil Du es dann leichter lesen kannst
460 1228 2426 1354 und weil es etwas Geschäftliches ist, oder doch, dummer Weise, mit
460 1300 2426 1465 Geschäften zu tun hat. Jch möchte Dich nämlich für eine Sache in¬
463 1398 2516 1550 teressieren, die mir und vielen meiner Freunde sehr am Herzen liegt
468 1503 2452 1645 sowohl beruflich wie menschlich. Wir sind im Begriff eine Halbmo¬
460 1624 2516 1742 natsschrift zu gründen, literarisch, unpolitisch, in deutscher Sprache
460 1730 2418 1830 aber mit französischen und englischen Beiträgen. So ganz zum Ver¬
457 1804 2459 1943 gnügen tun wir das nicht, denn es macht ja viel Arbeit – aber es ist
463 1920 2434 2035 eben notwendig geworden, weil in der ganzen deutschen Presse die
463 1999 2436 2143 emigrierten jungen Leute, aber auch sehr gewichtige und geachtete
457 2079 2472 2246 Namen keinen Raum mehr haben. Die "Sammlung" so soll die Zeitschrift
455 2174 2434 2359 heissen – wird also zwar von jungen Leuten gemacht werden,aber sie
457 2300 2511 2457 wird sich auf Namen berufen, die wir achten und lieben – und in jeder
457 2385 2483 2549 Nummer einen Beitrag von einem bekannten Deutschen – etwa Schickele,
450 2524 2380 2639 Zweig, Thomas Mann – bringen, und einen von einem Franzosen, zuerst
463 2596 2429 2711 André Gide, Maurois, etc. Von Jüngeren sind für die ersten Nummern
473 2696 2346 2842 unter anderen Josef Roth, Breitbach, René Crevel vorgesehen, und
460 2776 2516 2932 ich glaube es wird alles ganz respektabel europäisch werden, jeden¬
455 2860 2457 3048 falls machen wir uns mit grossem Ernst an die Arbeit. Denn, gerade
447 2968 2483 3151 während man in Berlin die Bücher vor der Universität verbrennt und
434 3033 2424 3261 Kraut und Rüben so abscheulich durcheinander wirft, müssen wir, in
481 410 2488 581 der geistigen Opposition, immer strenger in der Auswahl werden und
457 544 1692 654 unsere Sache so rein wie möglich halten.
447 628 2420 794 \p\Die Redaktion der "Sammlung" wird logischer Weise wohl in Zürich
449 751 2420 878 sein, ein junger Farnzose und ein Deutscher, Klaus Mann, werden mit
455 830 2470 959 mir dafür arbeiten. Nun aber – brauchen wir etwas Geld, etwa 6000 Frs
449 954 2465 1069 im Ganzen, um die ersten Nummern sicher zu stellen – denn die Leute
449 1048 2536 1193 die sich uns zur Verfügung stellen, verpflichten uns, die Sache nicht
457 1127 2367 1287 leichtsinnig zu inszenieren und gleich kläglich scheitern zu
457 1243 2509 1364 lassen. Ob Du Dich ein wenig dafür ineressiertsst? Für mich ist es ja e [sic]
460 1330 2428 1474 eine richtige Aufgabe,und ich muss schon auf ein wenig Hilfe und
465 1453 2501 1561 Wohlwollen am Anfang hoffen. Herr Schwab, p. A. Rob. Schwarzenbach & Co,
457 1553 2430 1689 in Thalwil, ist so freundlich, eventuelle Beiträge mit dem Vermerk
455 1663 2423 1789 es sei für mich – in Empfang zu nehmen und zu verwalten. Mitte Juni
449 1747 2394 1871 komme ich dann selbst nach Zürich, und Mitte Juli soll die erste
449 1831 2562 1968 Nummer herauskommen. Es wäre wunderbar für mich und die ganze Sache
457 1939 2402 2086 wenn Du ein wenig helfen würdest. Jch weiss nicht ob ich auch an
455 2026 2462 2178 Deinen Bruder Hans Reinhardt schreiben darf – vielleicht berichtest
449 2128 1908 2281 Du mir ganz kurz nach Pamplona, Poste Restante –\:p\
568 2307 2299 2488 Und nun viele Herzliche Grüsse an Tante Olga und Dich –
547 2446 2449 2588 ich hoffe Du verzeihst dass ich Dich so oft in Anspruch nehme –
1206 2562 1395 2754 Deine
1558 2709 2002 2848 Annemarie
394 2835 2207 2930 Bitte über den Plan der Zeitschrift noch nicht zu sprechen!
