3848 4372
1548 392 2271 584 ANNEMARIE CLARAC
1699 547 2133 655 118 EAST 40TH
1703 626 2120 735 NEW YORK
2634 392 3510 563 Sils–Baselgia,
2571 484 3222 639 25. Februar
664 881 1745 1039 Mein sehr Lieber,
367 1106 3535 1223 \p\ich vermute doch, dass Du allernächstens in Küsnacht
371 1206 3727 1336 eintriffst, – hier oben geht die "Saison" schon etwas dem
376 1306 3710 1440 Ende zu, die feinen Gäste reisen ab, weil eben jetzt die
367 1423 3640 1553 Sonne frühlingshaft heiter wird, – mein Auto ist kaput,
376 1515 3464 1628 ein mächtiger Postwagen hat ihn flach an die Mauer
376 1619 3715 1736 gedrückt, und da mir dabei gar nichts passiert ist, müsst[sic!]
359 1740 3548 1832 müsste ich froh und dankbar sein, – doch empfinde ich
376 1820 3410 1945 es eher als Pech, – und Aerger, Pech, Ablenkung, dumme
376 1916 3710 2062 Geschäftigkeit gab es überhaupt in allzu reichem Masse
371 2028 3589 2154 seit meiner Ankunft mit Therese, – seit dem Moment, als
367 2137 3381 2262 Spivy uns auf dem Silser Dorfplätzchen begrüsste.
363 2229 3648 2337 Sie ist eine reizende Person, – aber selbst sie kann es
363 2325 3539 2446 nicht ahnen, (und ich ahnte es auch nicht), was es an
371 2437 3527 2546 schwätzen, aufdringlich-sein, und sich-exponieren bei
371 2538 3481 2650 der Palacebevölkerung, Besitzer, Ober, Maitre de, Jazz¬
367 2625 3660 2751 band-Musikanten, brauchte, um ihr Début zu bewerkstelli¬
380 2738 3652 2888 gen. Natürlich gefiel sie sehr, – aber sonderbar hilflos
376 2842 3506 2980 benahm sie sich, und so ist sie denn wieder in Sils,
363 2938 3719 3072 zusammen mit Dokterli, Therese, und mir, – und die Familie
367 3051 1369 3176 erregt Aufsehen.\:p\
363 3143 3418 3268 \p\Nun singt sie heute abend in Silvaplana, wohin ich
363 3256 3293 3364 Freunde geladen habe. Dann kommt sie, Montag, nach
359 3360 3473 3477 Zürich, wo ich allerhand vorbereitete, – doch sollten
359 3456 3452 3573 Therese und Du sich ein bischen um sie kümmern, bis
363 3569 2099 3706 sie nach Paris weiter fährt.\:p\
474 249 3630 385 \p\Lieber Klaus, – darüber aber wollte ich nicht so viel
474 337 3702 510 schreibem[sic], sondern Dir für den Aufsatz um Gide danken
490 490 3449 594 – er ist wunderschön, und es ist von der Weltbühne
474 566 3565 711 dumm und unfreundlich, nicht Deinen sachlich reinen
462 666 3509 795 und persönlich so mutigen und geistig verbundenen
474 799 3493 907 Artikel auf die erste Seite zu setzen, sondern die
478 879 3433 1024 peinlich-flache Antwort von Budzislawski. Was für
486 1004 3698 1120 einen blöden Missbrauch treibt dieser Mensch mit dem[r]
478 1084 3505 1225 tragischen Tatsache, dass für den toleranten Geist
470 1192 3521 1313 manchmal der Konflikt deutlich wird, dass zwei vom
470 1277 3638 1413 Absoluten her gleich berechtigte und zu verstehende
474 1409 3702 1522 Ansichten nicht vereinbar sind von einem praktischen
474 1518 3682 1626 oder kämpferischen Standpunkte her, – Jch glaube doch,
478 1610 3698 1730 dass man sich darüber einig sein müsste: die Angleich¬
478 1718 3565 1815 chung der taktischen Mittel an den Feind gilt mehr
474 1799 3521 1907 für Generäle als für unsereiner, und darf, wenn man
478 1891 3646 2020 es mit der schmutzigen Lügentaktik der Nazis zu tun
474 1987 3489 2124 hat, nicht bis zur geistigen Angleichung gehen. An¬
478 2108 3465 2232 ständige Kritik, wenn sie von einem bewährten und
478 2204 3405 2329 bemühten Mann wie Gide kommt, ist notwendig, – und
482 2301 3642 2445 besonders im Falle Russlands, welches durch die letz¬
478 2417 3577 2566 ten und vorletzten unheimlich finsteren Ereignisse
478 2521 3577 2650 schwer verdächtig geworden, und zudem aus so vielen
486 2622 3449 2750 Gründen nicht als direktes Beispiel und direkter
482 2726 2096 2843 Bundesgenosse gelten kann.\:p\
470 2802 3597 2931 \p\Dass Gide kein Konvertit war, als er sich zum Kommu¬
470 2927 3642 3059 nismus bekannte, sondern dass es die heute unvermeid¬
482 3031 3328 3156 liche Konsequenz seiner Menschenliebe war, – das
470 3128 3618 3284 scheint ja, obwohl es für uns ungeheuer wichtig war,
502 3236 3589 3365 jetzt vergessen. Und die blöde Un-Kritik, die an ihm
486 3365 3585 3465 von Werweisswem jetzt geübt wird, erinnert peinlich
474 3445 3525 3593 an die Angriffe von gewissen Emigranten gegen den
474 3549 3485 3698 Zauberer. Als ob es nicht, letztlich und tröstlich,
486 3670 3674 3826 das bessere und reinere Niveau wäre, das sich durch¬\fml\\:p\
1546 397 2272 606 ANNEMARIE CLARAC
1710 566 2132 666 118 EAST 40TH
1710 638 2116 775 New York
478 763 1237 940 \fml\\p\setzen wird.\:p\
490 883 3658 1020 \p\Jch habe hier, während der letzten Tage, von zuverläss¬
478 996 3533 1124 siger Seite Jnformationen aus Deutschland und Tat¬
482 1096 3433 1229 sachen vernommen, die bei aller Grausigkeit opti¬
474 1213 3706 1353 mistisch und gläubig stimmen müssen. Sie betrafen vor
482 1337 3630 1421 allem dkie deutschen Rüstungen: Mangel an Rohstoffen,
482 1417 3469 1550 Geld und Weizen machen selbst deutsche Rüstungen
494 1530 3581 1650 qualitativ nicht besser, – sonst hätte ja Franco, der
478 1610 3638 1755 mit deutschem Material kämpft, längst siegen müssen.
498 1702 3509 1831 Und die Brotkarten-Stimmung im Lande ist bald die
498 1819 3525 1959 von 1916, – und wird schlimmer, je länger man Hitler
486 1927 2409 2092 hochstaplerisch gewähren lässt.\:p\ [space]
486 2060 3589 2252 \p\Kommst Du eigentlich nach Sils? Vor dem 15. habe ich
498 2224 3710 2369 vermutlich überhaupt keinen Besuch, ausser vielleicht
490 2313 3597 2437 Aschenia Melikow, für einige Tage. Jch muss Dir aber
482 2421 3597 2550 mitteilen, dass meine Finanzen geschwächt, mein Haus¬
486 2525 3349 2642 halt aufs Einfachste reduziert ist. – Ja, und die
498 2634 3605 2754 letzten Hundertdollars musste ich doch Eri überlas¬
494 2742 3702 2871 sen, sodass Du mir oder Kommer (!) einfach bare 440 frs
490 2847 3718 2959 schuldest. Es ist arg,– weil ich Kommer ungern schulde,
490 2935 3698 3088 und meinerseits für Auto Zahnarzt Holz etc beträcht¬
502 3035 2405 3148 liche Summen zu bezahlen hätte.\:p\
482 3120 3421 3272 \p\Schreib, ob und wann Du kommst. Es wäre natürlich
486 3256 3537 3365 schön, in der – immer wieder erstaunlichen – Ruhe von
486 3365 3593 3477 Sils äsich zu sehen, N.Y. ist ja doch zuletzt nur ein
490 3449 3706 3609 Nerven- und Albdruck gewesen, und wenn auch die Giehse
494 3593 3605 3702 sich jetzt etwas erholt hat, war es doch nicht ganz
506 3670 3654 3774 leicht, wochenlang in diesem engsten Kontakt mit ihr
486 3778 2859 3987 zu sein. Verstehe es aber nicht falsch.\:p\
1547 454 2270 566 ANNEMARIE CLARAC
1703 550 2129 663 118 EAST 40TH
1715 639 2121 771 NEW YORK
534 820 3387 1000 \p\Von Eri habe ich noch keine Nachricht, – ich war
526 980 3495 1181 aber darauf gefasst,und es wird so richtig sein,
530 1093 1470 1241 für eine Weile.\:p\
526 1173 3515 1326 Grüsse alle, den Friedrich besonders, falls er mit
530 1294 3760 1482 Dir gekommen ist. Ein Bett für ihn ist hier natürlich
538 1394 1350 1531 immer bereit.
1004 1667 1386 1868 Adieu –
1756 1764 2165 1969 Deine [handschriftlich]
2278 1965 2627 2202 Miro
