5213 7281
688 1285 1426 1662 Samstag
1085 1587 4876 1983 Dass Du Trotz Proben, Ärger, Anstrengung
1029 1813 4765 2209 mit unbegabten Kollegen Zeit hast
1034 2064 4921 2400 mir zu schreiben, ist anerkennens¬
1024 2275 4755 2506 wert und süss von Dir, lass Dir
999 2546 5016 2857 aber gesagt sein dass Du Dich keines¬
1009 2706 4725 3088 falls mit Briefen abgeben sollst
1039 2942 4941 3224 solange Du mit Anderem belastet
1009 3148 4996 3465 bist und was die manchmal sinkende
964 3389 4956 3716 Kurve meines Lebensmutes anbetrifft
949 3655 4951 3922 so ist es weil ich müde bin wie ich
984 3876 4901 4188 Dir schon mehrmals wiederholte, u.
999 4097 5036 4544 weil die Arbeit sich unabsehbar häuft.
934 4343 4409 4700 Penibel die Lage: ich darf mich
939 4569 4323 4941 nämlich nicht beklagen, weder zu
939 4810 4966 5222 Hause noch bei Professoren, weil man
964 5066 4479 5428 mir sonst triumphierend sagen
949 5272 4459 5594 wird, kein Mensch zwinge mich
949 5533 4750 5915 Geschwindigkeitsrekorde in Doktor¬
944 5729 4544 6156 examina aufzustellen, u. diese
939 6000 4529 6357 Niederlage würde mich doch
974 6251 4469 6643 kränken! – ich bin aber vorläufig
974 6513 4584 6904 froh u. gesund und voller Hoffnun.
1005 712 4492 1152 Inzwischen wirst Du den Brief von
975 1026 4335 1400 Fred mit Lorbeerzweigen erhalten
975 1233 4461 1602 haben, er (Fred [Pasternek]) ist sehr nett
970 1480 4471 1849 u. angenehm, ich glaube er ahnt
935 1693 4987 2077 gar nicht wie gerne ich ihn mag seitdem
955 1940 4845 2329 er Dich eines Dienstags in den Vier¬
935 2162 4987 2572 jahreszeitenkeller brachte (denkwürdiges
960 2395 4835 2789 Mahl mit Spinat, Pfirsichen, Heidel¬
889 2658 3825 3042 beeren u. Eich Eierkuchen!) [nach Georgiadou, S. 84, das erste Treffen mit EM, über Fred Pasternek vermittelt. Laut Polizeiakte, Befragung von EM, um Pfeffermühlen-Skandal schrieb AS jedoch (auch) vorgängig einen Brief an EM, siehe Alexis, S. 225, Fn 18, S. 413. Dass EM Pasternek gegenüber der Polizei erwähnt, könnte auch zu seinem Schutz geschehen sein.]–
884 3072 4906 3466 \p\Die Versöhnung mit den Eltern ist sicher
869 3284 4886 3592 von Bestand, ich glaube ohne Überhebung
874 3527 4482 3865 dass die Expedition nach Venedig
909 3729 4906 4113 trotz allem eher nützlich war, u. was
915 3976 4613 4370 kann den[n] jetzt schon geschehen! Auch
920 4219 4941 4623 nach Bayern dürfte ich vielleicht, aber
940 4497 4951 4835 wie soll das möglich sein, ich kann ja
945 4694 4855 5113 tatsächlich nicht 2 Tage fort ohne es
955 4891 4537 5300 nachher bitter büssen zu müssen.
945 5148 4861 5578 In München hast Du mal behauptet,
945 5517 4855 5937 "richtig schuften" sei ganz reizvoll,
940 5709 4861 6023 u. das ist auch wirklich so aber
920 5997 4593 6356 Plänemachen ist ausgeschlossen u.
950 6245 4886 6639 das Ganze darf auf jeden Fall nicht
920 6513 2738 6892 zu lange dauern!\:p\
996 694 4871 1031 \p\– Macht Beps (hiess er so?!) den Gérard?
976 946 4821 1194 Siehst Du, das hätte ich viel besser
1036 1174 4900 1645 gemacht wen[n] ich ein richtiger Junge
1046 1407 4608 1828 wäre ("Halt" sagte gestern ein
922 1705 4469 2096 Polizist zu mir, "Sie haben kein
971 1982 4940 2403 Licht an Ihrem Wagen, junger Mann“)
971 2284 4945 2532 – Aber arbeite Du nur tüchtig mit ihm,
961 2487 4152 2859 u. mit dem allzulyrischen Paul –
902 2745 4569 3097 Die "Geschwister" in Zürich zu spielen,
976 2978 4435 3404 wäre sehr reizvoll. Allerdings
867 3275 4583 3508 waren meine "Connectionen" nur
882 3468 4811 3840 Richtung Oper, u. am Schauspielhaus
852 3687 4479 3999 kenne ich kein Bein – aber ich
862 3939 4623 4291 werde nachdenken ob es nicht doch
798 4237 3999 4633 möglich ist, jemanden dort zu
827 4430 4787 4871 kennen u. etwas zu tun, u. Du sollst
837 4796 4088 5119 gleich Bericht darüber haben.\:p\
827 5237 4445 5738 Noch etwas: Wir wollen für den
808 5525 4479 6070 Abend Reklame machen u. dazu
837 5797 4321 6154 muss ich entweder einen Film
857 6055 4796 6501 haben von dem ich Abzüge machen
902 6332 4687 6684 lassen kann, oder etwa 6 Photos
912 6575 4767 6972 von Klaus u. Dir (um in Buchläden
798 6813 4271 7155 aufzuhängen, unterzeichnet von
811 669 4499 1058 einem Schüler von Preetorius [der Grafiker Emil Preetorius] den ich
815 971 2630 1338 aufgetrieben habe)
815 1530 4196 1961 \p\Und ich bekomme auch ein Bild,
788 1805 3770 2098 bitte sehr bald nicht wahr?\:p\
1617 2126 4100 2437 Sei vielmals geküsst von
1640 2350 3239 2593 Deinem Kind A
793 2790 4045 3202 Bitte melde Deinen Eltern meine
843 3042 3253 3491 Verehrungsvollen Grüsse!
