3485 4448
2505 316 2968 579 12. Okt. 29
698 818 2116 1144 Lieber Herr Pfarrer!
449 1032 3147 1379 Ich habe – in Folge des letzten Artikels –
523 1347 3242 1653 ein recht gutes Referat bekommen, in dem
519 1505 3112 1814 ich meine Bemerkungen machen soll.
505 1726 3277 2021 Auch sonst wird mir viel davon geschrieben.
530 1860 3277 2168 Es muss fein werden am Führertag. Aber ich
491 2014 2632 2365 werde wohl nicht mehr dabei sein.
484 2172 3284 2533 p] Wollen Sie das beigelegte Manuskript durch¬
516 2361 3260 2688 lesen u. mir wieder schicken? Ich frage
519 2572 3330 2888 mich ob etwas derartiges in's nächste Blättle
530 2895 944 3123 könnte?
533 2926 3232 3267 Hören Sie wäre es nicht möglich dass in den
519 3161 3344 3495 nächsten 8–10 Tagen Ruedi oder jemand sonst
558 3386 3028 3663 mit u. ich zu Ihnen kämen? Ich
460 3568 3102 3937 möchte auf jeden Fall noch nach Rein,
596 3818 3144 4098 u. wen[n ein W V mit wäre, könnte ich
614 3975 3214 4298 das als Ersatz für den Führertag
379 220 3103 544 führertag betrachten. Ich meine, nicht irgend
493 456 2836 703 ein W V, sondern Ruedi u. Basti.
439 605 2937 879 Mit denen kan man doch reden!
493 815 2954 1136 Ich möchte noch soviel, u. die Zeit
541 1105 1268 1342 ist so kurz!
1480 1666 2464 1893 Ihre Anemarie
