3656 4655
388 4208 489 4411 .
1648 126 2333 353 Bocken, 25.Dez. 27
800 356 3122 608 Man chère Dominique. tu pense probablement que j'ai oublié
775 520 3224 688 ton éxistence, mais ce n'est naturellement pas du tout le cas –
803 643 3391 856 seulement  --vois-tu, j'ai d'abord du reprendre un peu de courage –
772 803 3370 999 Tu ne peux t'imaginer mon état d'âme après mon examin. [Matur am 29. Okt. 2027 in Chur] J'étais si
775 922 3283 1153 découragé, et j'avoue que je le suis encor– mais un peu moins,
695 1055 3374 1289 parceque je me dis constamment que je n'ai pas de raison de l'être –
740 1191 3346 1421 Ce sont que des selntiments – et je ne sais pas ce que toi tu pense
723 1352 3231 1505 de cela – enfin, vois-tu, je ne savais pas que la vie est beau que
664 1491 3276 1669 pendant le travail – C'est à dire, je commence à exagérer, c'est une
754 1621 3499 1799 mauvaise habitude – Je te demande (parceque toi, tu est chez tes parents [ts handschriftlich ergänzt/korrigiert]
692 1732 3367 1994 donc à la maison)  – peux tu travailler, serieusement? Je n'arrive pas,
695 1900 3147 2109 moi – et alors tout me semble tellement "sinnlos", tu comprends –
506 2288 3119 2598 J'ai par – il y a quelques jours – avec une professeur – elle m'a dit
517 2529 3224 2770 qu'elle esperait beaucoup de moi – et moi, je pense que je n'ai
548 2689 1104 2825 aucun talen –
465 2766 3189 2993 Alors,chère vieille,jet[sic]'envoie mes meilleurs voeux pour nouvel-an.
548 2927 3185 3112 Si tu veux, je voudrais lire des livres que toi tu me indiquera – et
468 3080 3224 3272 on parlera de ces livres. J'ai lu très peu – p.e. "L'annonce" par Claudel.
499 3203 3307 3430 Et toi, connaits -TuWerfel? "Paulus unter den Juden",ou JYuarez und Maxi¬
461 3370 775 3517 milian?[title unterstrichen]
761 3391 3245 3618 Je pars avec mes frères et ma soeur pour l'Engadine (mercredi)
580 3538 3283 3786 [Hanschrift ab hier]Sils, Hotel Waldhaus et j'y resterai une
698 3716 1760 3967 dizaine de jours
887 3936 3007 4219 Bien des choses ma chère Dominique
2965 4181 3492 4446 An[emarie
1224 2186 1364 2327 2
747 2588 1121 2627 France.
1058 2752 2097 3076 Mademoiselle Dominique Schlumberger
1033 3059 1708 3089 7, Rue Las Caves
1048 3048 2098 3295 Hôtel du Mont-Gerard?
1553 3328 2273 3381 Paris 7,
1028 3413 1988 3573 Mont-Herand?
1455 3599 2382 3834 far tisé les Bâres
1963 3923 2366 4133 (Savoie)
