1730 2604
1059 118 1456 244 Pamplona
1052 235 1337 341 23. Mai
247 427 641 501 DIRECCIÓN TELEGRÁFICA
169 484 719 562 Y TELEFÓNICA: HOTEL ANDRIA
333 528 554 613 TELÉFONO, 37
392 648 1318 794 Mein lieber Onkel Georg!
261 757 1475 878 \p\Selbstverständlich bin ich froh
254 838 1632 947 u. Dir dankbar dass Du mir gleich
252 912 1602 1022 Deine Ansicht so u. nicht anders
256 999 1567 1127 geschrieben hast – aber es war ein
242 1073 1593 1214 arger Schlag (nicht wegen der Zeit¬
256 1135 1630 1295 schrift, davon nachher mehr) – den[n]
256 1222 1592 1369 ich war einfach nicht in der Lage,
268 1285 1607 1457 die Wirkung von zwei aufeinander
251 1386 1652 1534 folgenden "Pumpbriefen" zu erfassen.
254 1452 1656 1621 So kam es dazu: als meine Freunde u.
275 1527 1626 1672 ich den Plan der Zeitschrift erwogen,
251 1604 1541 1743 wollten wir zunächst feststellen
246 1710 1560 1847 ob wir überhaupt auf Interesse
261 1755 1586 1928 u. Hilfe rechnen könten. Und na¬
256 1851 1592 2013 türlich fielst Du mir dabei ein.
256 1922 1515 2074 Andererseits liegt es mir fern, Dich
261 2034 1548 2175 ausnutzen in wollen – u. ich bitte
289 2105 1517 2244 Dich, mir das Ansin[n]en nicht
284 2229 862 2342 nachzutragen.\:p\
259 2274 1421 2415 Nun aber ein paar Worte zu
272 2379 1546 2476 dem Plan an sich: Was Dich so
291 2446 1564 2558 deutlich dagegen ein[n]ahm, ist
230 91 1524 228 der Name meines Freundes Klaus
255 172 1589 300 Mann – Ich hätte gern die Gelegenheit
253 267 1502 379 erfasst, gerade durch die ernste
251 337 1449 483 Tätigkeit dieser Zeitschrift die
242 425 1528 529 schlechte Meinung über ihn zu
265 495 1519 616 verbessern – den[n] er verdient sie
191 558 1577 724 nicht, selbst wenn seine Bücher sie
207 634 1560 787 verdienen (Er ist noch sehr jung) –
197 697 1577 894 auf der anderen Seite sehe ich jetzt
228 783 1414 955 ein, dass eine Zeitschrift so
177 889 1500 1059 prekärer Art nicht belastet sein
176 945 1544 1159 darf durch die Namen der He¬
209 1054 1542 1238 rausgeber. Den[n] es handelt sich ja
221 1142 1553 1289 um ein ernstes Unternehmen: Du
230 1191 1546 1352 musst bedenken, in welcher ver¬
234 1273 1526 1456 zweifelles Tage sich die Schrift¬
255 1358 1470 1531 stellergeneration befindet, die
184 1440 1560 1612 deutsch ist u. es nicht mehr sein
218 1551 1551 1719 darf – ihr ein Organ zu schaffen,
228 1630 1535 1760 war unsere absolut ehrliche u.
227 1693 1618 1865 nicht zum Spass erfundene Absicht.
211 1788 1591 1930 Inzwischen ist es uns klar geworden,
223 1884 1456 2006 dass wir die Verantwortung
241 1953 1577 2102 nicht tragen können, vielmehr:
227 2035 1635 2176 dass man so junge leute – u. darunter
242 2130 1602 2259 einen leider so unötig belasteten
216 2190 1570 2318 Namen wie Klaus Mann – nicht
228 2290 1621 2425 als "Repräsentant" der deutschen
262 2381 1589 2517 (jetzt in Deutschland unerwünschten)
388 254 1508 378 Schrifttums haben will – Es
397 347 1557 454 war sehr bitter, es einzusehen.
374 435 1445 539 Aber es ist im[m]erhin möglich,
372 526 1560 648 dass gewichtigere Leute sich des
347 610 1397 723 Gedankens einer solchen
399 681 1445 812 Zeitschrift annehmen, u.
391 766 1431 944 dann macht es ja nichts.
331 943 1382 1086 \p\– Jetzt, glaube ich, sind die
320 1061 1428 1200 Missverständnisse zwischen
317 1151 1460 1286 uns beseitigt – es tut mir
315 1252 1524 1378 schrecklich leid, überhaupt
299 1324 1535 1472 Anlass dazu gegeben zu haben –
306 1430 1496 1556 aber Du verstehst sicher wie
329 1531 1597 1663 schwer unsere Lage augenblicklich
372 1614 1507 1743 ist, u. dass man aus Rat¬
337 1702 1559 1869 losigkeit manchmal falsche
328 1822 943 1967 Auswege sucht –\:p\
329 1906 1401 2068 Im Übrigen habe ich ja hier
342 2043 1365 2169 mit Artikeln vollauf zu
364 2115 1381 2243 tun, die Reise ist herrlich,
374 2185 1322 2325 u. die Pyrenäen sehr
329 2303 1420 2418 viel abenteuerlicher als
1388 799 1423 1947 ich es mir gedacht habe –
1269 808 1317 1755 Entschuldige bitte die
1163 808 1217 2003 Kaffehaus-Schrift und die
1052 826 1108 1877 langatmigen Erklärungen.
931 826 984 2177 Ich bleibe, mit vielen herzlichen
822 844 868 1443 Grüssen, Deine
644 1577 679 1978 An[n]emarie
