5222 4390
812 457 4806 913 Dein Brief kam E. – u. wichtiger ist dass Du
812 727 4912 1051 samt Klaus bald kom[m]st. Mein schöner Brief (er
818 1014 4991 1354 war besonders gelungen) ist also verloren wie meine
781 1163 2161 1455 Hausschlüssel ...
765 1359 4620 1736 Es geht mir schlecht, E., so schlecht als nur
727 1582 4960 2023 denkbar. Ich wollte Dir u. niemandem auch nur ein
749 1837 5013 2166 Wörtlein davon schreiben: Es scheint so zu sein, dass
786 1991 4938 2416 im Ernstfall jede Sentimentalität sich beschämt
770 2198 4944 2570 verkriecht, man gibt keinen Laut mehr von sich
770 2443 4922 2836 (u. fährt sich nur um ein Haar morgens zwischen
807 2607 3659 2947 4 u. 7 Uhr auf der Avus zu Tode)
722 2814 4752 3144 Es gibt, Gott seis gedankt, recht süsse Menschen hier
727 3053 4795 3329 die sich meiner im rechten Augenblick an[n]ahmen,
717 3260 4891 3616 manchmal ist D doch mit Essen u. Schlafenlegen
722 3388 3563 3701 schon viel geholfen. Schluss davon,
733 3584 4636 3892 adieu E.-liebling, Faist sagt dass Du auch in der
812 3797 4912 4142 Rauhestr. wohnen willst. Wenn Du kom[m]st, E., habe
916 474 4503 724 ich mich sicher gebessert, ich hatte zum ersten
992 675 4418 1023 Mal in meinem ereigniskurzen Leben einen
978 858 4396 1206 "Nervenzusammenbruch", das war sehr übel
1036 1121 4378 1456 u. soll sich nicht widerholen. Bekomme
978 1305 4454 1765 ich ein Bild, hast Dus endlich für mich
961 1559 4325 1997 bestellt? Zwei Bilder am Besten, eines
943 1809 3234 2127 auch von Klaus Heinrich.
996 2037 3860 2582 Adieu, nochmals, Gruss an Theres,
1041 2350 3565 2810 Medi u. die verehrte Familie
1068 2578 2801 3007 Du bist sehr erwartet
1157 2801 1492 3007 von
2707 3056 2984 3458 A.
