2817 3848
563 850 792 970 Bocken
546 961 1220 1109 Tel. Zürich 924 - 169
669 1090 891 1239 8. Mai
729 1343 1331 1512 Mon cher Claude
738 1493 1565 1632 je voudrais bien te voir.
727 1567 2040 1771 Je pourrais accompagner Maman am
743 1706 2308 1877 "Himmelfahrtstag". C'est bien le 11 Mai?
722 1817 2322 2007 à Nyon près Genève – "Le Saclex" – c'est la
743 1979 2491 2174 maison de Mme Dunant, Maman est la marraine
727 2134 2426 2243 d’une des petites filles Dunant, et elle passera
722 2243 2579 2419 toute la journée - c’est à dire, de Midi jusqu’ 5h
743 2394 1766 2563 de l’après-midi, là-bas.
727 2507 2438 2674 S’il y a la possibilité – que tu sois libre -
741 2676 2597 2871 tu viendras me rencontrer à Nyon, n’est-ce pas?
745 2815 1049 2942 Si non -
752 2915 2567 3109 il faudra voir. Je ne sais pas quand je pourrais
766 3044 1993 3216 repartir pour Genève ou Grenoble.
738 3176 2454 3306 Je voudrais aller de le 28 Mai à Berlin –
766 3324 2454 3466 avant, une semaine à Lugano - et puis :
748 3435 1570 3560 la Hollande, Erika.
674 469 2138 614 Oui, à la fin de l'été - je repartirai
718 593 1228 734 pour Teheran.
722 711 2387 894 C’est tout ce que je sais faire. Maintenant,
718 852 1636 1008 je prépare mon livre.
705 1004 1089 1132 Toi aussi -
682 1078 1877 1263 ton livre: qu’ est-ce que c'est?
668 1238 1412 1435 Mon vieux Claude -
670 1584 2229 1852 Envoi-moi un mot ou un télégramme.
707 1829 1844 1983 Viens si toujours possible -
1197 1999 2161 2165 je t’embrasse, mon petit -
1682 2227 1871 2362 An[n]emarie
672 2638 1893 2833 Hansi était très chic à Nice –
691 2762 2026 2965 je suis contente que tu l’aies vu!
935 1794 1673 1928 Lieutnant Bourdet
976 1956 1699 2107 12, Place St. Claire
1454 2131 1768 2246 Grenoble
774 2440 1120 2566 Frankreich
1899 1501 2134 1559 4.V.34
1912 1616 2120 1660 Zürich
