2402 1892
1762 331 2106 536 ZÜRICH HORGEN
1817 493 2054 536 28. VIII. 33 · 17
519 876 1806 986 Frl. Marianne Breslauer
511 1044 1632 1193 Rheinbahrenallee 29
940 1279 1891 1435 Berlin-Dahlem
574 798 1581 1007 Bocken am 27.8.33
625 1058 3116 1266 \p\Marianne, Allerliebste: ich war gleich am ersten
654 1231 3161 1443 Vormittag bei der Zürcher Ill. – u. weil nun
667 1401 3004 1568 das Scheussliche mit Ullstein vorbei ist,
677 1561 3116 1763 war der freundliche Chefredakteur gerade
660 1706 2985 1885 muntergelaunt aus den Ferien zurück.
635 1888 2850 2107 Er hat loyola angenom[m]en u. eine
628 2036 3193 2238 Kinderserie die ich ihm morgen beschriftet
635 2232 3216 2478 ins Haus trage. An die Schweiz. Ill. sandte
693 2437 3193 2616 ich Andorra weil das doch toll aktuell
664 2607 3091 2828 ist augenblicklich. Ich arbeite auch seit
686 2815 2982 2998 2 Tagen nur darüber, habe die neuen
721 2988 3290 3184 Times–Berichte u. mache einen aufregenden
673 3107 2107 3354 Aufsatz für den Radio.\:p\
667 3264 3168 3504 F. sah ich erst ganz Schuell in E.s Vortrag
680 3427 3149 3639 der sehr hübsch war, u. den Leuten
702 3588 3126 3828 gefielen Eris Kindergeschichten enorm.
730 593 2726 782 Sonst bin ich aber nicht vergnügt
779 756 2749 937 weil alles so düster aussieht, u.
733 946 2749 1097 wir sind die verlorenen Kinder
703 1106 1381 1270 im Wald ...
706 1261 2782 1439 \p\Kom[m] recht bald, Marian[n]e, aber vom
718 1419 2840 1588 6. bis circa 15. bin ich gar nicht
727 1579 2659 1813 da. Telefoniere doch der Lilly
692 1772 2928 1918 meine Taten u. nun müsse sie das
706 1891 3053 2110 ihre tun, ich schicke das Restmaterial
700 2055 2738 2277 bald zurück. Was macht die
674 2256 1853 2461 Serie der Berl. Ill.?\:p\
721 2417 2863 2604 Adieu, liebste Marianne, ich bin Dir
730 2621 1953 2817 zärtlich gesinnt!
2177 2697 2487 2890 Deine
2037 2983 2712 3149 Annemarie
