1542 2278
640 100 1213 211 Rihanie/Syrie
505 163 1380 277 to Syrian Expedition of
510 264 1316 373 the University of Chicago
840 359 1257 471 20 Décembre
271 561 1270 686 Claude, mon pauvre gamin -
269 660 1253 770 c'était bien la lettre que
284 741 1148 857 j'attendais de toi soldat -
262 804 1352 937 c'était même (je l'avoue) ma
277 888 1298 1009 seule crainte à ton égarde
293 970 1292 1100 que tu puisses t'habituer -
262 1049 1230 1171 mais me voilà triste en
276 1139 1326 1267 pensant à toi, parceque ce
256 1230 1322 1361 déteste qu'on te force à faire
262 1318 1253 1467 ce qui ne vaut pas assez.
256 1417 855 1548 Tu comprends?
259 1508 1394 1644 Mais tout de même, tu devrais
259 1589 1370 1708 m'écrir plus souvent. Voilà
249 1675 1260 1810 deux mois que je n'avais
249 1771 977 1866 pas une nouvelle.
259 1835 1262 1947 - Je suis encore en Syrie.
269 1930 1353 2043 J'irai plus loin, et seule.
272 200 1364 332 Maintenant - je vais bien. Je suis,
285 300 1303 430 et aussi Frid, au camp de
257 395 1353 524 Américains qui font l'exca-
251 478 1405 633 vation de dite Kalueh biblique.
271 602 1335 710 En ce moment, presque tout le
247 696 1262 802 monde est parti en vacances -
233 758 1276 883 nous som[m]es restés avec un
280 849 1415 979 garçon de notre âge et tout à
216 945 1429 1093 fait charmant, Bob, Authorologue,
223 1038 1185 1167 et nous avons de longues
221 1147 1332 1259 disputes, de longues whisky,
212 1237 1341 1349 de longues "drives" pendant
197 1322 504 1427 la nuit.
210 1408 1219 1523 Et, en ce moment, je suis
203 1483 1299 1618 follement penchée sur une
215 1568 1312 1712 découverte sensationelle : il
221 1689 1387 1823 ne faut pas en parler, certai¬
230 1776 1379 1903 nement, mais il semble que
209 1866 1411 1963 l'invéstigation pour trouver le
209 1944 1370 2072 Site de Kalueh, a été faite très
201 2059 1414 2172 négligemment - et, en étudiant
276 172 1297 306 soigneusement les sources et le
292 265 1244 366 terrain avec Bob -  je suis
334 356 1231 475 presque sûre, et iuve? de
294 421 1319 603 "Span[n]ug" – que nous trouvons
303 531 1388 644 l’endroit de Kalueh, du temple,
310 624 1300 776 et de la "Statue héroïque"
278 716 1410 857 que Salmanassar a posé là ...
317 931 1382 1086 Inzwischen wirft der Sturm die
320 1076 1396 1159 Hügel um. Bobs Skelette werden
337 1148 1405 1250 morgen weggetragen sein. Gleich
340 1235 1358 1357 nach Weihnachten fahre ich
321 1299 1419 1430 nach Beyrouth, für Neujahr
340 1403 1293 1514 noch hierher zurück. Ich
311 1474 1328 1612 denke an Europa wenig, u.
337 1582 1275 1714 lebe. I simply enjoy life.
323 1661 1231 1782 Ich habe Dir eine kleine
320 1761 1204 1893 Sache geschickt - das ist
327 1860 1343 1986 Alefs. Je crains que j'ai
316 1947 1300 2068 là - bas, dans cette vielle
1163 459 1324 1743 étrange, un rénommé étrange.
1074 475 1188 1140 Mais nevermind
977 478 1107 1668 Ecrits encore à BEYROUTH -
875 509 1010 1580 c/o Service des Antiquités -
771 476 894 1632 sois content de 1934. On se
691 492 790 696 verra.
617 506 757 1571 Je voudrais que tu connaisses
483 499 638 1687 ma grand’ mère Schwarzenbach.
419 502 535 1724 Elle est tout aussi charmante que
341 468 445 1859 la generalin Meme! Et imagine-toi
227 449 364 1573 qu’elle a confiance en moi!
107 736 243 1135 Tendresse
100 1506 204 1826 An[n]emarie
327 1932 1137 2086 Je t'enverrai des articles -
338 1010 1426 1162 Monsieur Claude Bourdet
437 1147 1343 1299 E.O.R. 14 ème Brigade
319 1234 1304 1432 Ecole militaire d'Artillerie
705 1386 1058 1523 Poitiers
218 1576 451 1651 France [Stempel: unleserlich]
