2552 3192
2069 67 2347 180 [foreign Hand:](Sommer 34?)
1226 211 2131 406 Berlin-Charlottenburg
1236 334 2330 514 Königin Elisabethstr. 40
535 854 1682 1044 Mein lieber Onkel Georg –
593 1010 2436 1164 \p\Du wirst wohl in Bocken erfahren haben
595 1152 2477 1320 dass sich meine immer wieder verschobene
557 1286 2477 1493 Abreise am Ende etwas plötzlich vollzog,
569 1394 2155 1560 wodurch ich um das Vergnügen
547 1524 2273 1656 gebracht wurde, wie verabredet im
581 1637 2453 1800 Tössertobel [Reinharts Villa in Winterthur] Mittag zu essen u. mich mit
523 1723 2395 1891 Dir noch ein bischen über Filmpläne
574 1882 1361 2018 zu unterhalten.\:p\
545 2011 2436 2194 Inzwischen habe ich darüber hier schon
521 2105 2371 2297 etliche Besprechungen gehabt. Dr. Petersen
547 2222 2208 2383 u. ich haben gestern beschlossen,
564 2357 2455 2525 vorläufig auf eine Gründung in der
547 2498 2474 2669 Schweiz zu verzichten. Hingegen interessiert
586 2611 2383 2770 sich die "Ufa" stark für das Kolo¬
614 2729 2309 2899 nialthema. Leider ist sie aber eine
610 2861 2326 3043 recht widerliche u. unerfreuliche
509 249 2369 391 Firma bei der persönliche Einfälle
526 384 2289 528 u. Leistungen unfehlbar zerquetscht
545 484 2418 626 u. in die übliche Marktware verwan¬
506 601 2274 760 delt werden – auf dem Umweg über
504 738 2408 890 zehn halb verantwortliche "Kollektiv"¬
560 863 2403 1020 instanzen. Und ausserdem machen sie
538 961 2289 1127 jetzt, der üblen Konjunktur gemäss,
509 1071 2125 1230 nur dünne soldatische Filme –
491 1242 2384 1379 so dass ein Kollektiv[add above line: Kolonial]-Film sicher ganz
491 1330 2399 1528 anders herauskäme als Petersen u. ich
518 1455 2303 1592 uns das wünschen. Angenom[m]en dass
513 1528 2482 1729 wir das Geld bekom[m]en (etwa 100 000 R.M.,
538 1665 2183 1868 wovon 50 000 schon gezeichnet sind)
482 1787 2428 1988 würden wir daher den Film selbständig
518 1973 870 2125 machen.
518 2078 2325 2245 Ich ergänze Dir das so ausführlich
545 2193 2450 2342 weil ich denke dass es Dir vielleicht
562 2291 2335 2479 Spass macht – besonders weil Du sich
550 2433 2455 2604 ja sowohl für grosse Reisen, Expeditionen
521 2575 2188 2741 und dergleichen interessierst. Mit
531 2709 2301 2919 meinem Ausgrabungs-Film werde
606 542 2358 719 ich allerdings hauptsächlich Geduld
582 683 2305 858 haben müssen – die Einstellung der
566 810 2332 994 Leute hier ist, wie gesagt, von grotesker
585 980 2255 1119 Unkultur u. niemand unternimmt
544 1105 2471 1282 es, Geld in eine Sache zu stecken die nicht
556 1229 2389 1380 ganz in der üblichen, erprobten Linie
561 1344 817 1488 liegt.
561 1450 2396 1646 \p\Inzwischen erzählt mir ein Freund von
554 1562 2300 1716 mir dass er Vreni u. Enti gesehen
520 1663 2245 1809 hat. leider vergass er, zu um ihre
530 1780 2370 1955 Adresse oder Telefonnum[m]er zu bitten.
549 1881 2423 2061 Würdest Du il mir bitte die Adresse
542 2008 2449 2157 gleich schicken – oder eventuell ihnen
484 2113 2317 2284 meine Telefonnummer (Westend 12-50)
561 2274 1066 2377 schreiben?\:p\
566 2363 2068 2545 Mit vielen herzlichen Grüssen
522 2485 1737 2650 an Tante Olga u. Dich
1268 2650 1478 2808 Deine
1651 2856 2240 2983 Annemarie
