5186 7263
828 986 1617 1350 Montag
936 1503 4525 2036 Liebling E. – was soll man zu den
922 1804 4870 2395 Schweizer Juden sagen, was zu Herrn
828 2114 4796 2563 PROF. HAAS-HEYE [Otto Haas-Heye, hat später Kostüme für Pfeffermühle mgemacht, ausführliche Infos: https://www.marchivum.de/de/geschichte/blog/ein-weltbuerger-kehrt-zurueck-otto-haas-heye], Kunst und
798 2376 4613 2760 Modeschule, Hirschengraben 25 –
833 2568 4401 2967 der Dich u. mich (ich erhielt
833 2755 4520 3243 gedruckte Karten) samt Bruder
877 3021 4712 3563 Fredi zu einer Cocktail-Party
907 3307 1868 3598 einlud –
897 3554 4475 4140 was zu Theresens Brief anderes
843 3830 4722 4416 als dass er bestim[m]t verloren
867 4071 4781 4776 ging, denn erstens ist meine Mutter
1035 4263 4613 4939 von peinlicher Korrektheit
1055 4589 4525 5239 in solchen Dingen, zweitens
749 4835 4697 5584 erhielt ich gestern von ihr einen
838 5101 4505 5752 bezaubernd gut gelaunten
808 5427 4229 5934 Brief, u. wie wäre das mit so
828 5698 4549 6338 zynischer Lektüre zu vereinen!
823 6087 4796 6792 Endlich: der Victory bekom[m]t neuen
961 6398 3978 6881 Bremsbelag u. seine
1040 6600 4396 7152 Steuer Schnecke wird neu
932 756 2380 1128 eingeschliffen
952 1014 4300 1423 u. beinahe dachte ich daran
999 1263 4306 1765 zum "Carlos" 700 km auf
932 1542 2945 1910 ihn zu nehmen,
885 1780 4295 2189 inzwischen hat mich aber
740 2091 4259 2525 eine über das gewohnte u.
662 2313 4497 2789 gern ertragbare Mass hinaus
880 2670 4906 3203 heftige Angina ereilt, gemeinsam
771 2965 4660 3398 mit Fieber (schon erreicht es
724 3177 4647 3644 finstere 388) Ohren u. Drüsen u.
735 3566 4844 4000 das wird, laut Doktor Daelens
756 3736 4652 4363 Konsultation, nicht ganz so
719 4114 3291 4523 schnell geheilt sein.
704 4388 4740 4973 Lily ärgert sich, dass ich mich,
828 4787 4761 5294 wen[n] ich schon da läge, nicht
1019 5139 3855 5553 über Nazis* u. andere
818 5346 3804 5837 Schmerzens Kinder ihres
642 5687 4528 6262 politischen Herzens unterhalten
771 5956 1459 6298 kan[n],
916 6303 1459 6614 aber
383 6412 4544 6914 * tue ich nie wegen hoffnungslosem
352 6696 4885 7142 Unverständnis. F. [?]  (ausserdem bin ich kein
2805 6950 3856 7178 Nazi!)
749 605 4316 1173 ihr Pflege ist, scheint mir,
733 987 4704 1322 besser als die, welche Dich einst
727 1269 4842 1747 im Hause des Gatten Gründgens [Gustav Gründgens]
727 1640 4427 2161 mit Schildkröten-Schwanz-
865 1996 2787 2373 Suppe versah
685 2373 4252 2861 Freust Du Dich auf Spielen
749 2739 4847 3244 mit Basserman[n] [Albert Bassermann, Schauspieler]? Weisst Du
717 3074 4247 3467 dass Han[n]a in Holland, u.
754 3408 4905 3955 dass ihr Freund Gus Jürgen
706 3769 4502 4284 mit Manuel Felber [oder Faber?] u. Inge
738 4120 4661 4831 K.[önigswald ?] für das Sportsabzeichen
695 4475 2070 4937 trainiert [?],
711 4778 4735 5426 u. dass ich am 15. nach Schweden
616 5234 4895 5776 (mindestens bis Stockholm zunächst)
786 5638 4826 6116 reisen will oder möchte? Mit Klaus?
754 5898 4613 6482 Wirst Du alle von mir grüssen?
1285 6264 4661 6912 Adieu, alle Zärtlichkeit Deiner
4043 7115 4319 7163 A
