<?xml version="1.0" encoding="UTF-8"?>
<validation-wrapper>
   <PcGts xmlns="http://schema.primaresearch.org/PAGE/gts/pagecontent/2013-07-15">
      <Metadata>
         <Creator>prov=READ-COOP:name=TrHtr:version=2.44.0:model_id=51170:date=12_06_2026_10:11</Creator>
         <Created>2026-06-12T07:57:22.113+02:00</Created>
         <LastChange>2026-06-12T16:09:04.786+02:00</LastChange>
         <TranskribusMetadata docId="16795718"
                              pageId="122098878"
                              pageNr="1"
                              userId="210611"
                              imgUrl="https://files.transkribus.eu/Get?fileType=view&amp;id=NUDAQCBLGFCLGQHHSRACDUFR"
                              imageId="103716376"/>
      </Metadata>
      <Page imageFilename="letter_0764_001.jpg"
            imageWidth="3512"
            imageHeight="4511">
         <TextRegion orientation="0.0" id="tr_1" custom="readingOrder {index:0;}">
            <Coords points="453,160 453,4308 3346,4308 3346,160"/>
            <TextLine id="tr_1_tl_3" custom="readingOrder {index:0;}">
               <Coords points="489,673 925,591 1129,643 1257,578 1637,686 1765,692 1956,600 2097,623 2097,499 2051,476 1513,394 1024,453 883,528 620,427 489,440"/>
               <Baseline points="507,597 586,598 666,595 746,591 826,592 906,594 986,590 1065,588 1145,589 1225,591 1305,594 1385,592 1465,588 1545,588 1624,594 1704,594 1784,595 1864,594 1944,594 2024,597 2104,600"/>
               <TextEquiv>
                  <Unicode>Mein lieber Herr Pfarrer!</Unicode>
               </TextEquiv>
            </TextLine>
            <TextLine id="l" custom="readingOrder {index:1;}">
               <Coords points="492,791 591,755 1670,666 2372,646 3137,656 3281,663 3321,673 3321,961 3225,968 1145,1001 492,909"/>
               <Baseline points="510,889 584,882 659,880 734,883 809,886 884,889 958,887 1033,887 1108,889 1183,889 1258,886 1332,889 1407,892 1482,889 1557,883 1632,880 1706,878 1781,871 1856,866 1931,863 2006,859 2206,847 2262,840 2318,838 2374,840 2430,847 2486,839 2542,835 2598,835 2654,835 2710,835 2767,833 2823,832 2879,829 2935,830 2991,835 3047,840 3103,841 3159,844 3215,846 3271,852 3328,850"/>
               <TextEquiv>
                  <Unicode>Entschuldigen Sie bitte die Kinderschrift,</Unicode>
               </TextEquiv>
            </TextLine>
            <TextLine id="l_1" custom="readingOrder {index:2;}">
               <Coords points="476,1139 479,1037 751,968 2546,879 2825,873 3032,879 3271,968 3268,1076 3114,1096 1680,1162 555,1185"/>
               <Baseline points="495,1104 587,1110 679,1110 771,1107 863,1104 955,1098 1047,1092 1139,1091 1231,1093 1323,1085 1416,1086 1508,1091 1600,1078 1692,1069 1784,1071 1876,1066 1968,1065 2060,1065 2152,1062 2244,1059 2337,1056 2504,1032 2542,1027 2581,1024 2619,1023 2658,1021 2696,1021 2735,1021 2773,1023 2812,1024 2850,1024 2889,1022 2928,1016 2966,1009 3005,1006 3043,1004 3082,1003 3120,1006 3159,1012 3197,1017 3236,1022 3275,1029"/>
               <TextEquiv>
                  <Unicode>mit der ich gezwungen bin, Ihnen</Unicode>
               </TextEquiv>
            </TextLine>
            <TextLine id="l_2" custom="readingOrder {index:3;}">
               <Coords points="436,1293 440,1204 817,1129 1099,1099 2123,1063 3170,1047 3275,1063 3278,1234 3219,1250 3045,1280 2025,1326 1378,1352 633,1349"/>
               <Baseline points="453,1283 555,1283 657,1285 759,1275 861,1267 963,1259 1065,1259 1167,1256 1269,1254 1371,1264 1474,1265 1576,1259 1678,1257 1780,1256 1882,1241 1984,1242 2086,1232 2188,1217 2290,1209 2392,1206 2495,1212 2642,1206 2674,1204 2706,1203 2738,1203 2770,1203 2803,1203 2835,1204 2867,1206 2899,1206 2931,1207 2964,1210 2996,1212 3028,1216 3060,1216 3092,1212 3125,1212 3157,1212 3189,1213 3221,1218 3253,1224 3286,1221"/>
               <TextEquiv>
                  <Unicode>zu schreiben, da ich keine Feder, d.h.</Unicode>
               </TextEquiv>
            </TextLine>
            <TextLine id="tr_1_tl_10" custom="readingOrder {index:4;}">
               <Coords points="472,1483 1011,1568 1208,1477 2530,1372 2960,1440 3098,1542 3111,1309 2940,1221 2510,1211 2011,1332 1769,1257 1447,1401 1257,1329 797,1421 479,1352"/>
               <Baseline points="492,1477 623,1474 754,1478 885,1486 1016,1486 1148,1474 1279,1468 1410,1460 1541,1437 1672,1425 1804,1418 1935,1414 2066,1397 2197,1391 2328,1388 2459,1372 2591,1369 2722,1361 2853,1367 2984,1361 3116,1361"/>
               <TextEquiv>
                  <Unicode>meine Feder nicht zur Verfügung</Unicode>
               </TextEquiv>
            </TextLine>
            <TextLine id="l_7" custom="readingOrder {index:5;}">
               <Coords points="436,1742 443,1559 1667,1427 2572,1411 3048,1404 3271,1411 3324,1431 3314,1657 781,1765 676,1769"/>
               <Baseline points="459,1719 484,1710 510,1710 536,1710 562,1710 587,1710 613,1710 639,1708 665,1707 690,1705 716,1704 742,1704 768,1703 794,1701 1263,1663 1291,1660 1320,1659 1349,1659 1377,1659 1406,1659 1435,1659 1510,1644 1535,1644 1560,1641 1585,1639 1610,1637 1635,1635 1660,1634 1685,1633 1710,1633 1736,1630 1761,1627 1786,1625 1811,1624 1836,1624 1861,1624 1886,1624 1911,1625 1937,1627 2086,1591 2114,1593 2142,1591 2170,1590 2198,1588 2226,1586 2254,1584 2283,1582 2597,1549 2623,1549 2649,1549 2675,1549 2701,1549 2728,1549 2754,1551 2780,1552 2806,1554 2832,1556 2859,1558 2885,1558 2911,1558 2937,1562 2964,1564 3057,1552 3084,1549 3111,1546 3138,1544 3165,1542 3192,1540 3219,1538 3246,1537 3273,1539 3300,1538 3328,1534"/>
               <TextEquiv>
                  <Unicode>habe. Ich habe seit Ihrem Brief</Unicode>
               </TextEquiv>
            </TextLine>
            <TextLine id="l_3" custom="readingOrder {index:6;}">
               <Coords points="518,1942 525,1755 591,1742 2172,1588 3107,1582 3245,1628 3235,1851 1437,1942 682,1969 555,1956"/>
               <Baseline points="537,1895 562,1892 588,1892 614,1892 639,1890 665,1888 691,1887 716,1885 742,1883 768,1886 794,1890 937,1856 1052,1856 1168,1850 1283,1853 1399,1855 1514,1856 1630,1853 1745,1842 1861,1824 1976,1810 2092,1808 2208,1796 2323,1781 2439,1782 2554,1774 2670,1764 2785,1764 2901,1768 3016,1768 3132,1765 3248,1782"/>
               <TextEquiv>
                  <Unicode>noch oft über das Wort und den</Unicode>
               </TextEquiv>
            </TextLine>
            <TextLine id="l_4"
                      custom="readingOrder {index:7;} textStyle {offset:7;length:5;underlined:true;}">
               <Coords points="495,2159 502,1965 600,1942 840,1929 2133,1867 3101,1851 3052,2057 2287,2143 745,2218"/>
               <Baseline points="516,2113 542,2115 568,2111 595,2109 621,2107 648,2107 674,2106 701,2105 727,2106 753,2110 780,2104 806,2104 833,2105 859,2106 886,2104 1293,2060 1383,2062 1474,2062 1564,2065 1655,2062 1745,2062 1836,2056 1926,2047 2017,2039 2107,2033 2198,2030 2289,2024 2379,2024 2470,2024 2560,2025 2651,2028 2741,2024 2832,2026 2922,2021 3013,2011 3104,2009"/>
               <TextEquiv>
                  <Unicode>Begiff Sünde nachgedacht. Ich</Unicode>
               </TextEquiv>
            </TextLine>
            <TextLine id="l_6" custom="readingOrder {index:8;}">
               <Coords points="522,2366 525,2152 1785,2077 3232,2051 3314,2061 3311,2258 2087,2379 1011,2438 748,2422"/>
               <Baseline points="543,2334 568,2334 593,2332 618,2331 643,2329 668,2328 693,2328 718,2327 743,2325 768,2324 793,2322 818,2322 843,2322 868,2322 893,2323 918,2324 943,2326 968,2328 993,2329 1018,2331 1238,2289 1296,2287 1355,2283 1414,2283 1473,2283 1532,2278 1591,2276 1649,2268 1708,2261 1767,2256 1826,2263 1885,2263 1944,2259 2003,2256 2058,2254 2117,2252 2176,2252 2235,2254 2294,2254 2353,2249 2412,2245 2462,2224 2504,2221 2547,2224 2590,2227 2633,2225 2676,2222 2719,2217 2761,2211 2804,2209 2847,2207 2890,2206 2933,2203 2976,2199 3019,2198 3061,2201 3104,2203 3147,2203 3190,2204 3233,2207 3276,2213 3319,2221"/>
               <TextEquiv>
                  <Unicode>begreife sehr gut daß Sie vermieden</Unicode>
               </TextEquiv>
            </TextLine>
            <TextLine id="l_11" custom="readingOrder {index:9;}">
               <Coords points="535,2556 548,2385 1532,2320 3015,2248 3186,2241 3225,2258 3239,2494 3022,2517 1060,2612 797,2615"/>
               <Baseline points="555,2540 625,2533 695,2531 765,2531 836,2534 906,2537 976,2543 1047,2541 1117,2533 1187,2524 1258,2518 1328,2513 1398,2512 1468,2501 1539,2485 1609,2471 1679,2468 1750,2467 1820,2468 1890,2467 1961,2460 2155,2451 2180,2453 2205,2454 2230,2454 2255,2454 2280,2454 2306,2455 2331,2457 2356,2458 2381,2460 2406,2463 2432,2466 2457,2467 2482,2471 2507,2476 2532,2478 2558,2480 2627,2471 2653,2461 2680,2456 2706,2451 2733,2448 2759,2448 2786,2448 2813,2448 2839,2450 2866,2451 2892,2451 2919,2449 2946,2445 3000,2436 3026,2436 3053,2437 3080,2438 3107,2440 3134,2442 3161,2444 3188,2446 3215,2447 3242,2445"/>
               <TextEquiv>
                  <Unicode>haben, den Begriff direkt zu be-</Unicode>
               </TextEquiv>
            </TextLine>
            <TextLine id="l_9" custom="readingOrder {index:10;}">
               <Coords points="568,2618 696,2566 2244,2477 2776,2461 2983,2494 3321,2550 3334,2710 3071,2766 702,2809 584,2782"/>
               <Baseline points="591,2692 619,2692 648,2693 676,2695 705,2700 733,2705 762,2709 790,2713 819,2716 847,2718 876,2720 904,2722 933,2726 961,2729 990,2731 1018,2731 1047,2731 1075,2731 1104,2734 1132,2737 1161,2737 1313,2707 1338,2698 1363,2689 1388,2687 1413,2686 1438,2684 1463,2684 1488,2688 1513,2689 1538,2689 1563,2696 1588,2704 1692,2674 1739,2671 1786,2671 1833,2674 1881,2674 1928,2678 1975,2680 2023,2681 2070,2681 2117,2677 2165,2674 2212,2668 2259,2664 2307,2663 2354,2663 2401,2665 2449,2667 2496,2664 2543,2655 2591,2657 2707,2636 2738,2636 2770,2636 2801,2636 2833,2636 2865,2636 2896,2638 2928,2644 2960,2649 2991,2651 3023,2651 3055,2658 3086,2660 3118,2661 3150,2663 3181,2666 3213,2670 3245,2674 3276,2676 3308,2681 3340,2686"/>
               <TextEquiv>
                  <Unicode>sprechen Ich habe das Gefühl, man</Unicode>
               </TextEquiv>
            </TextLine>
            <TextLine id="l_5" custom="readingOrder {index:11;}">
               <Coords points="545,2815 630,2805 827,2792 1778,2740 2297,2717 2799,2730 3019,2756 3308,2812 3314,2986 3248,2999 1454,3029 1188,3022 558,2999"/>
               <Baseline points="573,2925 598,2927 623,2928 648,2926 674,2925 699,2925 724,2926 749,2928 775,2930 800,2931 825,2935 850,2938 876,2942 901,2944 926,2946 952,2946 1068,2928 1103,2923 1139,2916 1175,2909 1211,2904 1247,2904 1282,2904 1318,2902 1354,2901 1390,2901 1426,2901 1461,2901 1497,2901 1533,2902 1569,2905 1605,2907 1640,2902 1676,2899 1712,2894 1748,2888 1784,2885 1859,2880 1887,2876 1916,2874 1945,2874 1973,2876 2002,2878 2031,2882 2059,2884 2088,2886 2117,2888 2146,2890 2174,2892 2203,2894 2232,2895 2260,2895 2289,2897 2318,2898 2346,2898 2375,2896 2404,2897 2433,2904 2427,2880 2471,2877 2516,2860 2561,2848 2606,2848 2650,2848 2695,2854 2740,2854 2785,2857 2829,2860 2874,2863 2919,2871 2964,2871 3008,2869 3053,2866 3098,2866 3143,2871 3187,2877 3232,2889 3277,2904 3322,2913"/>
               <TextEquiv>
                  <Unicode>sollte jungen Menschen nicht sagen, </Unicode>
               </TextEquiv>
            </TextLine>
            <TextLine id="l_8" custom="readingOrder {index:12;}">
               <Coords points="505,3006 535,3002 961,2953 2100,2907 2182,2904 3058,2904 3075,3081 2746,3166 1316,3180 751,3160 600,3150 509,3143"/>
               <Baseline points="525,3131 550,3131 576,3131 601,3131 627,3131 652,3131 678,3131 703,3131 729,3138 755,3140 979,3119 1012,3115 1046,3113 1080,3112 1114,3110 1148,3110 1182,3110 1215,3111 1249,3113 1283,3115 1317,3119 1351,3123 1385,3125 1419,3120 1452,3116 1486,3112 1520,3110 1554,3113 1588,3115 1622,3117 1656,3119 1859,3080 1899,3077 1940,3082 1980,3085 2021,3088 2062,3091 2102,3093 2143,3095 2183,3095 2224,3095 2265,3097 2305,3096 2346,3091 2386,3085 2427,3080 2468,3076 2508,3075 2549,3075 2589,3074 2630,3069 2671,3072 2752,3054 2777,3050 2802,3049 2828,3049 2853,3051 2878,3052 2904,3054 2929,3058 2955,3061 2980,3065 3005,3068 3031,3071 3056,3075 3082,3078"/>
               <TextEquiv>
                  <Unicode>was Sünde ist bevor sie nicht</Unicode>
               </TextEquiv>
            </TextLine>
            <TextLine id="l_12" custom="readingOrder {index:13;}">
               <Coords points="568,3216 653,3189 728,3183 1057,3157 1749,3120 2760,3084 3334,3071 3340,3311 1493,3442 571,3376"/>
               <Baseline points="588,3334 614,3336 641,3336 668,3335 695,3333 722,3331 749,3331 775,3332 802,3333 829,3336 856,3340 883,3342 910,3346 1068,3331 1147,3328 1226,3328 1305,3329 1384,3331 1463,3331 1542,3331 1622,3325 1701,3311 1780,3310 1859,3311 1938,3313 2017,3313 2096,3314 2176,3309 2255,3306 2334,3290 2413,3278 2492,3278 2571,3278 2651,3263 2710,3251 2741,3251 2773,3250 2805,3248 2837,3248 2869,3250 2900,3252 2932,3257 2964,3259 2996,3261 3028,3263 3059,3263 3091,3262 3123,3259 3155,3254 3187,3256 3218,3257 3250,3257 3282,3264 3314,3266 3346,3263"/>
               <TextEquiv>
                  <Unicode>selbst darauf kom[en. Ich habe (noch</Unicode>
               </TextEquiv>
            </TextLine>
            <TextLine id="l_13" custom="readingOrder {index:14;}">
               <Coords points="555,3376 600,3363 1870,3321 2658,3298 3291,3314 3304,3478 2687,3573 1693,3590 935,3567 856,3563 564,3547"/>
               <Baseline points="579,3528 605,3526 631,3525 657,3525 683,3524 709,3522 735,3523 761,3525 787,3527 813,3529 839,3530 865,3532 891,3534 917,3537 943,3542 970,3552 1119,3540 1144,3532 1169,3528 1194,3525 1219,3520 1244,3516 1269,3514 1295,3512 1320,3511 1345,3510 1370,3510 1395,3510 1420,3510 1446,3510 1471,3511 1496,3512 1521,3514 1546,3516 1571,3517 1597,3519 1716,3513 1795,3498 1875,3492 1955,3490 2034,3490 2114,3492 2194,3492 2273,3492 2353,3483 2433,3475 2513,3472 2592,3472 2672,3475 2752,3456 2831,3455 2911,3451 2991,3451 3070,3448 3150,3450 3230,3452 3310,3463"/>
               <TextEquiv>
                  <Unicode>diesen So[mer) eine Dame, die mir</Unicode>
               </TextEquiv>
            </TextLine>
            <TextLine id="l_10" custom="readingOrder {index:15;}">
               <Coords points="630,3770 637,3600 2320,3550 3202,3537 3222,3540 3235,3708 2605,3829 1270,3846"/>
               <Baseline points="650,3740 767,3744 884,3749 1001,3751 1118,3743 1236,3740 1353,3737 1470,3737 1587,3728 1704,3725 1822,3723 1939,3712 2056,3710 2173,3708 2290,3705 2408,3707 2525,3696 2642,3692 2759,3690 2876,3684 2994,3681 3030,3669 3056,3667 3083,3667 3109,3668 3136,3670 3162,3672 3189,3675 3215,3680 3242,3690"/>
               <TextEquiv>
                  <Unicode>sehr gefiel u. die sich sofort mit</Unicode>
               </TextEquiv>
            </TextLine>
            <TextLine id="l_16" custom="readingOrder {index:16;}">
               <Coords points="555,4052 558,3931 1962,3724 3304,3842 3324,4134 1519,4134 1017,4105"/>
               <Baseline points="573,4036 621,4026 669,4022 717,4019 765,4016 813,4018 861,4018 909,4021 957,4018 1005,4017 1053,4010 1101,4002 1149,4000 1197,4000 1245,4002 1293,3999 1341,3995 1389,3992 1437,3994 1485,3991 1534,3988 1877,3970 1903,3972 1930,3974 1956,3975 1983,3978 2010,3982 2036,3984 2063,3985 2090,3987 2116,3987 2143,3985 2170,3982 2451,3976 2477,3978 2503,3979 2529,3979 2555,3979 2581,3979 2607,3982 2633,3985 2659,3985 2685,3986 2712,3988 2738,3989 2764,3991 2790,3989 2816,3988 2842,3988 2868,3989 2894,3991 2920,3994 2946,3997 2973,3994 3083,3976 3109,3979 3136,3983 3162,3984 3189,3986 3215,3988 3242,3990 3268,3991 3295,3993 3322,3997"/>
               <TextEquiv>
                  <Unicode>mir abgab, gefragt: "Warum haben</Unicode>
               </TextEquiv>
            </TextLine>
            <TextLine id="l_15" custom="readingOrder {index:17;}">
               <Coords points="617,4279 620,4164 689,4148 1339,4075 2763,3990 2769,4256 2710,4282 2484,4289 820,4295 653,4292"/>
               <Baseline points="635,4266 660,4264 686,4262 712,4260 738,4260 764,4260 790,4260 815,4260 841,4258 867,4257 893,4257 919,4257 945,4258 1107,4248 1133,4242 1159,4240 1186,4242 1212,4240 1239,4239 1265,4239 1292,4238 1318,4236 1345,4234 1371,4233 1397,4233 1424,4231 1450,4228 1477,4228 1503,4230 1530,4230 1556,4231 1583,4232 1609,4237 1636,4242 1821,4203 1868,4206 1916,4203 1964,4200 2012,4200 2059,4197 2107,4198 2155,4201 2203,4203 2250,4204 2298,4208 2346,4209 2394,4211 2441,4216 2489,4220 2537,4221 2585,4221 2632,4216 2680,4212 2728,4212 2776,4212"/>
               <TextEquiv>
                  <Unicode>mich so vele Mensdien lieb - </Unicode>
               </TextEquiv>
            </TextLine>
         </TextRegion>
      </Page>
   </PcGts>
   <PcGts xmlns="http://schema.primaresearch.org/PAGE/gts/pagecontent/2013-07-15">
      <Metadata>
         <Creator>prov=READ-COOP:name=TrHtr:version=2.44.0:model_id=51170:date=12_06_2026_10:11</Creator>
         <Created>2026-06-12T07:57:22.217+02:00</Created>
         <LastChange>2026-06-12T16:34:57.195+02:00</LastChange>
         <TranskribusMetadata docId="16795718"
                              pageId="122098894"
                              pageNr="2"
                              userId="210611"
                              imgUrl="https://files.transkribus.eu/Get?fileType=view&amp;id=FDIHSKRPERBWXMDDLCOZUYSI"
                              imageId="103716295"/>
      </Metadata>
      <Page imageFilename="letter_0764_002.jpg"
            imageWidth="3521"
            imageHeight="4502">
         <TextRegion orientation="0.0" id="tr_1" custom="readingOrder {index:0;}">
            <Coords points="450,239 450,4195 3367,4195 3367,239"/>
            <TextLine id="l_2" custom="readingOrder {index:0;}">
               <Coords points="452,368 456,215 543,208 1010,197 2641,179 3053,201 3046,361 2641,398 1609,452 518,383"/>
               <Baseline points="471,343 497,341 523,340 549,340 575,340 601,340 627,340 653,340 679,338 705,337 731,337 757,338 783,340 809,346 946,343 972,341 999,341 1026,343 1053,347 1080,350 1107,351 1134,353 1161,355 1289,343 1336,350 1384,357 1432,358 1480,364 1528,361 1575,361 1623,361 1671,358 1719,358 1767,358 1814,358 1862,357 1910,355 1958,355 2006,353 2053,352 2101,352 2149,352 2197,352 2245,343 2301,340 2338,352 2376,355 2413,347 2451,345 2489,346 2526,345 2564,343 2602,343 2639,341 2677,340 2715,339 2752,336 2790,334 2828,331 2865,331 2903,331 2941,330 2978,327 3016,325 3054,328"/>
               <TextEquiv>
                  <Unicode>dann hat sie geantwortet. "Weil man</Unicode>
               </TextEquiv>
            </TextLine>
            <TextLine id="tr_1_tl_5" custom="readingOrder {index:1;}">
               <Coords points="518,624 1222,562 2108,624 2630,518 3038,587 3042,405 2852,449 2706,361 2316,463 1900,390 1430,485 1258,409 693,492 522,412"/>
               <Baseline points="537,558 662,551 788,549 914,557 1039,555 1165,558 1291,559 1416,560 1542,554 1668,549 1794,546 1919,549 2045,544 2171,536 2296,531 2422,528 2548,522 2673,519 2799,519 2925,520 3051,534"/>
               <TextEquiv>
                  <Unicode>Dir ansieht, daß Du noch traust."</Unicode>
               </TextEquiv>
            </TextLine>
            <TextLine id="l_8" custom="readingOrder {index:2;}">
               <Coords points="485,781 489,602 3082,569 3275,649 3294,773 3239,792 3111,799 609,843"/>
               <Baseline points="507,749 621,754 735,755 849,758 963,760 1077,756 1191,758 1305,755 1419,749 1533,746 1647,738 1761,734 1875,726 1989,716 2103,714 2217,709 2331,705 2445,702 2559,707 2673,716 2788,701 2824,710 2849,707 2874,704 2899,704 2925,705 2950,706 2975,708 3000,710 3026,712 3051,713 3076,715 3101,719 3127,728 3152,737 3177,747 3202,752 3228,755 3253,758 3278,762 3304,764"/>
               <TextEquiv>
                  <Unicode>Ich wusste damals gar nicht, dass es</Unicode>
               </TextEquiv>
            </TextLine>
            <TextLine id="l_1" custom="readingOrder {index:3;}">
               <Coords points="474,883 708,806 988,788 2823,715 3232,788 3235,963 1904,1007 806,1040 478,952"/>
               <Baseline points="495,925 548,928 602,930 656,936 710,939 763,946 817,949 871,950 925,952 978,950 1032,949 1086,950 1140,955 1193,955 1247,957 1301,961 1355,965 1408,967 1462,969 1516,972 1570,973 1853,925 1878,928 1903,928 1928,928 1953,926 1978,925 2003,925 2028,925 2053,925 2078,925 2103,925 2128,923 2153,922 2178,922 2203,921 2228,920 2253,920 2278,922 2303,921 2328,919 2483,898 2520,900 2558,901 2596,901 2634,901 2672,902 2709,904 2747,907 2785,907 2823,909 2861,909 2898,906 2936,903 2974,898 3012,900 3050,903 3087,905 3125,908 3163,911 3201,916 3239,919"/>
               <TextEquiv>
                  <Unicode>einmal anders kom[em kön[te. Nun</Unicode>
               </TextEquiv>
            </TextLine>
            <TextLine id="l" custom="readingOrder {index:4;}">
               <Coords points="434,999 2564,919 2863,978 3210,1061 3275,1083 3283,1178 3210,1215 1050,1229 850,1226 438,1171"/>
               <Baseline points="456,1128 545,1125 634,1131 723,1134 813,1146 902,1152 991,1158 1081,1152 1170,1152 1259,1158 1349,1167 1438,1167 1527,1164 1616,1161 1706,1160 1795,1161 1884,1155 1974,1155 2063,1152 2152,1155 2242,1152 2403,1125 2447,1119 2491,1116 2536,1110 2580,1110 2625,1110 2669,1113 2714,1116 2758,1116 2803,1122 2847,1125 2891,1125 2936,1128 2980,1139 3025,1140 3069,1145 3114,1157 3158,1166 3203,1164 3247,1172 3292,1179"/>
               <TextEquiv>
                  <Unicode>ist es eben doch anders gekom[en, u.</Unicode>
               </TextEquiv>
            </TextLine>
            <TextLine id="l_3" custom="readingOrder {index:5;}">
               <Coords points="441,1269 693,1229 1131,1204 2495,1127 2615,1123 3137,1200 3144,1335 3064,1371 1390,1423 441,1317"/>
               <Baseline points="462,1310 551,1310 640,1316 729,1322 818,1328 907,1331 996,1334 1085,1334 1174,1337 1263,1337 1352,1340 1441,1343 1530,1337 1619,1335 1708,1329 1797,1328 1886,1323 1975,1322 2064,1319 2153,1322 2242,1325 2522,1295 2553,1295 2585,1294 2616,1292 2648,1292 2680,1292 2711,1292 2743,1292 2775,1292 2806,1293 2838,1295 2870,1295 2901,1298 2933,1302 2965,1306 2996,1307 3028,1310 3060,1316 3091,1320 3123,1323 3155,1322"/>
               <TextEquiv>
                  <Unicode>man muss sich durch tausend</Unicode>
               </TextEquiv>
            </TextLine>
            <TextLine id="tr_1_tl_15" custom="readingOrder {index:6;}">
               <Coords points="514,1525 1207,1630 1587,1517 1754,1590 2659,1525 3002,1645 2998,1426 514,1404"/>
               <Baseline points="534,1513 657,1515 781,1516 904,1519 1028,1525 1152,1525 1275,1528 1399,1522 1522,1519 1646,1519 1770,1519 1893,1523 2017,1531 2140,1531 2264,1523 2388,1519 2511,1522 2635,1525 2758,1524 2882,1535 3006,1555"/>
               <TextEquiv>
                  <Unicode>schmerzende Erkentnisse durchringen - </Unicode>
               </TextEquiv>
            </TextLine>
            <TextLine id="l_4" custom="readingOrder {index:7;}">
               <Coords points="452,1663 543,1616 2119,1554 2495,1557 3308,1609 3297,1769 1065,1820 821,1824 456,1820"/>
               <Baseline points="474,1707 521,1707 568,1707 616,1707 663,1707 710,1707 758,1706 805,1704 852,1707 900,1712 947,1713 994,1713 1042,1715 1089,1716 1136,1716 1184,1716 1231,1711 1278,1707 1326,1707 1373,1707 1421,1707 1582,1692 1669,1701 1756,1709 1843,1704 1930,1699 2017,1697 2104,1694 2191,1691 2278,1690 2365,1692 2452,1693 2539,1696 2626,1702 2713,1704 2800,1705 2887,1708 2974,1713 3061,1719 3148,1725 3235,1733 3322,1752"/>
               <TextEquiv>
                  <Unicode>u.. es ist ja nichts so schwer in ertra-</Unicode>
               </TextEquiv>
            </TextLine>
            <TextLine id="tr_1_tl_18" custom="readingOrder {index:8;}">
               <Coords points="434,1992 2090,1886 3359,1988 3356,1827 3006,1853 2758,1733 1930,1842 1320,1765 430,1842"/>
               <Baseline points="450,1898 595,1911 741,1918 887,1915 1033,1910 1179,1910 1325,1907 1470,1910 1616,1913 1762,1908 1908,1890 2054,1883 2200,1889 2346,1894 2491,1898 2637,1906 2783,1913 2929,1928 3075,1939 3221,1946 3367,1985"/>
               <TextEquiv>
                  <Unicode>gen als Klares u. unabänderliches Wissen.</Unicode>
               </TextEquiv>
            </TextLine>
            <TextLine id="l_5" custom="readingOrder {index:9;}">
               <Coords points="507,2134 511,1951 598,1940 1868,1911 3206,2017 3206,2159 3140,2185 2181,2240 569,2156"/>
               <Baseline points="528,2113 554,2113 581,2111 608,2111 635,2112 662,2112 689,2110 895,2089 1010,2100 1126,2104 1242,2096 1358,2094 1474,2089 1590,2094 1705,2094 1821,2085 1937,2077 2053,2083 2169,2089 2285,2086 2401,2086 2516,2089 2632,2097 2748,2104 2864,2109 2980,2114 3096,2128 3212,2149"/>
               <TextEquiv>
                  <Unicode>Ich habe einen Aufsatz gemacht über</Unicode>
               </TextEquiv>
            </TextLine>
            <TextLine id="l_10"
                      custom="readingOrder {index:10;} textStyle {offset:11;length:2;strikethrough:true;}">
               <Coords points="489,2221 569,2192 1390,2152 1795,2134 2918,2134 3356,2247 3359,2356 3210,2382 2601,2396 1098,2378 832,2367 591,2356 489,2327"/>
               <Baseline points="510,2313 553,2307 596,2310 639,2310 683,2315 726,2316 769,2314 813,2315 856,2316 899,2318 943,2317 986,2316 1029,2316 1072,2316 1116,2316 1159,2317 1202,2319 1246,2322 1289,2325 1332,2324 1376,2316 1415,2313 1512,2306 1610,2301 1707,2298 1805,2300 1903,2298 2000,2302 2098,2304 2195,2307 2293,2310 2391,2307 2488,2307 2586,2315 2683,2316 2781,2315 2879,2313 2976,2313 3074,2318 3171,2328 3269,2337 3367,2352"/>
               <TextEquiv>
                  <Unicode>das Thema, Gr Denke gross u. klein vor</Unicode>
               </TextEquiv>
            </TextLine>
            <TextLine id="l_6" custom="readingOrder {index:11;}">
               <Coords points="492,2320 2820,2360 3239,2407 3239,2561 2371,2568 1525,2561 1091,2546 697,2513 503,2484"/>
               <Baseline points="519,2456 544,2463 570,2468 595,2470 621,2473 646,2476 672,2478 698,2480 723,2480 749,2480 774,2480 800,2478 826,2474 1110,2504 1216,2511 1323,2511 1430,2509 1537,2503 1644,2483 1751,2480 1858,2483 1965,2486 2072,2483 2179,2486 2285,2489 2392,2494 2499,2498 2606,2498 2713,2498 2820,2498 2927,2500 3034,2504 3141,2505 3248,2516"/>
               <TextEquiv>
                  <Unicode>Dir -! Es war nicht leicht, aber ich</Unicode>
               </TextEquiv>
            </TextLine>
            <TextLine id="tr_1_tl_25" custom="readingOrder {index:12;}">
               <Coords points="569,2721 1784,2670 1944,2761 2601,2674 3341,2794 3341,2590 3020,2506 2790,2623 2148,2499 1758,2608 1463,2531 1080,2604 872,2506 569,2575"/>
               <Baseline points="588,2677 726,2674 864,2673 1002,2671 1140,2671 1279,2670 1417,2665 1555,2662 1693,2664 1831,2658 1970,2651 2108,2651 2246,2654 2384,2654 2522,2657 2661,2657 2799,2656 2937,2653 3075,2653 3213,2664 3352,2698"/>
               <TextEquiv>
                  <Unicode>hatte nicht das Gefühl, ein schwieriges</Unicode>
               </TextEquiv>
            </TextLine>
            <TextLine id="l_7" custom="readingOrder {index:13;}">
               <Coords points="631,2721 704,2703 1492,2688 2728,2743 2725,2867 2604,2896 1547,2944 854,2933 693,2914 638,2900"/>
               <Baseline points="659,2854 684,2856 710,2857 736,2857 762,2858 788,2860 814,2861 840,2863 865,2864 891,2866 917,2867 943,2868 969,2868 995,2874 1021,2880 1170,2865 1248,2860 1326,2860 1404,2858 1482,2855 1561,2860 1639,2862 1717,2861 1795,2859 1873,2851 1952,2843 2030,2832 2108,2824 2186,2824 2264,2822 2343,2824 2421,2825 2499,2830 2577,2832 2655,2837 2734,2848"/>
               <TextEquiv>
                  <Unicode>Thema behandeln zu müssen.</Unicode>
               </TextEquiv>
            </TextLine>
            <TextLine id="l_9" custom="readingOrder {index:14;}">
               <Coords points="543,2900 595,2882 1069,2856 2933,2841 2969,2852 2965,3075 2630,3148 850,3126 616,3071 551,3049"/>
               <Baseline points="567,3015 593,3020 619,3024 645,3024 671,3025 698,3027 724,3029 750,3030 776,3032 802,3034 829,3038 855,3038 881,3036 907,3036 934,3036 979,3036 1062,3039 1145,3039 1228,3039 1311,3037 1394,3035 1477,3033 1560,3033 1643,3031 1726,3030 1809,3033 1892,3029 1975,3025 2058,3021 2141,3018 2224,3014 2307,3012 2390,3012 2473,3016 2556,3018 2639,3021 2806,3024 2833,3022 2861,3022 2889,3024 2917,3024 2945,3022 2973,3018"/>
               <TextEquiv>
                  <Unicode>Dan[ bekam ich den Aufsatz als</Unicode>
               </TextEquiv>
            </TextLine>
            <TextLine id="tr_1_tl_31" custom="readingOrder {index:15;}">
               <Coords points="584,3334 1306,3374 2294,3250 2597,3367 3228,3348 3228,3104 3115,3082 2885,3170 2743,3097 1047,3159 584,3093"/>
               <Baseline points="603,3236 734,3242 866,3265 997,3269 1129,3264 1261,3255 1392,3254 1524,3260 1656,3260 1787,3259 1919,3250 2051,3248 2182,3249 2314,3251 2446,3244 2577,3239 2709,3242 2841,3241 2972,3245 3104,3260 3236,3272"/>
               <TextEquiv>
                  <Unicode>Einzige unzensiert zurück. Ich habe</Unicode>
               </TextEquiv>
            </TextLine>
            <TextLine id="tr_1_tl_32" custom="readingOrder {index:16;}">
               <Coords points="547,3472 1831,3516 1948,3458 2364,3549 2644,3454 2951,3564 3224,3531 3224,3440 2962,3447 2798,3327 2254,3392 1510,3305 1379,3396 919,3337 547,3396"/>
               <Baseline points="567,3460 700,3466 833,3472 966,3478 1100,3472 1233,3469 1366,3458 1500,3457 1633,3449 1766,3448 1900,3450 2033,3454 2166,3453 2299,3450 2433,3448 2566,3451 2699,3456 2833,3468 2966,3483 3099,3495 3233,3504"/>
               <TextEquiv>
                  <Unicode>nachher mit Dr. Allmen gesprochen, u.</Unicode>
               </TextEquiv>
            </TextLine>
            <TextLine id="tr_1_tl_33" custom="readingOrder {index:17;}">
               <Coords points="631,3677 1309,3746 1838,3651 2130,3801 2491,3677 2984,3786 3203,3742 3203,3626 2028,3491 1627,3571 1156,3509 627,3560"/>
               <Baseline points="650,3651 778,3653 906,3659 1034,3662 1162,3665 1290,3664 1418,3668 1546,3657 1674,3651 1802,3649 1931,3642 2059,3652 2187,3655 2315,3661 2443,3669 2571,3675 2699,3677 2827,3691 2955,3699 3083,3714 3212,3725"/>
               <TextEquiv>
                  <Unicode>er sagte, der Aufsatz sei z.T. gut,</Unicode>
               </TextEquiv>
            </TextLine>
            <TextLine id="tr_1_tl_34" custom="readingOrder {index:18;}">
               <Coords points="616,3899 1444,3888 1660,3965 1886,3870 2163,3979 2451,3885 3057,3976 3057,3786 2954,3775 2860,3830 2732,3761 2210,3761 2086,3826 1550,3717 1284,3819 916,3720 616,3750"/>
               <Baseline points="635,3857 756,3863 878,3873 999,3875 1121,3884 1242,3889 1364,3886 1485,3881 1607,3872 1728,3866 1850,3869 1972,3869 2093,3871 2215,3866 2336,3875 2458,3883 2579,3892 2701,3898 2822,3903 2944,3910 3066,3922"/>
               <TextEquiv>
                  <Unicode>aber der Styl sei gesucht. Ich</Unicode>
               </TextEquiv>
            </TextLine>
            <TextLine id="l_11" custom="readingOrder {index:19;}">
               <Coords points="507,3987 682,3928 1765,3899 3257,4001 3239,4180 609,4217 511,4209"/>
               <Baseline points="528,4066 588,4071 648,4077 708,4084 768,4088 828,4091 888,4095 949,4099 1009,4101 1069,4107 1129,4108 1189,4103 1249,4100 1309,4094 1370,4090 1430,4086 1490,4080 1550,4080 1610,4085 1670,4079 1731,4078 1794,4063 1867,4066 1941,4073 2015,4078 2089,4078 2162,4078 2236,4084 2310,4084 2384,4084 2457,4079 2531,4081 2605,4084 2679,4082 2752,4084 2826,4088 2900,4091 2974,4104 3047,4109 3121,4122 3195,4134 3269,4152"/>
               <TextEquiv>
                  <Unicode>versuchte, ihm begreiflich in machen,</Unicode>
               </TextEquiv>
            </TextLine>
         </TextRegion>
      </Page>
   </PcGts>
   <PcGts xmlns="http://schema.primaresearch.org/PAGE/gts/pagecontent/2013-07-15">
      <Metadata>
         <Creator>prov=READ-COOP:name=TrHtr:version=2.44.0:model_id=51170:date=12_06_2026_10:11</Creator>
         <Created>2026-06-12T07:57:22.603+02:00</Created>
         <LastChange>2026-06-15T09:10:12.624+02:00</LastChange>
         <TranskribusMetadata docId="16795718"
                              pageId="122098933"
                              pageNr="3"
                              userId="210611"
                              imgUrl="https://files.transkribus.eu/Get?fileType=view&amp;id=WJIOEIAODGWVKKJYTGHSNZDH"
                              imageId="103716296"/>
      </Metadata>
      <Page imageFilename="letter_0764_003.jpg"
            imageWidth="3512"
            imageHeight="4511">
         <TextRegion orientation="0.0" id="tr_1" custom="readingOrder {index:0;}">
            <Coords points="480,234 480,4245 3391,4245 3391,234"/>
            <TextLine id="l_19" custom="readingOrder {index:0;}">
               <Coords points="416,355 555,337 551,307 412,325"/>
               <Baseline points="416,355 555,337"/>
               <TextEquiv>
                  <Unicode>II</Unicode>
               </TextEquiv>
            </TextLine>
            <TextLine id="l" custom="readingOrder {index:1;}">
               <Coords points="593,403 597,243 1344,180 2050,177 3070,187 3280,237 3290,397 2524,437 843,473"/>
               <Baseline points="612,382 716,376 820,377 924,375 1028,367 1132,362 1236,348 1340,327 1444,322 1548,331 1652,342 1756,340 1860,335 1964,335 2068,327 2172,316 2276,315 2380,325 2484,331 2588,326 2692,325 2886,340 2911,338 2937,337 2963,335 2988,334 3014,334 3040,334 3065,334 3091,337 3117,340 3142,342 3168,345 3194,348 3219,352 3245,355 3271,360 3296,372"/>
               <TextEquiv>
                  <Unicode>dass ich ohne jede Überlegung schreibe,</Unicode>
               </TextEquiv>
            </TextLine>
            <TextLine id="tr_1_tl_3" custom="readingOrder {index:2;}">
               <Coords points="567,627 1874,597 2304,507 2834,600 3247,560 3250,433 2827,390 2627,497 2170,390 920,520 570,443"/>
               <Baseline points="585,573 718,570 851,573 984,573 1118,566 1251,552 1384,537 1518,544 1651,550 1784,536 1918,521 2051,512 2184,503 2317,504 2451,513 2584,522 2717,520 2851,523 2984,517 3117,526 3251,552"/>
               <TextEquiv>
                  <Unicode>aber er sagte, dann müsse ich mich</Unicode>
               </TextEquiv>
            </TextLine>
            <TextLine id="l_1" custom="readingOrder {index:3;}">
               <Coords points="520,590 1460,557 2927,577 3174,607 3174,763 2734,830 990,873 533,807"/>
               <Baseline points="549,746 580,742 612,739 643,737 675,737 707,739 738,740 770,740 802,742 833,744 865,746 897,751 928,755 960,759 992,763 1023,766 1055,768 1087,770 1118,772 1150,776 1182,779 1477,722 1562,725 1647,729 1732,728 1817,733 1902,735 1987,742 2072,745 2157,740 2242,737 2328,737 2413,728 2498,733 2583,734 2668,726 2753,725 2838,721 2923,722 3008,726 3093,741 3179,749"/>
               <TextEquiv>
                  <Unicode>anstrengen, gleichmässiger zu schreiben.</Unicode>
               </TextEquiv>
            </TextLine>
            <TextLine id="l_2" custom="readingOrder {index:4;}">
               <Coords points="553,800 683,793 1547,777 3070,760 3384,830 3384,993 2307,1023 1344,1007 1147,1003 673,990 557,980"/>
               <Baseline points="576,919 621,919 666,919 711,919 756,919 801,925 846,931 891,937 936,937 981,937 1026,937 1071,940 1116,940 1161,937 1206,937 1251,940 1296,940 1341,943 1386,946 1431,943 1477,943 1564,925 1655,914 1746,908 1838,916 1929,925 2020,916 2112,917 2203,920 2294,922 2386,922 2477,914 2568,918 2660,909 2751,904 2842,901 2934,898 3025,904 3116,909 3208,905 3299,908 3391,925"/>
               <TextEquiv>
                  <Unicode>Als ob das dan[ weniger gesucht wäre.</Unicode>
               </TextEquiv>
            </TextLine>
            <TextLine id="l_5" custom="readingOrder {index:5;}">
               <Coords points="580,1143 590,973 640,960 1033,947 1677,930 2067,920 2960,933 3267,957 3250,1147 1100,1223 967,1220"/>
               <Baseline points="600,1125 626,1125 652,1122 678,1119 704,1117 730,1116 756,1116 782,1116 809,1116 982,1101 1008,1101 1034,1101 1061,1101 1087,1102 1114,1104 1140,1106 1167,1107 1193,1107 1220,1108 1246,1110 1273,1110 1299,1110 1326,1110 1352,1112 1379,1116 1558,1095 1585,1087 1613,1081 1640,1078 1668,1074 1696,1071 1723,1071 1751,1073 1779,1077 1925,1071 1992,1068 2060,1071 2127,1076 2195,1074 2263,1072 2330,1071 2398,1073 2466,1074 2533,1072 2601,1068 2669,1061 2736,1059 2804,1058 2872,1059 2939,1061 3007,1065 3075,1070 3142,1082 3210,1102 3275,1128"/>
               <TextEquiv>
                  <Unicode>Im Ubrigen will er nicht anerken[nen,</Unicode>
               </TextEquiv>
            </TextLine>
            <TextLine id="l_8"
                      custom="readingOrder {index:6;} textStyle {offset:0;length:33;underlined:true;}">
               <Coords points="537,1230 580,1203 690,1183 813,1167 2090,1077 2950,1063 3334,1120 3364,1310 1380,1384 740,1387 540,1350"/>
               <Baseline points="558,1319 583,1317 608,1316 634,1318 659,1318 684,1317 710,1317 735,1319 760,1319 786,1320 811,1325 836,1328 862,1328 988,1322 1013,1320 1038,1318 1063,1317 1088,1316 1113,1316 1138,1313 1163,1310 1188,1308 1213,1307 1238,1307 1263,1306 1288,1302 1313,1301 1338,1301 1363,1300 1388,1298 1543,1262 1570,1260 1598,1259 1625,1259 1653,1259 1681,1259 1708,1261 1736,1263 1764,1265 1952,1224 1979,1224 2006,1224 2033,1224 2061,1224 2088,1224 2115,1224 2143,1225 2170,1227 2197,1229 2225,1233 2252,1236 2279,1239 2306,1241 2334,1241 2361,1240 2388,1237 2416,1232 2443,1227 2470,1227 2498,1227 2552,1221 2578,1221 2604,1221 2630,1221 2656,1222 2682,1224 2708,1225 2734,1227 2760,1229 2786,1231 2812,1232 2866,1230 2892,1229 2918,1228 2944,1227 2970,1227 2997,1231 3023,1235 3049,1240 3075,1244 3101,1244 3128,1249 3154,1256 3180,1261 3206,1265 3232,1267 3259,1271 3285,1276 3311,1284 3337,1293 3364,1301"/>
               <TextEquiv>
                  <Unicode>dass Kraft ein mittel gegen Sünde sei.</Unicode>
               </TextEquiv>
            </TextLine>
            <TextLine id="l_9" custom="readingOrder {index:7;}">
               <Coords points="520,1387 587,1380 1764,1263 2227,1263 3124,1317 3130,1447 3040,1454 1567,1524 790,1547 757,1547 530,1517"/>
               <Baseline points="546,1483 573,1479 601,1478 628,1480 656,1481 683,1483 711,1485 738,1488 766,1491 794,1495 970,1477 995,1477 1021,1477 1047,1477 1072,1477 1098,1477 1124,1477 1150,1477 1175,1475 1201,1474 1227,1474 1253,1469 1278,1463 1304,1460 1330,1459 1356,1457 1381,1456 1407,1456 1433,1452 1459,1447 1519,1453 1548,1453 1577,1451 1606,1447 1719,1424 1747,1420 1776,1416 1805,1412 1834,1414 1863,1416 1892,1418 2092,1424 2118,1420 2144,1418 2170,1418 2196,1418 2222,1418 2249,1418 2275,1418 2301,1418 2327,1419 2353,1421 2379,1421 2406,1421 2432,1425 2458,1426 2484,1422 2510,1420 2537,1418 2615,1400 2641,1400 2667,1400 2693,1400 2719,1400 2745,1400 2771,1400 2797,1400 2823,1404 2849,1407 2876,1411 2902,1413 2928,1415 2954,1417 2980,1418 3006,1420 3032,1423 3058,1426 3084,1428 3110,1430 3137,1435"/>
               <TextEquiv>
                  <Unicode>Nun habe dies schon zweimal</Unicode>
               </TextEquiv>
            </TextLine>
            <TextLine id="l_3" custom="readingOrder {index:8;}">
               <Coords points="473,1510 523,1500 607,1497 2190,1457 2637,1467 3044,1500 3250,1527 3247,1610 3114,1640 2180,1684 513,1730 480,1730"/>
               <Baseline points="495,1641 520,1641 545,1641 570,1641 595,1641 620,1641 645,1642 670,1644 695,1644 720,1644 745,1644 770,1644 795,1646 820,1648 845,1649 871,1650 985,1644 1098,1648 1212,1642 1325,1636 1439,1638 1553,1635 1666,1633 1780,1612 1893,1609 2007,1606 2121,1600 2234,1599 2348,1609 2461,1604 2575,1604 2689,1608 2802,1613 2916,1610 3029,1594 3143,1598 3257,1612"/>
               <TextEquiv>
                  <Unicode>gehört. u. werde den Gedanken noch</Unicode>
               </TextEquiv>
            </TextLine>
            <TextLine id="l_6" custom="readingOrder {index:9;}">
               <Coords points="537,1860 540,1714 1050,1677 1974,1640 2900,1624 3140,1627 3350,1697 3354,1877 637,1867"/>
               <Baseline points="558,1833 584,1825 610,1822 637,1821 663,1819 689,1819 716,1821 742,1820 769,1818 795,1818 821,1818 848,1818 874,1818 901,1818 1065,1803 1125,1804 1185,1808 1245,1809 1306,1809 1366,1814 1426,1817 1487,1811 1547,1804 1607,1803 1668,1801 1728,1797 1788,1796 1848,1789 1909,1780 1969,1772 2029,1770 2090,1767 2150,1767 2210,1769 2271,1776 2442,1779 2490,1779 2538,1776 2587,1776 2635,1779 2683,1784 2732,1781 2780,1776 2828,1773 2877,1773 2925,1775 2974,1773 3022,1773 3070,1776 3119,1779 3167,1782 3215,1784 3264,1791 3312,1802 3361,1815"/>
               <TextEquiv>
                  <Unicode>im[mer nicht los. Wissen Sie, ich glaube</Unicode>
               </TextEquiv>
            </TextLine>
            <TextLine id="l_4"
                      custom="readingOrder {index:10;} textStyle {offset:12;length:20;underlined:true;}">
               <Coords points="557,1940 647,1897 713,1870 797,1837 3027,1814 3024,1967 2684,2070 1257,2104 1070,2097 560,2004"/>
               <Baseline points="576,1976 601,1971 626,1968 652,1971 677,1974 703,1976 728,1977 754,1979 779,1981 805,1983 830,1986 856,1989 881,1990 907,1985 1092,1991 1189,1988 1286,1988 1383,1994 1480,1991 1577,1988 1674,1988 1771,1988 1868,1982 1965,1966 2062,1948 2159,1941 2256,1946 2353,1953 2450,1958 2547,1955 2644,1955 2741,1953 2838,1954 2935,1960 3033,1970"/>
               <TextEquiv>
                  <Unicode>nicht, dass Kraft Sünde aufhebt.</Unicode>
               </TextEquiv>
            </TextLine>
            <TextLine id="l_10" custom="readingOrder {index:11;}">
               <Coords points="457,2027 520,2007 567,2004 3247,1970 3297,1990 3304,2174 1700,2214 897,2224 463,2150"/>
               <Baseline points="480,2131 508,2133 536,2135 565,2139 593,2142 621,2144 650,2148 678,2152 706,2155 735,2157 763,2159 791,2161 820,2161 848,2160 876,2158 905,2158 933,2158 961,2160 990,2162 1018,2164 1047,2167 1235,2152 1265,2154 1295,2156 1325,2158 1355,2160 1385,2162 1415,2164 1445,2164 1475,2164 1505,2164 1535,2166 1565,2167 1595,2167 1625,2167 1655,2167 1685,2167 1715,2167 1745,2166 1775,2164 1805,2162 1836,2158 2006,2116 2071,2114 2136,2116 2201,2117 2266,2121 2331,2130 2396,2132 2461,2128 2526,2126 2591,2122 2656,2122 2721,2122 2786,2120 2851,2125 2916,2130 2981,2139 3046,2146 3111,2146 3176,2143 3241,2143 3307,2149"/>
               <TextEquiv>
                  <Unicode>Aber ein starker Mensch arbeitet sich</Unicode>
               </TextEquiv>
            </TextLine>
            <TextLine id="l_12" custom="readingOrder {index:12;}">
               <Coords points="553,2210 2174,2120 3197,2164 3250,2174 3310,2190 3310,2307 3020,2384 947,2447 760,2450 673,2427 560,2397"/>
               <Baseline points="579,2340 605,2344 632,2346 658,2346 685,2347 712,2349 738,2351 765,2352 792,2354 818,2355 845,2355 872,2355 898,2355 925,2355 952,2352 1185,2340 1260,2337 1336,2339 1412,2340 1488,2340 1564,2336 1639,2330 1715,2325 1791,2318 1867,2316 1943,2316 2018,2311 2094,2300 2170,2301 2246,2298 2322,2293 2397,2295 2473,2298 2549,2294 2625,2296 2701,2289 2863,2262 2888,2265 2914,2268 2940,2270 2966,2272 2992,2274 3018,2277 3194,2274 3219,2274 3244,2274 3269,2274 3294,2274 3319,2274"/>
               <TextEquiv>
                  <Unicode>empor, über alles Kleinliche weg. Er</Unicode>
               </TextEquiv>
            </TextLine>
            <TextLine id="l_11" custom="readingOrder {index:13;}">
               <Coords points="523,2427 593,2420 1924,2340 3124,2340 3304,2347 3304,2490 3184,2507 2197,2594 630,2624 523,2594"/>
               <Baseline points="543,2522 569,2520 596,2519 623,2519 650,2518 677,2516 704,2516 731,2516 758,2516 785,2518 812,2522 955,2537 1033,2533 1112,2527 1190,2519 1269,2516 1347,2514 1426,2504 1504,2502 1583,2504 1661,2499 1740,2489 1818,2486 1897,2489 1975,2486 2054,2487 2132,2492 2211,2495 2289,2497 2368,2499 2446,2501 2525,2501 2657,2480 2689,2478 2722,2474 2754,2470 2787,2466 2820,2463 2852,2461 2885,2460 2918,2457 2950,2459 2983,2460 3016,2460 3048,2464 3081,2465 3114,2465 3146,2465 3179,2467 3212,2469 3244,2472 3277,2476 3310,2480"/>
               <TextEquiv>
                  <Unicode>weiss, dass er sündhaft ist - aber der</Unicode>
               </TextEquiv>
            </TextLine>
            <TextLine id="l_13" custom="readingOrder {index:14;}">
               <Coords points="590,2597 660,2580 1510,2510 3040,2500 3077,2510 3190,2547 3187,2707 3044,2737 873,2784 687,2774 600,2764"/>
               <Baseline points="615,2704 640,2709 665,2713 690,2713 715,2714 740,2715 765,2716 790,2716 815,2717 840,2719 865,2721 890,2723 916,2725 1086,2692 1168,2686 1251,2686 1334,2688 1416,2685 1499,2679 1582,2674 1664,2671 1747,2668 1830,2668 1913,2665 1995,2658 2078,2653 2161,2651 2243,2654 2326,2657 2409,2659 2491,2660 2574,2660 2657,2660 2740,2663 2904,2651 2930,2647 2956,2644 2983,2642 3009,2642 3035,2641 3062,2639 3088,2641 3114,2642 3141,2642 3167,2641 3194,2639"/>
               <TextEquiv>
                  <Unicode>Ekel hat keine Macht über ihn.</Unicode>
               </TextEquiv>
            </TextLine>
            <TextLine id="l_14"
                      custom="readingOrder {index:15;} textStyle {offset:7;length:4;underlined:true;}">
               <Coords points="563,2760 610,2754 1604,2700 2214,2667 3047,2710 3110,2727 3184,2747 3194,2904 3157,2914 1347,2934 840,2927 573,2897"/>
               <Baseline points="588,2880 614,2880 640,2880 666,2880 692,2881 718,2883 744,2884 770,2886 796,2888 822,2890 848,2894 874,2895 900,2895 926,2895 952,2892 1113,2866 1196,2866 1280,2867 1364,2869 1448,2874 1532,2867 1616,2850 1700,2840 1784,2839 1868,2839 1952,2833 2035,2839 2119,2830 2203,2827 2287,2829 2371,2836 2455,2838 2539,2836 2623,2841 2707,2849 2791,2854 2925,2845 2950,2845 2975,2845 3000,2847 3025,2848 3050,2848 3075,2849 3100,2851 3125,2854 3150,2857 3175,2862 3200,2866"/>
               <TextEquiv>
                  <Unicode>Dieser Ekel, den ich überhaupt nicht</Unicode>
               </TextEquiv>
            </TextLine>
            <TextLine id="l_7" custom="readingOrder {index:16;}">
               <Coords points="523,3077 527,2964 1103,2907 2140,2870 3060,2870 3244,2874 3250,3054 3214,3060 2074,3110 667,3134"/>
               <Baseline points="543,3057 643,3060 743,3063 843,3066 943,3065 1043,3056 1143,3046 1244,3042 1344,3042 1444,3042 1544,3039 1644,3033 1744,3027 1844,3020 1945,3019 2045,3010 2145,3006 2245,3006 2345,3003 2445,3005 2546,3012 2782,3000 2807,2997 2832,2994 2857,2994 2882,2995 2907,2999 2932,3000 2957,3000 2982,3000 3007,3000 3032,2998 3057,2997 3082,2999 3107,3001 3132,3002 3157,3005 3182,3009 3207,3013 3232,3018 3257,3018"/>
               <TextEquiv>
                  <Unicode>mehr los zu werden glaubte. Ich hielt</Unicode>
               </TextEquiv>
            </TextLine>
            <TextLine id="l_16" custom="readingOrder {index:17;}">
               <Coords points="607,3277 610,3160 1037,3090 1960,3020 3284,3030 3354,3057 3357,3237 3190,3297 683,3284"/>
               <Baseline points="626,3257 651,3255 676,3253 701,3251 726,3250 751,3248 777,3248 802,3248 827,3248 852,3247 877,3245 902,3244 928,3242 1050,3233 1106,3233 1162,3230 1219,3230 1275,3230 1332,3230 1388,3226 1445,3220 1501,3213 1558,3209 1614,3205 1670,3203 1727,3203 1783,3203 1840,3205 1896,3199 1953,3194 2009,3198 2066,3201 2122,3205 2179,3203 2259,3191 2314,3188 2369,3183 2425,3172 2480,3170 2536,3173 2591,3174 2646,3178 2702,3179 2757,3173 2813,3173 2868,3173 2923,3173 2979,3176 3034,3176 3090,3178 3145,3179 3200,3185 3256,3189 3311,3197 3367,3206"/>
               <TextEquiv>
                  <Unicode>am Ende alle Liebe fur sündhaft.</Unicode>
               </TextEquiv>
            </TextLine>
            <TextLine id="l_15" custom="readingOrder {index:18;}">
               <Coords points="610,3334 1320,3227 1537,3214 2960,3200 3344,3217 3337,3400 3044,3457 1167,3534 1063,3534 610,3490"/>
               <Baseline points="629,3469 660,3461 692,3456 723,3454 755,3452 787,3452 818,3454 850,3456 882,3457 913,3457 945,3457 977,3457 1008,3457 1040,3457 1072,3457 1103,3458 1135,3460 1167,3463 1198,3461 1230,3458 1262,3454 1334,3436 1434,3409 1535,3412 1635,3412 1736,3401 1837,3385 1937,3379 2038,3378 2138,3376 2239,3369 2340,3357 2440,3353 2541,3355 2641,3355 2742,3353 2843,3358 2943,3361 3044,3364 3144,3365 3245,3376 3346,3388"/>
               <TextEquiv>
                  <Unicode>Marian[e hat mich davon abgebracht.</Unicode>
               </TextEquiv>
            </TextLine>
            <TextLine id="tr_1_tl_54" custom="readingOrder {index:19;}">
               <Coords points="677,3677 1820,3597 1940,3654 2134,3567 2550,3660 2834,3560 3254,3584 3260,3417 2454,3440 2140,3544 1990,3474 1847,3527 1730,3437 1557,3540 1407,3474 1120,3554 937,3474 683,3520"/>
               <Baseline points="695,3633 823,3639 951,3639 1080,3635 1208,3627 1337,3618 1465,3615 1593,3613 1722,3596 1850,3588 1979,3574 2107,3568 2235,3564 2364,3555 2492,3557 2621,3549 2749,3541 2877,3543 3006,3547 3134,3546 3263,3558"/>
               <TextEquiv>
                  <Unicode>Ich verdankte ihr ja auch, dass ich</Unicode>
               </TextEquiv>
            </TextLine>
            <TextLine id="tr_1_tl_55" custom="readingOrder {index:20;}">
               <Coords points="607,3860 980,3897 1734,3774 1870,3827 2257,3730 2714,3787 2897,3704 3054,3767 3230,3747 3237,3630 2910,3570 2557,3667 2350,3580 2224,3664 1687,3610 613,3744"/>
               <Baseline points="629,3827 759,3815 890,3812 1020,3810 1151,3808 1281,3791 1412,3782 1542,3782 1673,3779 1803,3767 1934,3753 2064,3741 2195,3735 2325,3724 2456,3716 2586,3706 2717,3695 2847,3698 2978,3708 3108,3713 3239,3731"/>
               <TextEquiv>
                  <Unicode>arbeiten lernte. Haben Sie einmal ein</Unicode>
               </TextEquiv>
            </TextLine>
            <TextLine id="l_17" custom="readingOrder {index:21;}">
               <Coords points="673,4011 677,3857 2034,3777 2767,3770 2970,3787 3204,3824 3197,4044 1804,4097 1447,4107 987,4057"/>
               <Baseline points="692,4009 755,4009 818,4009 881,4012 945,4010 1008,4010 1071,4008 1135,4004 1198,4000 1261,4001 1325,4003 1388,4001 1451,4001 1514,3997 1578,3992 1641,3988 1704,3989 1768,3989 1831,3988 1894,3988 1958,3991 2050,3973 2111,3963 2172,3950 2233,3942 2294,3938 2355,3931 2416,3929 2477,3929 2538,3925 2599,3920 2660,3920 2721,3919 2782,3920 2843,3922 2904,3922 2965,3922 3026,3922 3087,3930 3148,3938 3209,3937"/>
               <TextEquiv>
                  <Unicode>Mädchen getroffen, dass[sic] sechzeln¬</Unicode>
               </TextEquiv>
            </TextLine>
            <TextLine id="l_18" custom="readingOrder {index:22;}">
               <Coords points="700,4294 707,4054 2107,4041 2444,4041 2750,4044 3007,4047 3290,4077 3290,4261 3080,4301 1970,4321 1053,4321"/>
               <Baseline points="722,4182 791,4177 861,4179 930,4184 1000,4188 1069,4193 1139,4201 1208,4205 1278,4201 1347,4194 1417,4190 1487,4188 1556,4182 1626,4173 1695,4168 1765,4167 1834,4167 1904,4169 1973,4170 2043,4168 2113,4167 2227,4179 2280,4171 2333,4173 2387,4171 2440,4170 2494,4167 2547,4167 2600,4164 2654,4162 2707,4157 2761,4152 2814,4153 2867,4159 2921,4163 2974,4168 3028,4173 3081,4173 3134,4173 3188,4174 3241,4176 3295,4185"/>
               <TextEquiv>
                  <Unicode>jährig maturareif alles weiss, alles</Unicode>
               </TextEquiv>
            </TextLine>
         </TextRegion>
      </Page>
   </PcGts>
   <PcGts xmlns="http://schema.primaresearch.org/PAGE/gts/pagecontent/2013-07-15">
      <Metadata>
         <Creator>prov=READ-COOP:name=TrHtr:version=2.44.0:model_id=51170:date=12_06_2026_10:11</Creator>
         <Created>2026-06-12T07:57:24.011+02:00</Created>
         <LastChange>2026-06-15T09:29:24.195+02:00</LastChange>
         <TranskribusMetadata docId="16795718"
                              pageId="122098914"
                              pageNr="4"
                              userId="210611"
                              imgUrl="https://files.transkribus.eu/Get?fileType=view&amp;id=EWDQFHBRLFLVTNQPFFUCUAAZ"
                              imageId="103716297"/>
      </Metadata>
      <Page imageFilename="letter_0764_004.jpg"
            imageWidth="3521"
            imageHeight="4511">
         <TextRegion orientation="0.0" id="tr_1" custom="readingOrder {index:0;}">
            <Coords points="382,253 382,4189 3328,4189 3328,253"/>
            <TextLine id="l_2" custom="readingOrder {index:0;}">
               <Coords points="362,230 1574,145 2911,214 3286,234 3283,385 2226,471 458,405 365,382"/>
               <Baseline points="382,367 415,369 448,371 481,372 514,370 547,370 580,370 613,370 646,373 679,377 713,380 746,382 779,379 812,379 845,379 878,379 911,381 944,384 977,383 1010,379 1044,382 1110,370 1135,372 1160,373 1185,371 1210,370 1235,370 1260,371 1285,373 1310,376 1335,379 1360,379 1385,379 1410,381 1435,382 1477,382 1505,378 1533,376 1561,376 1589,376 1617,376 1645,375 1674,373 1791,358 1866,363 1941,367 2016,364 2091,364 2166,364 2241,364 2316,369 2391,365 2466,361 2541,353 2616,340 2691,334 2766,334 2841,335 2916,340 2991,343 3066,339 3141,343 3216,351 3292,364"/>
               <TextEquiv>
                  <Unicode>kann u. eine so fabelhafte Macht über</Unicode>
               </TextEquiv>
            </TextLine>
            <TextLine id="l_15" custom="readingOrder {index:1;}">
               <Coords points="474,458 1110,395 2914,398 3055,402 3141,405 3204,428 3213,550 2848,596 474,586"/>
               <Baseline points="492,567 608,559 725,561 841,561 958,567 1075,552 1191,549 1308,549 1424,544 1541,538 1658,546 1774,555 1891,559 2007,561 2124,548 2241,543 2357,543 2474,539 2590,537 2707,532 2824,516 2860,510 2885,512 2911,513 2936,513 2962,515 2987,518 3013,518 3039,516 3064,519 3090,522 3115,524 3141,527 3166,530 3192,534 3218,537"/>
               <TextEquiv>
                  <Unicode>andere hat wie dies Mädchen? Heute</Unicode>
               </TextEquiv>
            </TextLine>
            <TextLine id="tr_1_tl_7" custom="readingOrder {index:2;}">
               <Coords points="517,803 1327,770 1528,846 1722,757 2236,744 2835,807 3158,777 3161,668 1936,596 1304,688 1215,612 1044,734 520,622"/>
               <Baseline points="537,746 668,749 800,758 931,757 1063,766 1195,761 1326,761 1458,760 1590,753 1721,754 1853,748 1985,743 2116,735 2248,729 2380,740 2511,737 2643,737 2775,734 2906,739 3038,737 3170,741"/>
               <TextEquiv>
                  <Unicode>morgen kam sie zu mir, als ich noch</Unicode>
               </TextEquiv>
            </TextLine>
            <TextLine id="l_1" custom="readingOrder {index:3;}">
               <Coords points="550,1011 553,774 662,770 2249,774 2713,780 2960,793 3283,830 3289,1021 3207,1047 1462,1044"/>
               <Baseline points="567,952 612,950 657,947 702,951 747,952 793,957 838,961 883,958 928,955 973,952 1019,952 1064,952 1109,952 1154,952 1199,949 1245,946 1290,943 1335,940 1380,937 1425,943 1471,949 1731,910 1756,915 1782,915 1808,913 1834,911 1860,910 1886,910 1912,911 1938,913 1964,915 1990,917 2030,919 2093,913 2156,912 2219,907 2283,911 2346,915 2409,919 2472,921 2536,925 2599,920 2662,914 2725,914 2789,916 2852,920 2915,925 2978,936 3042,940 3105,941 3168,948 3231,958 3295,961"/>
               <TextEquiv>
                  <Unicode>im Bett lag - ich liege Son[tags oft</Unicode>
               </TextEquiv>
            </TextLine>
            <TextLine id="l" custom="readingOrder {index:4;}">
               <Coords points="543,1031 632,1008 1972,942 2598,948 3230,1044 3227,1116 3069,1133 2124,1189 1248,1225 905,1222 543,1182"/>
               <Baseline points="561,1143 586,1141 611,1140 636,1138 661,1136 686,1135 711,1135 736,1137 761,1138 786,1140 811,1140 836,1140 861,1142 886,1146 922,1134 1037,1128 1153,1128 1269,1128 1384,1126 1500,1127 1616,1111 1731,1106 1847,1107 1963,1107 2079,1103 2194,1109 2310,1100 2426,1104 2541,1101 2657,1092 2773,1095 2888,1097 3004,1095 3120,1099 3236,1104"/>
               <TextEquiv>
                  <Unicode>den ganzer Vormittag u. lese oder</Unicode>
               </TextEquiv>
            </TextLine>
            <TextLine id="l_4" custom="readingOrder {index:5;}">
               <Coords points="573,1360 576,1156 622,1152 2706,1113 3069,1156 3204,1222 3204,1284 2446,1380 1706,1380"/>
               <Baseline points="591,1340 616,1338 641,1337 666,1337 691,1337 716,1337 1015,1319 1089,1319 1163,1317 1238,1319 1312,1322 1387,1322 1461,1319 1536,1304 1610,1294 1685,1286 1759,1289 1833,1286 1908,1292 1982,1291 2057,1296 2131,1286 2206,1281 2280,1273 2355,1268 2429,1269 2504,1265 2564,1256 2596,1252 2628,1249 2661,1247 2693,1247 2726,1245 2758,1244 2790,1244 2823,1246 2855,1247 2888,1247 2920,1247 2952,1249 2985,1249 3017,1247 3050,1247 3082,1249 3114,1253 3147,1259 3179,1266 3212,1271"/>
               <TextEquiv>
                  <Unicode>idchbleibe liegen, ohne etwas zu</Unicode>
               </TextEquiv>
            </TextLine>
            <TextLine id="l_3" custom="readingOrder {index:6;}">
               <Coords points="547,1577 556,1363 3013,1258 3269,1353 3266,1468"/>
               <Baseline points="567,1525 593,1520 619,1516 645,1514 671,1513 698,1511 724,1510 750,1510 776,1510 802,1510 829,1510 855,1508 881,1503 907,1502 934,1504 1035,1498 1147,1491 1259,1486 1371,1484 1483,1466 1595,1458 1707,1450 1819,1449 1931,1455 2043,1454 2155,1441 2267,1438 2379,1435 2491,1441 2603,1431 2715,1427 2827,1425 2939,1420 3051,1420 3163,1432 3275,1447"/>
               <TextEquiv>
                  <Unicode>tun -  um einmal denken zu können.</Unicode>
               </TextEquiv>
            </TextLine>
            <TextLine id="l_6" custom="readingOrder {index:7;}">
               <Coords points="556,1725 563,1577 1021,1498 1551,1472 1982,1455 2275,1445 2953,1445 3322,1547 3322,1646 1738,1732 705,1732"/>
               <Baseline points="573,1713 598,1707 623,1705 649,1703 674,1701 700,1700 725,1698 751,1696 776,1695 802,1695 827,1695 853,1695 878,1695 904,1695 1024,1668 1050,1666 1076,1665 1103,1665 1129,1663 1155,1661 1182,1660 1208,1657 1235,1653 1367,1633 1465,1629 1563,1621 1661,1620 1759,1607 1857,1600 1955,1591 2053,1596 2151,1603 2249,1595 2347,1594 2445,1600 2543,1606 2641,1603 2739,1603 2837,1587 2935,1582 3033,1588 3131,1593 3229,1606 3328,1633"/>
               <TextEquiv>
                  <Unicode>man hat wenig ist herzu. Nur we[n</Unicode>
               </TextEquiv>
            </TextLine>
            <TextLine id="l_5" custom="readingOrder {index:8;}">
               <Coords points="556,1781 1501,1709 2325,1676 2723,1669 3088,1669 3085,1844 2594,1864 1139,1920 642,1926 560,1893"/>
               <Baseline points="579,1883 607,1881 635,1880 664,1880 692,1878 720,1877 749,1877 777,1878 805,1880 834,1880 862,1880 890,1880 919,1880 947,1881 975,1883 1004,1883 1032,1883 1060,1883 1089,1884 1117,1886 1146,1889 1412,1845 1495,1842 1579,1835 1663,1827 1747,1821 1831,1818 1915,1817 1998,1820 2082,1823 2166,1816 2250,1808 2334,1806 2418,1803 2502,1806 2585,1809 2669,1807 2753,1809 2837,1805 2921,1800 3005,1803 3089,1812"/>
               <TextEquiv>
                  <Unicode>Marian[e deklamiert denke ich viel.</Unicode>
               </TextEquiv>
            </TextLine>
            <TextLine id="l_10" custom="readingOrder {index:9;}">
               <Coords points="609,1956 691,1939 1801,1847 2818,1844 3062,1923 3134,1952 3138,2031 1620,2163 810,2173 616,2124"/>
               <Baseline points="629,2074 658,2074 687,2074 717,2074 746,2076 776,2079 805,2082 835,2083 864,2083 894,2083 923,2083 952,2082 982,2080 1011,2082 1041,2084 1070,2088 1100,2089 1129,2089 1159,2091 1188,2092 1218,2092 1391,2083 1417,2082 1443,2080 1469,2080 1495,2080 1522,2080 1548,2079 1574,2078 1600,2076 1627,2074 1809,2030 1834,2032 1860,2028 1886,2023 1911,2018 1937,2018 1963,2018 1989,2016 2014,2015 2040,2015 2066,2015 2092,2015 2283,1994 2326,1997 2369,2000 2412,2000 2455,2000 2498,2000 2541,2002 2584,2003 2627,2005 2670,2006 2713,2006 2756,2008 2799,2009 2842,2009 2885,2010 2928,2012 2971,2010 3014,2005 3057,2003 3100,2003 3143,2006"/>
               <TextEquiv>
                  <Unicode>Sie steht dan[ im Physiksaal u.</Unicode>
               </TextEquiv>
            </TextLine>
            <TextLine id="l_8" custom="readingOrder {index:10;}">
               <Coords points="563,2166 675,2137 1890,2084 2163,2081 2871,2078 3062,2081 3072,2272 1603,2371 1149,2387 823,2371 563,2344"/>
               <Baseline points="582,2274 617,2268 652,2268 688,2268 723,2268 758,2269 794,2274 829,2278 864,2282 900,2283 935,2283 970,2283 1006,2281 1041,2277 1076,2273 1112,2271 1147,2269 1182,2268 1218,2268 1253,2269 1289,2271 1412,2259 1437,2257 1462,2256 1487,2256 1512,2256 1537,2256 1562,2257 1587,2259 1612,2268 1734,2245 1801,2241 1868,2239 1936,2235 2003,2230 2071,2231 2138,2233 2206,2237 2273,2242 2341,2239 2408,2231 2475,2220 2543,2218 2610,2209 2678,2209 2745,2194 2813,2188 2880,2184 2948,2182 3015,2178 3083,2182"/>
               <TextEquiv>
                  <Unicode>trägt mir vor, während ich ganz</Unicode>
               </TextEquiv>
            </TextLine>
            <TextLine id="l_9" custom="readingOrder {index:11;}">
               <Coords points="566,2344 675,2328 1992,2269 3026,2272 3273,2308 3273,2459 2226,2509 882,2529 655,2522 566,2506"/>
               <Baseline points="585,2477 610,2477 636,2475 662,2474 688,2474 714,2474 740,2474 766,2474 792,2474 818,2476 844,2476 870,2474 896,2471 922,2468 967,2460 993,2457 1020,2454 1047,2454 1074,2456 1101,2460 1128,2458 1154,2457 1181,2457 1208,2455 1235,2451 1262,2449 1289,2447 1316,2446 1342,2445 1369,2445 1396,2445 1423,2446 1450,2447 1477,2450 1504,2454 1698,2442 1777,2431 1856,2422 1935,2416 2014,2409 2093,2415 2172,2418 2251,2412 2330,2418 2409,2421 2489,2421 2568,2421 2647,2421 2726,2421 2805,2415 2884,2409 2963,2409 3042,2412 3121,2417 3200,2430 3280,2445"/>
               <TextEquiv>
                  <Unicode>still in eine Bank gekauert zuhöre.</Unicode>
               </TextEquiv>
            </TextLine>
            <TextLine id="l_13" custom="readingOrder {index:12;}">
               <Coords points="560,2515 632,2509 2074,2430 2407,2423 3138,2430 3273,2456 3306,2634 909,2739 599,2677 563,2664"/>
               <Baseline points="582,2657 608,2655 635,2655 662,2656 689,2657 716,2657 743,2659 770,2660 904,2630 929,2628 954,2627 979,2627 1004,2627 1029,2627 1054,2626 1080,2624 1105,2622 1130,2621 1155,2621 1180,2620 1205,2618 1230,2617 1256,2615 1316,2603 1341,2602 1366,2600 1391,2596 1416,2594 1442,2594 1467,2594 1492,2594 1517,2595 1543,2597 1734,2576 1792,2572 1851,2568 1909,2570 1968,2570 2026,2572 2085,2573 2143,2577 2202,2581 2260,2579 2319,2582 2377,2587 2436,2589 2494,2591 2553,2584 2611,2580 2670,2579 2728,2576 2787,2578 2845,2584 2904,2588 3069,2564 3095,2568 3122,2572 3149,2577 3176,2581 3202,2585 3229,2588 3256,2594 3283,2605 3310,2609"/>
               <TextEquiv>
                  <Unicode>Sie hat unerhörtes Talent - dass</Unicode>
               </TextEquiv>
            </TextLine>
            <TextLine id="l_11" custom="readingOrder {index:13;}">
               <Coords points="524,2703 609,2664 1162,2634 1462,2618 2756,2581 3227,2650 3227,2785 2081,2848 899,2884 560,2878 524,2864"/>
               <Baseline points="543,2836 568,2836 594,2836 620,2834 646,2832 671,2830 697,2830 723,2830 749,2830 775,2830 800,2830 826,2832 852,2835 878,2840 904,2845 1074,2791 1100,2793 1127,2788 1153,2784 1180,2782 1206,2779 1233,2776 1259,2774 1286,2773 1312,2773 1339,2773 1365,2773 1392,2771 1418,2769 1445,2768 1471,2768 1498,2770 1647,2749 1726,2749 1805,2754 1885,2758 1964,2755 2044,2750 2123,2745 2203,2741 2282,2743 2362,2747 2441,2743 2520,2744 2600,2746 2679,2743 2759,2741 2838,2747 2918,2760 2997,2755 3077,2755 3156,2750 3236,2758"/>
               <TextEquiv>
                  <Unicode>Stuije klingt so ganz deutlich, u.</Unicode>
               </TextEquiv>
            </TextLine>
            <TextLine id="tr_1_tl_41" custom="readingOrder {index:14;}">
               <Coords points="560,3065 1867,2950 2746,2999 2818,2980 2828,2792 1916,2881 1837,2828 1696,2917 1238,2871 915,2970 685,2871 563,2940"/>
               <Baseline points="579,3021 691,3023 804,3022 916,3023 1029,3015 1141,3011 1254,3001 1366,2990 1479,2967 1591,2961 1704,2961 1817,2953 1929,2946 2042,2950 2154,2946 2267,2942 2379,2940 2492,2946 2604,2943 2717,2941 2830,2949"/>
               <TextEquiv>
                  <Unicode>doch weich wie Töne einer Seite.</Unicode>
               </TextEquiv>
            </TextLine>
            <TextLine id="l_12" custom="readingOrder {index:15;}">
               <Coords points="589,3207 596,3075 1916,2957 2417,2940 3072,2934 3276,2993 3276,3128 2993,3148 1195,3273 807,3246"/>
               <Baseline points="609,3197 662,3197 716,3201 770,3205 824,3206 878,3206 932,3206 985,3205 1039,3201 1093,3198 1147,3194 1201,3188 1255,3183 1309,3177 1362,3174 1416,3173 1470,3166 1524,3162 1578,3158 1632,3153 1686,3152 1877,3116 1913,3116 1949,3116 1985,3115 2021,3113 2057,3113 2093,3115 2130,3114 2166,3113 2202,3112 2238,3105 2274,3102 2310,3099 2346,3097 2383,3095 2419,3095 2455,3095 2491,3097 2527,3099 2563,3102 2600,3104 2654,3095 2685,3095 2716,3096 2747,3098 2779,3100 2810,3102 2841,3104 2873,3104 2904,3106 2935,3107 2967,3107 2998,3103 3029,3097 3060,3094 3092,3093 3123,3095 3154,3097 3186,3099 3217,3101 3248,3111 3280,3116"/>
               <TextEquiv>
                  <Unicode>In 14 Tagen ist hier alles zu Ende.</Unicode>
               </TextEquiv>
            </TextLine>
            <TextLine id="tr_1_tl_45" custom="readingOrder {index:16;}">
               <Coords points="711,3408 1202,3480 1343,3375 1577,3345 2706,3381 2815,3296 2996,3312 2999,3223 2726,3217 2558,3131 2022,3141 1824,3237 1623,3184 1116,3319 721,3243"/>
               <Baseline points="731,3394 844,3380 958,3379 1071,3385 1185,3375 1299,3370 1412,3358 1526,3352 1639,3337 1753,3337 1867,3335 1980,3318 2094,3311 2207,3304 2321,3303 2435,3296 2548,3289 2662,3297 2775,3296 2889,3290 3003,3298"/>
               <TextEquiv>
                  <Unicode>Dan[ geht Dr. Lüthy fort, u.</Unicode>
               </TextEquiv>
            </TextLine>
            <TextLine id="l_14" custom="readingOrder {index:17;}">
               <Coords points="642,3589 649,3421 1449,3375 2812,3299 3217,3319 3217,3480 2864,3516 1867,3599 1409,3632"/>
               <Baseline points="665,3573 717,3572 769,3568 821,3565 873,3564 925,3564 977,3561 1029,3562 1081,3564 1133,3566 1186,3570 1238,3570 1290,3567 1342,3564 1394,3552 1446,3542 1498,3538 1550,3533 1602,3531 1654,3531 1707,3534 1886,3495 1917,3490 1948,3491 1979,3492 2010,3492 2041,3492 2072,3492 2103,3492 2134,3490 2165,3488 2196,3486 2227,3486 2258,3486 2289,3486 2320,3484 2351,3484 2382,3484 2413,3484 2444,3484 2475,3486 2507,3492 2686,3457 2712,3455 2739,3454 2766,3454 2793,3455 2820,3457 2847,3455 2874,3454 2901,3454 2928,3454 2955,3454 2981,3452 3008,3451 3035,3451 3062,3450 3089,3448 3116,3450 3143,3453 3170,3458 3197,3461 3224,3463"/>
               <TextEquiv>
                  <Unicode>Marian[ne fährt für ihre Examen</Unicode>
               </TextEquiv>
            </TextLine>
            <TextLine id="l_16" custom="readingOrder {index:18;}">
               <Coords points="662,3796 665,3595 2078,3497 2575,3483 3158,3497 3187,3500 3220,3635 3187,3661 3148,3671 1745,3813"/>
               <Baseline points="680,3737 733,3740 787,3740 841,3740 895,3740 948,3740 1002,3741 1056,3743 1110,3747 1163,3749 1217,3746 1271,3742 1325,3738 1378,3732 1432,3729 1486,3725 1540,3721 1593,3719 1647,3715 1701,3711 1755,3719 2089,3657 2136,3652 2184,3648 2231,3645 2279,3645 2327,3642 2374,3639 2422,3635 2470,3631 2517,3632 2565,3630 2613,3631 2660,3633 2708,3631 2756,3626 2803,3620 2851,3618 2899,3618 2946,3618 2994,3621 3042,3618 3131,3612 3156,3615 3182,3620 3207,3626 3233,3639"/>
               <TextEquiv>
                  <Unicode>nach Dresden. Ich will in den</Unicode>
               </TextEquiv>
            </TextLine>
            <TextLine id="tr_1_tl_52" custom="readingOrder {index:19;}">
               <Coords points="698,4020 1133,4020 1699,3875 2117,3898 2236,3829 2611,3888 2739,3869 2746,3783 2581,3730 2479,3773 2232,3648 1669,3813 1482,3767 1083,3836 711,3776"/>
               <Baseline points="719,3913 820,3909 922,3907 1023,3907 1125,3914 1227,3913 1328,3902 1430,3898 1532,3892 1633,3890 1735,3871 1837,3866 1938,3863 2040,3856 2142,3843 2243,3829 2345,3819 2447,3818 2548,3821 2650,3834 2752,3842"/>
               <TextEquiv>
                  <Unicode>Ferien nach Rein kommen.</Unicode>
               </TextEquiv>
            </TextLine>
            <TextLine id="l_7" custom="readingOrder {index:20;}">
               <Coords points="1920,4172 1929,3991 2384,3928 2957,3987 2953,4145 2920,4155 2776,4172 2157,4191 1966,4178"/>
               <Baseline points="1940,4149 1965,4149 1990,4148 2016,4146 2041,4148 2066,4149 2092,4147 2117,4146 2142,4146 2168,4144 2193,4141 2218,4138 2244,4136 2340,4117 2371,4112 2402,4108 2433,4104 2464,4104 2495,4102 2526,4099 2557,4099 2588,4099 2619,4099 2650,4099 2681,4099 2712,4099 2743,4101 2774,4101 2805,4102 2836,4104 2867,4106 2898,4107 2929,4107 2961,4110"/>
               <TextEquiv>
                  <Unicode>Ihre An[emarie</Unicode>
               </TextEquiv>
            </TextLine>
         </TextRegion>
      </Page>
   </PcGts>
</validation-wrapper>
