2373 1851
201 157 637 286 hôtel jacob
385 281 931 379 et d'angleterre,
272 376 863 458 44, rue jacob. paris - 6°
338 513 819 632 tél. littré 87-91
651 568 808 645 87.92
313 881 1579 1047 Mademoiselle Marianne Breslauer
302 1033 906 1129 Provence-Hôtel
313 1156 983 1335 Le Lavandou
324 1370 458 1466 Var
1067 230 1329 322 PARIS – 115
1120 319 1256 356 17 *
1109 373 1295 404 20 · VI
1148 428 1248 458 1933
1014 361 1382 563 R. DES SAINTS-PERES
293 237 723 410 hôtel jacob
465 354 1022 496 et d'angleterre.
372 468 957 595 44, rue jacob. paris - 6°
492 613 826 716 tout confort
341 678 974 785 téléphone avec la ville
344 754 970 915 dans toutes les chambres
478 881 836 1022 R. C. Seine 9.491
1999 320 2488 527 tél. littré 87-91
2326 423 2485 506 87.92
1731 492 2402 671 paris, le 20 Juin
2602 506 2760 630 193
575 1129 3290 1266 Liebste Marianne! ich hätte schon lange für deinen schönen Brief [u. süsse Photos!] aus
2970 1039 3348 1149 [u. süsse Photos!] [add place="above"]
568 1204 3249 1425 Zürich danken sollen, habe aber-völlig erfolglos übrigens-immer auf
578 1342 3249 1511 Nachricht von Lilly gewartet. Nichts traf[overstrike ar] also ein-wer weiss wie es
571 1483 3204 1676 mit unseren Photos steht. Fest steht allerdings dass wir immer und
575 1672 3118 1824 nur mit Vorschuss arbeiten werden, denn was man hat das hat man.
578 1803 3166 1955 Jch schlug ihr[overstrike t] auch vor, eventuell zu Schlager-Bildern noch Texte
578 1879 2712 2061 nach ihren Vorschlägen zu machen. Man wird ja sehen...
582 2041 3094 2175 Jnzwischen ist, was die Zeitschrift betrifft, sehr viel vor sich
582 2113 3341 2364 gegangen-ein Abschluss auf drei Monate mit einem guten holländischen
575 2313 3266 2495 Verlag, ein festes Programm,Klaus Mann als Herausgeber. Jch bin feige
578 2440 3245 2615 und unentschlossen noch zurückgeblieben, und werde mich erst in der
568 2567 3135 2770 Schweiz-auf halbwegs neutralem Boden-entscheiden. Jch würde gern
564 2750 3211 2904 mitarbeiten, weil es richtige Arbeit gibt-aber dann merke ich doch
568 2870 3121 3021 wieder dass mein Herz nur bruchstückweise daran hängt, ich meine
571 2949 3207 3111 an der Sache- und da soll man vielleicht nicht-denn es ist ja kein
568 3090 3145 3297 Spielzeug sondern eine Sache auf Dauer, und dauernde Anstrengung.
585 3224 3204 3441 -Paris ist schön, aber zu viel des Guten an Emigranten. Vielleicht
578 3359 3052 3555 sieht man die Welt doch unter zu einseitiger Perspektive. Mein
571 3520 3321 3689 2. schweizer Band "Was nicht im Baedeker steht“ soll bei Piper erschie¬
571 3668 3290 3823 nen sein. Und Ende Juni bin ich in Zürich, und fahre dann wohl gleich
2846 3754 3046 3854 [haben] [add place="above"]
575 3775 3290 3940 einmal an die Aufnahmestelle des Bergfilms. Und Du? Leider ahb en [haben] sie
564 3889 3249 4088 auf meine Anfrage wegen einer photographischen Mitarbeiterin nicht
568 4064 3197 4191 reagiert. Und Du willst wohl endlich nach Berlin zurück.. Dr. Dausse
589 310 3295 484 habe ich ausführlich gesehen, er hat zu viel Bart, war aber sehr nett.
586 440 3295 658 und sagte von Dir etwas ganz Dolles, nämlich dass Du die jeune fille
589 583 2085 787 la plus parfaite [lang="fra"] seist die er je etc.
576 770 3067 913 Pamplona war schön, und Loyola erst recht. Und Selbst der Regen
583 900 3322 1032 kann mir jetzt Spass machen -auch Barcelona war höchst gelungen wie
576 1005 1090 1172 mir scheint-
589 1060 3254 1329 Was Lilly zu all den Beteuerungen meinen würde?Aber für uns war es
593 1274 3166 1424 doch glänzend. Manchmal möchte ich wieder nach Berlin, leider wäre
596 1421 3251 1595 es zu stockdumm und sinnlos. Also denke ich immer noch nach. Marlene
583 1533 3176 1724 ist da, in Versailles, und Tomi Salomon spielt ich weiss nicht was
583 1653 1966 1837 bei Charell-ob es ihm Spass macht?
576 1772 2763 1997 Hörst Du von Rut?Zuletzt war sie krank, in der Schweiz-
579 1922 3118 2119 Das nächste Mal schreibst Du mir besser nach Bocken bei Horgen-
600 2058 2300 2280 (vielen Dank noch für das Telefon an Mama)
600 2239 3237 2406 Grüss Deine Eltern bitte vielmals-und hab es prächtig in Lavandou-
586 2327 2804 2515 sitzt der Neger noch in der Bar Eures Hotels, am Strand?
579 2491 3176 2689 Adieu-liebste Marianne-in einer Woche fahr ich wieder den Süssen
576 2593 2965 2781 mit ganzen Kotflügeln! Uebrigens ist Erika immer noch da, die
576 2740 1513 2954 ganze unsere Familie-
1544 2821 1765 3019 Deine
1942 3002 2450 3189 Annemarie
