2534 3567
256 317 582 420 Erika Mann
249 409 850 499 1550 San Remo Drive
247 454 787 539 Pacific Palisades
252 515 575 582 California
256 557 701 652 am 1. Mai 1942
512 744 805 901 Mirlieb, –
796 912 2223 1007 \p\es ist mir so gut und so schlecht wie unerfind¬
521 980 2223 1079 lich, wieso ich denn all die Zeit ueber nichts habe hoe¬
886 1068 1200 1122 allenfalls
521 1119 2263 1187 ren lassen, als [allenfalls] festlich Gekabeltes. Dass es an der rechten
512 1209 2095 1315 Musse immer gefehlt hat, ist ebensowahr, wie dass die
508 1315 2286 1420 Korrespondenz zwischen den Kontinenten immer unvorstellba¬
510 1402 2200 1504 rer wird, sodass man sich kein Herz fasst zu ihr, wiewohl
512 1508 2144 1623 sie sich doch praktisch durchaus halten liesse. Beide
515 1609 2137 1699 Wahrheiten erklaeren wenig und entschuldigen rein gar
512 1683 2106 1834 nichts. Denn sicher haettest \g\Du\:g\ gern Post gehabt und
510 1789 2083 1886 sicher ist es garstig, Dich nicht zu beliefern. Und
510 1881 2140 2007 garstig bin ich doch im Grunde nie gewesen. Oder, wie?\:p\
800 1989 2227 2113 \p\Meine lieben Eltern,– wie Du weisst,oder nicht
510 2088 2140 2221 weisst, haben sich das Haeuschen gebaut, in welchem ich
510 2198 2162 2299 sitze. Es hat den huebschesten Blick auf Meer und Santa
494 2301 2164 2409 Monica–Bucht, sowie in die Huegel und Cañons. Solange es
503 2400 2155 2499 Benzin gibt und die Reifen halten, laesst sich agréable
499 2490 2187 2621 leben unter den Palmen, wenn freilich das Gelaende unter
492 2587 2301 2701 feindlichen Umstaenden ganz ungewoehlich gut brennen moech¬
492 2704 611 2785 te.\:p\ [space]
587 2794 2153 2924 \p\Ich traf vor zwei Wochen ein, nachdem ich den Winter
494 2886 2128 3000 lecturend, tippend und reisend abgehaspelt. Einen Monat
494 3003 2128 3102 lang war ich auch fuer den Coordinator of Information
501 3079 2209 3191 taetig, habe aber meine fesche Position als Civil Servant
488 3196 2097 3304 freiwillig geraeumt. Der Abwechslung halber habe ich\fml\\:p\
511 379 2153 498 \fml\p\nunmehr begonnen, ein Kinderbuch abzufassen,ein politi¬
517 495 2201 578 sches Kinderbuch, if you please, fuer Knaben und Maedchen
524 578 2138 664 von neun bis fuenfzehn, – allegedly. In Wahrheit hoffe
521 675 2226 801 ich, die durch und durch Erwachsenen, die sich, was politi¬
521 788 2112 909 sche Einsicht angeht, noch immer in rauhen Mengen auf
524 887 2095 982 dem Niveau von nicht durchaus gutartigen Knaben und
521 950 2259 1069 Maedchen tummeln, mit meinem Selbstgemachten zu erreichen.
528 1056 2136 1175 Wenn es mir nur kindisch genug geraet, fuer die Damen
528 1192 872 1292 und Herren!\:p\
703 1236 2025 1406 \p\Ob ich im Juni verreise, sei's nach Britain,
528 1342 2129 1484 sei's nach Argentinien, steht noch durchaus dahin und
537 1482 1913 1601 meine Plaene sind, wie die Wege Gottes, dunkel.
537 1573 2138 1701 Der Himmel,scheint mir, ist aber ein wenig heller, als
541 1673 2045 1809 er zuweilen war. Trotz allen Triumpfen der kleinen
530 1785 2101 1898 Gelbbaeuche im stillen Ozean, [?] geht es den
537 1852 2101 2001 Tieren in Deutschland nun einmal schlecht, wenn auch
543 1958 2190 2112 lange so schlecht noch nicht, wie zu wuenschen. Die Rede
543 2088 2071 2185 des Monstrums, neulich, hat meinem Herzen wohlgetan.
545 2162 2136 2278 Der Stinkfisch ist am Ende mit seinem Latein, und das
539 2276 2082 2395 Ende der Leine ist in Sicht. Und wiewohl, ien ehe er
545 2391 2166 2480 stuerzt, noch das Verschiedenste sich aendern muss, auf
543 2490 2170 2614 unserer Seite, –und wiewohl, nach seinem Sturz, noch das
1694 2555 1779 2618 en
547 2581 2175 2703 Verschiedenste im Argen sein wird: sein[en] Sturz und das
1184 2659 1331 2718 [?]
552 2677 2114 2804 Ende dieses Unwesens [?] zu erleben,wird
550 2783 2162 2906 uns vergoennt sein, ueber kurz, oder ein wenig laenger.\:p\
491 507 2100 627 \p\Alle lassen gruessen. K., nachdem er fuer Decision wie
491 647 2184 760 zwei Tigerinnen gekaempft, musste nun doch die gute Bude
494 732 2206 820 schliessen. Zu unhold sind die Laeufte Unternehmungen wie
498 832 2177 926 dieser und das Sterben ist unter den kleieneren Magazi¬
498 940 2175 1050 nen allgemein. Er war sehr bekuemmert, zornig und ratlos,
494 1046 2256 1143 hat sich aber schliesslich gefasst. Ratlosigkeit, freilich,
498 1127 2130 1235 besteht weiterhin und wie er's nun treiben soll, weiss
489 1233 2206 1370 noch keiner. Golo tippt nebenan, Medi's Tochter und Bibi's
491 1357 2288 1472 Sohn sind kuerzlich hiergewesen und Bibis zweites Geschopef
489 1424 2206 1542 ist in Baelde zu erwarten. Der Joseph naehert sich seinem
480 1544 850 1643 Ende ......\:p\
823 1647 2179 1738 \p\Hier ward ich gestern unterbrochen. Unterdess
498 1711 2200 1844 kam Dein Brief vom Kahn und die ueberraschende Mitteilig
491 1817 2229 1945 Deiner Rueckkehr ins Portugiesische. Nun beunruhigt mich,
491 1920 2123 2019 dass ich aus Lisbon noch nichts vernommen, wiewohl das
491 2017 2116 2159 Schreiben doch aus den Iden des Haerz stammt. Wie mag
491 2137 2094 2224 es Dir gehn und was magst Du treiben? Und ob man sich
500 2254 2064 2335 gar trifft, im Juni, oder so? Das waere denn doch...!\:p\
784 2342 2116 2448 \p\Ich bin neugierig auf Dein Buch,gewiss, dass
485 2441 2297 2540 viel Bildschoenes und nur das Au[f] richtigste darin enthalten
489 2535 2251 2637 und gierig zu wissen, wie sehr es sich, in puncto allgemein¬
491 2639 2261 2741 verstaendlicher Verwendbarkeit, von den Persischen Novelet¬
482 2741 1043 2842 ten unterscheidet.\:p\
717 2819 2091 2919 \p\Es ist Sonntag, 1.30 p.m. Pacific Wartime und
480 2930 2220 3047 Hulles sind, drei Mann hoch, zum Lunch eingetroffen. Ueber¬
480 3040 2049 3164 morgen muss ich nach Texas fliegen, wo ich mich fuer
485 3135 2202 3241 (wenig) Geld sehen lasse und som?[i]t Gott befohlen, wiewohl\fml\\:p\
1126 282 1234 388 –4–
484 507 2223 594 \fml\p\er sich doch nachgewiesener massen nicht befehlen laesst.
837 557 1486 633 Hie schon vermerkt! [handschriftliche Ergänzung]
490 601 2052 720 Alle lassen gruessen [Ergänzung] sei brav und nicht zu traurig.
484 683 2184 763 Mich und mein Haus betreffend, so sind wir Dir treu, auch
499 781 2167 907 wenn wir es haeufig verstehn, durch garstiges Schweigen
484 896 1210 982 Untreue vorzutaeuschen.\:p\
1002 995 1293 1091 Gar sehr:
1172 1187 1768 1234 E.
