7092 4599
4598 361 6023 609 CHESA DR RUPPANNER
5973 515 6595 726 SAMADEN
5976 699 6391 893 ENGADIN
5849 860 6562 1178 Sonntag abend
4347 1151 5381 1372 Klaus, mein Liebster –
4200 1342 6749 1573 \p\man wollte mich, nach der üblen Vergiftung mit
4240 1486 6766 1750 Strafe von scheusslichen Magenspülungen, Gleich¬
4253 1623 6893 1864 gewichtsstörungen u. anderen Unannehmlichkeiten
4263 1740 6753 1998 mehrere Tage ins Spital sperren, welches ich
4253 1837 6592 2078 recht verabscheue – dass ich, nach dem
4243 1991 6706 2205 strikte abschlägigen Bescheid des Arztes, mich
4303 2111 6883 2359 anzog, u. zu Fuss die Strecke im Schneegestöber
4297 2239 6937 2490 in die Chesa zurücklief, wo ich zähneklappernd
4250 2309 6776 2577 u. halb ohnmächtig eintraf, gehört wohl zu
4270 2453 6565 2660 den Spitzenleistungen meiner zeitweisen
4280 2536 5796 2754 Unzurechnungsfähigkeit –\:p\
4277 2680 6746 2985 Das Resultat: Frau Anita Forrer (keinesfalls
4293 2818 6582 3085 zu verwechsen mit jener etwas hysterischen
4280 2905 6555 3199 Frau STORRER, von der Medi so hübsche
4287 3065 6763 3386 Anekdoten ken[n]t) kam sofort heraus, – heute
4323 3176 6739 3550 traf meine Mutter ein, – fährt mich Dienstag
4397 3340 6512 3631 nach Zürich, wo ich in Bocken wohnen
4357 3510 6689 3808 darf, aber unter ärztlicher Aufsicht, da
4327 3654 6753 3888 ich die hiesige Kur (Insulin, Schlafmittel, Coramin
4384 3781 6696 4016 u. täglich noch 2 Eukodal) noch 10-14 [?] Tage
4430 3892 6846 4159 weiter führen muss. Wundere Dich nicht darüber
4454 4036 6816 4333 dass ich noch Eukodal bekom[m]e: Dr. Ruppauer
4655 4159 6723 4424 ist der Ansicht, ich sei an- u. hinfällig,
703 224 3350 586 u. man dürfe den 50 kilo meines zartbesaiteten
726 388 3062 673 Leibes (jawohl: ich habe in den letzten Tagen
743 535 2824 780 nochmals 1 Kilo abgenommen) keinerlei
776 689 3273 1074 Erschütterungen zumuten. Dass ich hier abreise
820 823 3135 1154 hat seine guter Gründe: das Haus soll
793 970 3119 1282 quasi geschlossen werden (ich wäre, aber
786 1154 3008 1459 Mittwoch, der letzte u. einzige Patient) –
803 1255 3112 1600 ich kan[n] den Vortrag in Bern am 27. u.
820 1436 3186 1790 der Besprechung mit dem Hallweg-Verlag [bez. Lorenz Saladin]
663 1546 3229 1934 nicht absagen (während ich mich bereits
699 1727 3055 2088 erklärt habe, die folgenden Vorträge
659 1927 3005 2269 abzusagen. Die Besprechung mit dem
589 2071 3038 2506 Verlag ist wichtig: Ansonsten geht
606 2259 3069 2633 alles durch die mild gesagt: ungeschickten
612 2389 3082 2804 Hände v. Picard, der auf den Verkauf
666 2583 3189 2965 an Nazi-Deutschland erpicht, die Möglich¬
676 2774 3169 3085 keiten in England u. das ganze Niveau
656 2951 3169 3222 des Buches verderben würde – Kurz:
716 3149 3406 3420 meine Mutter sagte mir: Sie habe eingesehen,
716 3303 3239 3527 dass man mir nur helfen, nur versuchen
760 3467 3216 3698 könne, mich durch Nachgiebigkeit u. ein
753 3634 3192 3882 Maximum an Pflege u. Sorgfalt einen
760 3778 3313 4002 Weg öffnen können, um mich vor Schlim[m]erem
813 3955 3316 4139 zu bewahren. Sie weiss es dass Thun nicht
803 4109 3463 4347 primär, sondern die Folge einer tötlichen [sic]
630 317 2859 604 Lebensangst sei, u. jener Neigung zum
682 460 2990 764 Entgleiten, die mich in das persische
725 695 2862 940 Abenteuer trieb, u. einer Sucht
787 930 2830 1119 ins Dunkle [sic], die wir beide, Du u.
764 1110 2915 1381 ich, nur allzu gut ken[n]en. Die
751 1315 3055 1603 Mischung zwischen echter Gefährdung
822 1495 3022 1753 in Spiel mit dem Feuer könne
806 1674 3182 2004 niemand durchschauen u. tolerieren
816 1870 2892 2131 als eben sie, u. Erika, und es
783 2050 3009 2298 gebe nichts, um mir zu helfen, als
842 2203 3114 2451 mich den Weg gehen zu lassen, der
806 2356 2967 2631 zwar gefährlich sei, aber sein
858 2536 2911 2755 Positivum in der Anwendung
930 2709 2467 2898 meines Talents finde –
865 2833 2885 3022 u. so werde sie mir helfen nach
904 2996 1997 3244 Möglichkeit –
734 3218 2853 3492 Frau Forrer – ist eine Schweizerin,
813 3443 2804 3678 Schwägerin jenes emigrierten
751 3636 2924 3868 Professor Wolfer in Yale (New Haven)
842 3812 2934 4096 geschieden, wohnt nur 2 Std.
751 3998 3074 4187 von Sils in Malans (Schloss
774 4138 2872 4422 Bethmar,) ich kön[n]te kaum
4165 349 6217 760 erklären, weshalb sie in 3
4145 532 6495 1181 Wochen Bekanntschaft, u. trotz
4207 757 6155 1296 ihrer in mancher Hinsicht uns
4217 1048 6514 1527 ganz fremden, solid-bürgerlichen
4269 1253 6508 1694 Art mein Vertrauen im höchsten
4305 1527 6498 1900 Masse gewan[n] – aber so ist es, u. es
4282 1779 6521 2112 ist gut so, u. sie hat eine Liebe
4214 1922 6550 2291 zwischen uns akzeptiert u. Tatsache
4220 2108 6857 2536 werden lassen, die mich erschüttert
4172 2285 6351 2595 u. mir sehr viel Vertrauen
4214 2425 6283 2755 für die Zukunft gibt –
4276 2653 6648 3029 Dies ist ein eiliger Report – den[n]
4181 2843 6364 3166 Schreiben kostet mich noch
4155 3016 5291 3251 grösste Mühe.
4187 3238 6625 3469 Ich freue mich masslos, Dich u. Euch
4233 3479 6805 3662 bald zu sehen. Den Som[m]er werde ich
4311 3590 6877 3854 brav meiner seriösen Gesundung
4406 3747 6798 4021 widmen müssen — dass Eri, u.
4302 3874 6759 4207 hoffentlich auch Du, in Sils mit
4393 4060 6740 4341 mir sein werdet –, ist schön u.
4351 4243 6655 4442 versprechend. Ich rufe Dich also
3844 648 4063 4440 demnächst – Mittwoch oder Don[n]erstag, von Bocken an,
3833 704 3945 3207 (werde aber noch VIEL liegen müssen)
3593 1331 3751 4275 u. bin indessen in alter u. auch dankbarer
3501 1392 3592 2925 tendresse die Eure Miro
