2310 2935
1165 328 1751 455 Bocken, 14 Avril
413 639 1048 787 Mon cher Claude
372 738 1952 900 en réfléchissant à ce que tu me dis sur
367 851 2091 1025 l’ascétisme en rapport à ce que tu appelles
376 985 704 1096 "Spirit" :
265 1066 2114 1244 1) La faculté propre à "spérit", son rôle principal,
346 1188 2031 1338 presque l’essentiel de “espirit” et sa condition
355 1292 2063 1440 consiste justement à cette volonté de commettre
328 1380 2035 1562 un acte, donc à vaincre la matière, donc
358 1504 1008 1678 dans l’ascétisme.
323 1620 2134 1772 2) Dans ce cas-la, les personnages, qui mettent leur
332 1742 2003 1871 foi dans un mouvement fasciste (par exemple) –
348 1851 2141 1987 se servant de ce même ascétisme – se serve donc
328 1952 2116 2084 de la force essentielle de "spirit" – pour aboutir
325 2042 1758 2206 à un but essentiellement "anti-spirit".
335 2176 1200 2310 Comment est-ce possible?
351 2264 2151 2404 3) Oder ist "Spirit" nicht eine Kraft, (force motrice)
402 2363 2063 2513 nicht gleichbedeutend mit Askese – sondern
367 2476 2188 2610 ein Ziel, wie das anti-geistige Ziel des Faschismus?
378 284 1745 455 Du schreibst aber, im Widerspruch dazu:
378 423 1916 572 wir (les clercs) bedienen [untrestrichen]uns des "spirit'
245 516 1927 705 4) Jedenfalls: Asketismus, die Kraft, gegen die
380 646 1866 788 Trägheit der Materie anzugehen, ist nicht
383 754 2139 907 Selbstzweck – sondern soll uns fähig machen,
405 873 1346 1051 für die Ziele des "spirit."
349 973 2118 1164 Aber: ist "spirit" Selbstzweck? "Il faudrait une
353 1171 2033 1326 armée de Saints pour vaincre le "Hitlerisme"
353 1285 2166 1457 Veux-tu croire, que le Hitlérisme est essentielle¬
353 1396 2082 1551 ment "matérialisme"? Alors, ce serait logique,
376 1504 2067 1702 que par "spirit" on aurait la possibilité de le
398 1641 743 1772 combattre.
1297 1679 1648 1769 et meilleurs
374 1722 2098 1896 Mais, ce qui anime, en grande [et meilleurs] partie, le Hitlérisme,
378 1828 1682 2015 c'est un mysticisme inaccessible.
432 2024 2069 2188 Je comprends, d’une façon générale, et très
428 2159 1925 2299 spécialement en ce moment pour moi,
407 2272 2112 2420 la nécessité de l'acte : la volonté, propre à
414 2386 1923 2521 l'homme, à toi, à moi, – de vaincre la
441 2472 2085 2625 matière. So nehme ich mich jetzt zusamen, gegen
450 2596 1927 2731 eine allgemeine Depression, u. Negation –
1014 149 1098 297 – 2 –
485 375 2140 505 ohne dafür mehr als die "Notwendigkeit an sich"
507 468 869 589 einzusehen.
474 539 1969 741 C’est du courage pur – qui, du reste, me
490 713 1967 841 manque souvent. Mais je sais que, en
500 810 1787 940 s’efforçant d'être courageux, le
546 918 1183 1044 courage augmente.
318 1367 1813 1471 Je vais bien. J'ai trop peu de nouvelles de
334 1445 1908 1597 Margot, j'en souffre. Je partirai Mardi,
340 1545 2082 1701 Et toi Maman m’accompagnera jusqu à Trieste.
331 1657 1759 1822 23 Avril: Beyrouth, Hôtel St. Georges.
355 1891 641 1997 Et toi –
357 1928 1835 2103 Mille bons voeux, mon Claude. Mille choses
386 2119 747 2257 pour salce.
1252 2320 1601 2437 Anemarie
1116 1057 1330 1149 15.IV.35 15
792 1274 1654 1388 Monsieur Claude Bourdet
881 1387 1380 1483 47 Av. d'Iena
1169 1498 1379 1621 Paris
617 1576 845 1658 France
