5185 7308
497 281 4763 556 Kannst Du mir die Adresse von Teddy sagen, ich muss es versuchen
556 450 4372 736 ihn für Claude u. Persien zu gewinnen, ich habe es
545 593 2339 894 Claude so sehr zugesagt.
3673 1027 4493 1387 21. Dezember.
1064 1323 4795 1985 Mein lieber Klaus, eigentlich ist es nur, dass ich
1085 1540 4710 2080 nun, endlich doch, Dein Buch lese u. die kleine
1037 1694 4859 2308 Chinesin mit der deutschen Zunge, die grelle Ivonne,
1016 1937 4737 2435 die glasgrünen Nächte, Johannas Haarschopf u.
1011 2048 4769 2614 vor allem die düster-pfiffige Gestalt von Hansens
1006 2196 4784 2779 Mutter es mir abwechselnd antun – eine visionär-
1021 2445 4827 2980 gefährliche Erinnerung, was anderes ist ja unsere
979 2657 4859 3128 Schreibkunst meistens nicht – u. Dir, auf dem wetter¬
1006 2853 4948 3308 leuchtenden Hintergrund von dem wir uns damals
1016 3033 4880 3493 noch so harmlos entfernt hielten – gelingt es dies¬
1016 3197 4689 3652 mal, wie noch nie, u. eines Dichters würdig ...
1027 3377 4959 3811 Ich hoffe nun (schreib mir's gleich), in der Basler sei es
1064 3572 4964 4022 noch nicht gelobt werden, damit ich es tun darf.
1053 3758 4975 4192 Ja, u. dies ist doch nur der Vorwand zum Brief, den
1058 3943 4573 4356 ich Dir täglich u. nächtlich schreibe u. verschweige,
1021 4149 4721 4552 Klaus – ein Brief wird nun wieder so wichtig, so
1053 4319 4964 4806 werbend u. brückenbauend, so traurige Ausflucht –
1053 4504 4811 4901 weil ich dieser Tren[n]ung von Erika, jeder Trennung von
1048 4663 4991 5155 ihr, doch einfach nicht gewachsen bin. Und nun
1069 4901 4948 5340 schreib ich an Dich, fast wie die Fürstin es tut,
1053 5091 4885 5494 die mir übrigens mit Telefonen u. Telegram[m]en u.
1085 5330 5001 5838 einer angenehm dunklen u. unzurechnungsfähigen
1058 5509 4943 5949 Stimme viel Trost bereitet. Auch nach Sils will
1090 5679 4668 6145 sie kom[m]en, wohin nun wohl der L. [Landshoff?] vorläufig
1106 5912 4769 6245 nicht kom[m]t – Sinnloses kleines Berg-Exil ...
1117 6097 4694 6430 aber doch möcht' ich, ich wäre schon dort, u.
1122 6325 4599 6621 allein. Hier ist's so mühsam u. leidvoll
1201 6536 4922 6896 von allen Seiten. Und mein Bruder, der Hasi,
1030 622 4598 894 der sich tapfer, freundlich in ordentlich stellt,
1040 724 4617 1074 nen[n]t es einen faulen Frieden. Gut daran ist
1030 953 4646 1157 höchstens bloss, dass meine Mutter es nun weiss
1079 1142 4641 1390 u. es erträgt, dass ich ganz offen all meine
1059 1317 4704 1618 bitteren Anklagen vortrage, die Tanten respektlos
1128 1531 4646 1730 nicht schone, die Vettern blosstelle – Sie las
1103 1706 4704 1978 gestern, was ich druckreif habe: alle Vorgänge,
1128 1852 4972 2187 die polizeilich u. privat vernom[m]enen, zusam[m]en¬
1147 2134 4986 2381 gefasst u. heftig zur Anklage gegen alle gewendet.
1137 2255 4656 2532 Sie waren ja, die durch u. durch pharisäisch
1157 2440 4957 2756 Beunruhigten [add beside line: Des Onkels u. der Familie wegen beunruhigt!], gar nicht mal auf den Gedanken
1132 2673 5040 2950 gekom[m]en, wem nun eigentlich Abbruch u. Unrecht
1162 2906 5020 3169 geschehen sei! E. hingegen sollte nur zugeben, (und
1186 3072 4962 3368 nur mir) dass meine Familie, so wie sie damals
1181 3266 4884 3553 in Sorge schwebte um jenen Onkel Oberst, doch
1181 3441 4763 3703 jeden Skandal fürchtete u. auch über den
1191 3660 5030 3975 in der Mühle nur verzweifelt sein konnte – angerichtet
1128 3859 4811 4155 hat sie ihn nicht. Allerdings, das entschuldigt ja
1181 4010 5001 4330 nicht die vielen Fronten- u. Hass-Konstellationen,
1137 4287 4991 4559 entschuldigt nicht die Leichtfertigkeit mit der sie
1181 4413 4909 4700 alle einstim[m]ten, Eri sei es gewesen, u. die Ein¬
1196 4690 4870 4923 mischung gegen sie –; u., dass sie sich gegen mich
1210 4845 4724 5137 keinerlei Loyalität schuldig glaubten, fällt
1215 4991 4651 5307 vielleicht auf mich, dass sie sich gegen Eri
1205 5181 4913 5497 nicht benahmen, wie es unter unbescholtenen
1244 5390 4884 5754 Leuten üblich ist, ganz allein auf sie. Mama
1268 5594 4875 5954 weiss das wohl, u. merkt viel früher als die
1264 5803 4549 6124 Anderen, : ich tu nicht mehr mit, u. die
1259 6002 4758 6376 Tren[n]ung ist mehr als Sils u. die Heirat
1249 6303 4899 6639 u. Solidarität mit Euch. Ich glaube, sie ist nicht
1234 6435 4841 6838 fröhlich darüber. Die Anderen sind erstaunt,
1210 6639 4816 7066 dass ich es nicht mit ein wenig Traurigkeit
1109 603 4871 993 abtue. Ich zwinge sie, die ekelhaften Auschuldigungen
1128 873 4900 1201 zu lesen, schreibe laut, sage es dem Polizeiinspektor
1157 1027 4745 1355 u. der Waserin [Maria Waser - interessant, dass sie hier eine Bezeichnung verwendet, die Waser für die Figur ihres Erfolgromans "Anna Waser" verwendet hat], schreibe an die Basler, auch
1085 1297 4953 1587 ganz laut, rufe die Redaktionen an u. sage wohin
1157 1442 4851 1755 ich gehöre (Wen[n] der Kleiber meinen Artikel und
1104 1635 1669 1866 druckt —)
1037 1866 4798 2223 So sehr niedergedrückt bin ich nur, weil ich weiss wie
1104 2088 4904 2373 wenig es der Eri nützt. Ob ihr überhaupt was an
1090 2242 4890 2575 meinem neuen Mute liegt? Und dan[n] verliere ich
1066 2349 4847 2725 alle Lust, aber auch gleich alle, u. näher mich
1100 2614 4866 2913 so mit Thunfisch, dass es mit Brechen, wachen
1206 2778 4765 3082 Nächten, gelähmter Schwäche ganz übel um
1186 2951 4721 3284 mich bestellt ist. Ich frage, zu was das alles –
1167 3178 3043 3448 wen[n] es nicht dazu dient ...
1090 3390 4933 3728 Du, Klaus Heinrich, weisst es doch, dass man nicht
1133 3569 5001 3921 ohne Eri auskom[m]t. Ich wüsste es auch, im[m]er schon –
1100 3718 4750 4089 Aber jetzt, ich habe sie gefragt ob sie nach Sils kom[m]t
1090 3911 4678 4200 u. werde ihr sanftes Nein nie wieder vergessen.
1080 4085 4442 4388 Ich hatte so gehofft, im grossen, einsamen
1128 4263 4967 4601 Persischen, es würde mir gerade noch erspart, den
1177 4461 4813 4842 Bruch aufzuzeigen. Vielleicht ist's recht, dass
1138 4668 4991 5011 es mir nicht erspart wurde. Siehst Du, da ist, in
1167 4890 4895 5199 all den Akten, soviel gleichgültige Unloyalität,
1186 5049 4668 5392 soviel Grundfremdes in dem was sie taten* [add beside line: *die von der Familie halt],
1177 5247 4822 5609 selbst oder gerade weil es ihnen nicht einmal
1201 5502 4678 5748 auffiel, wie das gegen mich gehandelt war –
1210 5695 4851 5994 so viel, dass die Tren[n]ung einfach Tatsache ist
1278 5903 4890 6216 u. von mir nicht einmal erkämpft werden muss.
1239 6096 4933 6520 Es ist mir ganz natürlich, es ihnen deutlich
1307 6313 4620 6602 kund zu tun. Aber, was so absurd u. so
1268 6486 4774 6853 schmerzhaft ist: Ich bin nun doch zu Hause,
1105 659 4228 1005 doch um diese u. jene Bereinigung bemüht,
1123 900 4137 1187 u. äusserlich gerade jetzt von Euch getren[n]t
1082 1118 4323 1382 – vielleicht spornt es mich an, hält mich
1127 1277 4651 1637 wach, u. macht alles sauberer u. deutlicher,
1123 1468 4419 1741 auch fällt dann kein Schatten mehr von mir
1173 1700 4474 1959 auf Eri, was sie doch einfach richt mehr
1168 1841 4383 2109 haben kann – In 14 Tagen bin [added above line: ich] auch in Sils,
1187 2078 4633 2328 u. vielleicht lässt sich's mit Arbeiten erweisen
1200 2273 3551 2510 dass es mir diesmal ernst ist –
1155 2437 4514 2728 Siehst Du, ich bin ganz Optimist, auch bloss,
1182 2678 4592 2878 weil u. während ich Dir schreibe. Nachher
1209 2873 4642 3060 ist es damit wieder ganz aus. Und wen[n] ich
1259 3060 4123 3332 mich früher entschiedener gezeigt hätte –?
1214 3269 4701 3542 Es ist ziemlich schwer für mich, mit den Nerven
1227 3428 4878 3728 steht es nun auch so, dass ich leicht in Tränen
1209 3651 4724 3919 ausbreche wen[n] ich etwas darlegen soll, auch
1268 3832 4783 4133 wen[n] ich allein bin, wen[n] der Thunfisch nicht
1296 4060 4687 4273 vorhält u. Hunger sich meldet. Ich möchte
1314 4251 4883 4583 um alles nicht, Klaus – dass diese sonderbare
1328 4442 4828 4774 Interimszeit, verbunden mit der geliebten
1378 4651 4960 4996 Person jenes Knaben Claude, doch eine Art
1368 4878 4878 5224 von Entfremdung bewirkte – ich könnte es
1432 5105 4833 5465 wirklich nicht ertragen, es ist schon jetzt so
1409 5369 4878 5701 grauenhaft, u. weder die freundliche kleine
1496 5556 4583 5892 Seele Maude, noch der ganze Claude,
1468 5769 4514 6151 können daran, an der plötzlichen,
1528 6033 4510 6424 viel zu grossen, viel zur sinnlosen
1482 6274 3919 6678 Verlassenheit etwas ändern.–
958 666 4218 1062 Adieu Klaus – der Brief soll doch vielleicht
971 953 4157 1288 fort – Enthält er die Festtagsgrüsse, die
992 1101 4178 1484 Wünsche? Eri sagte mir dass Du den
1045 1328 4131 1671 Teufel los hast u. keinen Pass, das
1027 1571 4527 1898 ist ekelhaft, u. wenn ich Claude geheiratet
1066 1789 4265 2159 habe, muss er Dir einen französischen
1106 2011 4300 2298 verschaffen. Bitte, schicke mir doch gleich
1106 2268 4514 2555 die Novellen, u. mein Buch (das Deine, mir
1123 2420 4313 2742 zugedachte), – magst Du dann nicht eine
1114 2681 4226 2912 der Novellen doch drucken, eben als
1171 2868 4466 3212 "Schweizer Beitrag"? Nächste Woche schicke
1206 3077 4448 3347 ich auch endlich die 50 frs. für mein
1127 3369 4431 3565 Abon[n]ement, u. Du mir alle Num[m]ern seit
1171 3534 4588 3869 September, nicht wahr? Schreib ferner ob ich
1219 3765 4670 4104 eine Besprechung von Flucht schreiben darf,
1240 3974 3935 4261 u. wie Dir das Reisebuch [Winter in Vorderasien] gefällt.
1171 4191 4574 4496 Adieu, leb wohl – ich wag es kaum, mich
1219 4348 3791 4662 von dem Brief zu trennen. Voller
1188 4579 2829 4853 Anhänglichkeit doch:
2960 4844 3386 5201 Miro
346 90 1139 335 2 tag [?] Nachts.
655 208 4694 522 – Ja, nun habe ich soeben die letzten Seiten gelesen. Klaus –
671 468 4742 676 ich habe dazwischen wohl ein bischen geschlafen, wie
703 623 4961 985 mir das jetzt oft passiert – u. über einem Satz habe ich betroffen
724 761 4737 1107 Halt gemacht. Er lautet: Es ist entsetzlich, wenn man
697 931 3327 1176 schliesslich bekom[m]t was man will –
612 1091 3348 1363 (– Ob ich jetzt bekom[m]e, was ich will?)
687 1283 4966 1490 Es könnte ja sein, dass es nur gut war, so lange zu warten, es
724 1426 4939 1650 nicht brüsk herbeizuführen, sondern es reifen zu lassen
671 1586 4929 1826 für mich, ganz persönlich, wäre dan[n] der Entschluss, Claude
671 1703 4684 1948 zu heiraten, fast gleich an Bedeutung, mit dem
713 1874 4833 2086 Fronten-Skandal – Aber, ich weiss nicht ob man es so
724 2054 4817 2262 ansehen kann, weil ja doch E. u. den Kindern zu viel
740 2209 4923 2438 angetan wurde, u. das andere daneben gar nicht mehr zur
676 2374 4694 2645 Geltung, nicht mehr zur Wirkung kom[m]t – dann wäre es
692 2512 4790 2826 doch zu spät u. Du weisst, mich kann nichts freuen,
772 2677 4801 2917 nichts stärken, nichts sicher machen, wen[n] es nicht
729 2837 4881 3135 E.s Zustimmung hat. Und jetzt kom[m]t ja ihre Stimme
788 3039 4934 3321 gar nicht zu mir, u. man weiss nicht ob ich es nicht
836 3178 4482 3438 zu spät werden liess, in Persien. Das ist das
814 3348 4817 3571 Fürchterliche — an das zu denken ich mich mit allen
836 3539 4812 3880 schlechten Mitteln hindere. Gute Nacht, lieber Klaus –
963 3742 1299 4045 P. S.
953 3955 4269 4418 warum hast Du an Karin soviel Liebe
979 4237 4242 4604 gewandt? Ich war – Du kannst es Dir
1017 4402 4093 4843 leicht denken – schmerzlich gerührt
1080 4657 4338 5046 über den Abend in der Stadtwohnung
1075 4817 2640 5168 in Helsingfors ...
