<?xml version="1.0" encoding="UTF-8"?>
<validation-wrapper>
   <PcGts xmlns="http://schema.primaresearch.org/PAGE/gts/pagecontent/2013-07-15">
      <Metadata>
         <Creator>prov=READ-COOP:name=TrHtr:version=2.20.0:model_id=51170:date=07_02_2025_16:53</Creator>
         <Created>2025-02-07T16:50:21.790+01:00</Created>
         <LastChange>2026-01-08T09:27:34.858+01:00</LastChange>
         <TranskribusMetadata docId="6766583"
                              pageId="91184585"
                              pageNr="1"
                              status="IN_PROGRESS"
                              userId="295818"
                              imgUrl="https://files.transkribus.eu/Get?fileType=view&amp;id=RTIKEEWFZRNCTRJVZBXPFOLJ"
                              imageId="76073490"/>
      </Metadata>
      <Page imageFilename="letter_0262_001.jpg"
            imageWidth="4012"
            imageHeight="4454">
         <TextRegion id="tr_3" custom="readingOrder {index:0;}">
            <Coords points="1307,347 2868,347 2868,959 1307,959"/>
            <TextLine id="tr_3_tl_1" custom="readingOrder {index:0;}">
               <Coords points="1357,412 1458,449 1972,405 2152,467 2243,416 2659,405 2659,300 2138,340 1957,275 1472,297 1360,264"/>
               <Baseline points="1376,405 1415,405 1459,405 1504,405 1549,405 1594,405 1638,405 1683,405 1728,403 1773,403 1818,403 1862,405 1907,403 1952,403 1997,403 2041,403 2086,400 2131,400 2176,403 2221,400 2265,400 2310,400 2355,400 2400,400 2444,400 2489,397 2534,397 2579,397 2624,397 2668,400"/>
               <TextEquiv>
                  <Unicode>VESPER-COUNTRY CLUB</Unicode>
               </TextEquiv>
            </TextLine>
            <TextLine id="tr_3_tl_2" custom="readingOrder {index:1;}">
               <Coords points="1288,564 2681,561 2717,557 2720,467 2333,481 1964,427 1754,496 1581,449 1382,481 1291,427"/>
               <Baseline points="1307,546 1340,546 1385,546 1429,543 1474,540 1519,540 1564,543 1609,543 1653,543 1698,543 1743,543 1788,543 1832,543 1877,543 1922,540 1967,540 2012,540 2056,540 2101,537 2146,537 2191,537 2235,537 2280,534 2325,534 2370,534 2415,537 2459,534 2504,534 2549,531 2594,531 2638,531 2683,531 2728,534"/>
               <TextEquiv>
                  <Unicode>LOWELL. MASSACHUSETTS</Unicode>
               </TextEquiv>
            </TextLine>
            <TextLine id="tr_3_tl_3" custom="readingOrder {index:2;}">
               <Coords points="1530,695 1682,662 1787,716 1845,662 1935,695 2156,651 2301,724 2485,680 2485,572 2170,572 2113,604 1968,564 1885,604 1830,572 1747,597 1617,553 1530,568"/>
               <Baseline points="1549,644 1594,644 1638,647 1683,647 1728,647 1773,644 1818,644 1862,644 1907,644 1952,644 1997,641 2041,647 2086,647 2131,641 2176,638 2221,641 2265,641 2310,638 2355,638 2400,635 2444,638 2489,635"/>
               <TextEquiv>
                  <Unicode>R. F. D. 2 Box 71</Unicode>
               </TextEquiv>
            </TextLine>
            <TextLine id="tr_3_tl_4" custom="readingOrder {index:3;}">
               <Coords points="2098,988 2149,1002 2199,959 2308,977 2377,933 2579,944 2615,977 2728,944 2789,977 2858,955 2851,752 2757,807 2702,789 2612,850 2496,789 2250,854 2091,792"/>
               <Baseline points="2116,928 2161,931 2206,931 2250,931 2295,934 2340,934 2385,931 2429,931 2474,934 2519,940 2564,943 2609,946 2653,946 2698,949 2743,949 2788,949 2833,946 2868,949"/>
               <TextEquiv>
                  <Unicode>21. Juni 1940</Unicode>
               </TextEquiv>
            </TextLine>
         </TextRegion>
         <TextRegion id="r" custom="readingOrder {index:1;}">
            <Coords points="880,2953 886,1218 3815,1218 3815,2917 3776,4111 880,4111"/>
            <TextLine id="tr_1_tl_1" custom="readingOrder {index:0;}">
               <Coords points="995,1299 3762,1306 3762,1136 3451,1197 3006,1121 2395,1194 1480,1140 1107,1212 995,1143"/>
               <Baseline points="1014,1271 1059,1271 1104,1271 1149,1271 1194,1271 1238,1271 1283,1271 1328,1274 1373,1271 1417,1268 1462,1268 1507,1268 1552,1268 1597,1271 1641,1274 1686,1274 1731,1277 1776,1274 1821,1274 1865,1277 1910,1277 1955,1274 2000,1274 2044,1274 2089,1274 2134,1274 2179,1271 2224,1271 2268,1268 2313,1268 2358,1268 2403,1271 2447,1271 2492,1268 2537,1271 2582,1271 2627,1271 2671,1271 2716,1271 2761,1271 2806,1271 2850,1271 2895,1271 2940,1271 2985,1271 3030,1271 3074,1271 3119,1271 3164,1271 3209,1271 3253,1271 3298,1271 3343,1271 3388,1274 3433,1274 3477,1274 3522,1271 3567,1271 3612,1271 3656,1274 3701,1274 3746,1280 3773,1286"/>
               <TextEquiv>
                  <Unicode>\p\Mein lieber K., wie ist es denn bloss möglich,</Unicode>
               </TextEquiv>
            </TextLine>
            <TextLine id="tr_1_tl_2" custom="readingOrder {index:1;}">
               <Coords points="883,1400 3665,1400 3665,1277 1631,1320 883,1248"/>
               <Baseline points="904,1379 949,1379 994,1379 1038,1379 1083,1382 1128,1382 1173,1379 1217,1379 1262,1379 1307,1379 1352,1376 1397,1379 1441,1379 1486,1379 1531,1379 1576,1382 1620,1379 1665,1382 1710,1379 1755,1379 1800,1379 1844,1379 1889,1382 1934,1379 1979,1379 2024,1379 2068,1379 2113,1376 2158,1379 2203,1379 2247,1379 2292,1376 2337,1379 2382,1376 2427,1376 2471,1376 2516,1379 2561,1379 2606,1376 2650,1379 2695,1379 2740,1379 2785,1379 2830,1379 2874,1379 2919,1379 2964,1379 3009,1376 3053,1379 3098,1379 3143,1379 3188,1376 3233,1376 3277,1376 3322,1379 3367,1376 3412,1376 3456,1376 3501,1379 3546,1379 3591,1379 3636,1376 3671,1379"/>
               <TextEquiv>
                  <Unicode>die Tage neigen sich schon wieder dem Weekend</Unicode>
               </TextEquiv>
            </TextLine>
            <TextLine id="tr_1_tl_3" custom="readingOrder {index:2;}">
               <Coords points="875,1516 3592,1530 3592,1393 875,1414"/>
               <Baseline points="895,1489 940,1489 985,1489 1029,1489 1074,1489 1119,1489 1164,1486 1209,1489 1253,1486 1298,1489 1343,1489 1388,1486 1432,1486 1477,1489 1522,1489 1567,1489 1612,1486 1656,1486 1701,1486 1746,1486 1791,1486 1835,1486 1880,1486 1925,1486 1970,1489 2015,1489 2059,1489 2104,1489 2149,1489 2194,1486 2238,1486 2283,1489 2328,1489 2373,1489 2418,1489 2462,1489 2507,1486 2552,1486 2597,1486 2641,1489 2686,1489 2731,1489 2776,1486 2821,1489 2865,1489 2910,1492 2955,1492 3000,1489 3044,1489 3089,1489 3134,1486 3179,1486 3224,1489 3268,1489 3313,1489 3358,1492 3403,1492 3447,1486 3492,1486 3537,1489 3582,1492 3600,1492"/>
               <TextEquiv>
                  <Unicode>zu, das Du doch wohl in Princeton verbringst, –</Unicode>
               </TextEquiv>
            </TextLine>
            <TextLine id="tr_1_tl_4" custom="readingOrder {index:3;}">
               <Coords points="894,1621 3585,1606 3585,1530 894,1534"/>
               <Baseline points="913,1597 958,1594 1003,1594 1047,1594 1092,1594 1137,1597 1182,1597 1226,1597 1271,1597 1316,1600 1361,1597 1406,1597 1450,1597 1495,1594 1540,1597 1585,1597 1629,1597 1674,1597 1719,1597 1764,1597 1809,1594 1853,1597 1898,1597 1943,1597 1988,1597 2032,1597 2077,1597 2122,1597 2167,1594 2212,1597 2256,1597 2301,1594 2346,1597 2391,1594 2435,1594 2480,1594 2525,1594 2570,1594 2615,1597 2659,1594 2704,1597 2749,1597 2794,1594 2838,1594 2883,1597 2928,1597 2973,1597 3018,1597 3062,1597 3107,1597 3152,1597 3197,1597 3241,1597 3286,1597 3331,1594 3376,1594 3421,1591 3465,1591 3510,1594 3555,1594 3594,1597"/>
               <TextEquiv>
                  <Unicode>sodass ich, will ich Eri und Dich sehen, bevor</Unicode>
               </TextEquiv>
            </TextLine>
            <TextLine id="tr_1_tl_5" custom="readingOrder {index:4;}">
               <Coords points="886,1726 3542,1715 3411,1599 886,1621"/>
               <Baseline points="907,1701 952,1701 997,1698 1041,1701 1086,1701 1131,1707 1176,1701 1220,1701 1265,1701 1310,1701 1355,1701 1400,1698 1444,1701 1489,1701 1534,1701 1579,1701 1623,1701 1668,1701 1713,1704 1758,1704 1803,1704 1847,1704 1892,1704 1937,1701 1982,1701 2026,1698 2071,1698 2116,1698 2161,1701 2206,1701 2250,1704 2295,1701 2340,1704 2385,1701 2429,1704 2474,1704 2519,1701 2564,1701 2609,1701 2653,1701 2698,1701 2743,1701 2788,1704 2833,1704 2877,1704 2922,1701 2967,1701 3012,1701 3056,1701 3101,1701 3146,1701 3191,1701 3236,1701 3280,1701 3325,1701 3370,1701 3415,1698 3459,1698 3504,1701 3546,1704"/>
               <TextEquiv>
                  <Unicode>Ihr gen Westen fahrt, am besten wohl nächste</Unicode>
               </TextEquiv>
            </TextLine>
            <TextLine id="tr_1_tl_6" custom="readingOrder {index:5;}">
               <Coords points="890,1838 3628,1838 3560,1718 890,1726"/>
               <Baseline points="910,1809 955,1809 1000,1809 1044,1812 1089,1812 1134,1812 1179,1812 1223,1815 1268,1818 1313,1812 1358,1809 1403,1809 1447,1812 1492,1812 1537,1812 1582,1815 1626,1815 1671,1815 1716,1818 1761,1818 1806,1812 1850,1812 1895,1812 1940,1809 1985,1809 2029,1809 2074,1809 2119,1812 2164,1812 2209,1812 2253,1812 2298,1812 2343,1812 2388,1815 2432,1812 2477,1812 2522,1812 2567,1812 2612,1812 2656,1812 2701,1812 2746,1809 2791,1809 2835,1809 2880,1812 2925,1812 2970,1815 3015,1812 3059,1812 3104,1812 3149,1812 3194,1812 3239,1812 3283,1815 3328,1812 3373,1812 3418,1812 3462,1812 3507,1812 3552,1812 3597,1815 3636,1815"/>
               <TextEquiv>
                  <Unicode>Woche, – Anfang oder Mitte, nach New York komme.</Unicode>
               </TextEquiv>
            </TextLine>
            <TextLine id="tr_1_tl_7" custom="readingOrder {index:6;}">
               <Coords points="937,1943 3809,1943 3809,1838 937,1820"/>
               <Baseline points="958,1919 1003,1919 1047,1919 1092,1919 1137,1919 1182,1919 1226,1919 1271,1919 1316,1922 1361,1922 1406,1922 1450,1922 1495,1922 1540,1922 1585,1925 1629,1922 1674,1922 1719,1922 1764,1922 1809,1922 1853,1922 1898,1925 1943,1922 1988,1922 2032,1919 2077,1919 2122,1922 2167,1922 2212,1922 2256,1919 2301,1922 2346,1922 2391,1925 2435,1922 2480,1919 2525,1916 2570,1916 2615,1919 2659,1922 2704,1919 2749,1919 2794,1919 2838,1922 2883,1922 2928,1925 2973,1925 3018,1922 3062,1925 3107,1922 3152,1919 3197,1922 3241,1925 3286,1925 3331,1922 3376,1922 3421,1922 3465,1919 3510,1922 3555,1922 3600,1922 3644,1919 3689,1922 3734,1922 3779,1922 3815,1925"/>
               <TextEquiv>
                  <Unicode>Allerdings käme ich nur für wenige Tage, aber es</Unicode>
               </TextEquiv>
            </TextLine>
            <TextLine id="tr_1_tl_8" custom="readingOrder {index:7;}">
               <Coords points="875,2040 1776,2102 3712,2048 3712,1968 3574,1943 2767,2008 2525,1932 875,1925"/>
               <Baseline points="895,2026 940,2029 985,2029 1029,2029 1074,2029 1119,2032 1164,2029 1209,2032 1253,2032 1298,2032 1343,2032 1388,2032 1432,2032 1477,2032 1522,2032 1567,2032 1612,2029 1656,2032 1701,2032 1746,2032 1791,2032 1835,2035 1880,2035 1925,2035 1970,2032 2015,2032 2059,2032 2104,2035 2149,2035 2194,2035 2238,2035 2283,2038 2328,2035 2373,2035 2418,2035 2462,2035 2507,2032 2552,2032 2597,2032 2641,2035 2686,2035 2731,2032 2776,2035 2821,2035 2865,2035 2910,2035 2955,2032 3000,2035 3044,2035 3089,2035 3134,2032 3179,2032 3224,2035 3268,2035 3313,2035 3358,2035 3403,2035 3447,2032 3492,2038 3537,2035 3582,2035 3627,2035 3671,2035 3716,2041 3719,2038"/>
               <TextEquiv>
                  <Unicode>würde sich doch lohnen, um noch einmal über die</Unicode>
               </TextEquiv>
            </TextLine>
            <TextLine id="tr_1_tl_9" custom="readingOrder {index:8;}">
               <Coords points="875,2134 3766,2170 3683,2062 875,2044"/>
               <Baseline points="895,2134 940,2134 985,2137 1029,2140 1074,2140 1119,2140 1164,2140 1209,2140 1253,2140 1298,2140 1343,2140 1388,2140 1432,2140 1477,2140 1522,2140 1567,2140 1612,2143 1656,2140 1701,2140 1746,2143 1791,2143 1835,2143 1880,2143 1925,2143 1970,2143 2015,2143 2059,2143 2104,2143 2149,2143 2194,2146 2238,2146 2283,2143 2328,2146 2373,2146 2418,2143 2462,2146 2507,2143 2552,2143 2597,2146 2641,2143 2686,2143 2731,2143 2776,2143 2821,2143 2865,2143 2910,2143 2955,2146 3000,2143 3044,2146 3089,2146 3134,2146 3179,2146 3224,2149 3268,2146 3313,2146 3358,2146 3403,2146 3447,2143 3492,2146 3537,2146 3582,2146 3627,2146 3671,2146 3716,2143 3761,2149 3770,2146"/>
               <TextEquiv>
                  <Unicode>Zeitschrift zu sprechen, und die einen oder ande¬</Unicode>
               </TextEquiv>
            </TextLine>
            <TextLine id="tr_1_tl_10" custom="readingOrder {index:9;}">
               <Coords points="872,2261 3484,2283 3444,2185 2829,2145 872,2185"/>
               <Baseline points="892,2250 937,2247 982,2247 1026,2250 1071,2250 1116,2247 1161,2250 1206,2247 1250,2247 1295,2247 1340,2247 1385,2250 1429,2250 1474,2250 1519,2250 1564,2250 1609,2253 1653,2250 1698,2250 1743,2250 1788,2250 1832,2250 1877,2250 1922,2250 1967,2253 2012,2253 2056,2253 2101,2253 2146,2253 2191,2253 2235,2253 2280,2256 2325,2256 2370,2253 2415,2253 2459,2253 2504,2253 2549,2253 2594,2256 2638,2256 2683,2256 2728,2256 2773,2256 2818,2259 2862,2256 2907,2256 2952,2256 2997,2259 3041,2256 3086,2253 3131,2253 3176,2253 3221,2253 3265,2256 3310,2256 3355,2256 3400,2256 3444,2256 3489,2259 3492,2259"/>
               <TextEquiv>
                  <Unicode>ren Besuche zusammen zu machen. Wir wüssten</Unicode>
               </TextEquiv>
            </TextLine>
            <TextLine id="tr_1_tl_11" custom="readingOrder {index:10;}">
               <Coords points="879,2373 3704,2395 3704,2290 3556,2279 879,2293"/>
               <Baseline points="898,2361 943,2358 988,2358 1032,2358 1077,2358 1122,2358 1167,2358 1212,2358 1256,2355 1301,2355 1346,2355 1391,2358 1435,2358 1480,2361 1525,2361 1570,2361 1615,2361 1659,2358 1704,2358 1749,2361 1794,2361 1838,2361 1883,2364 1928,2364 1973,2364 2018,2364 2062,2364 2107,2361 2152,2361 2197,2361 2241,2364 2286,2361 2331,2361 2376,2361 2421,2361 2465,2361 2510,2361 2555,2364 2600,2364 2644,2364 2689,2364 2734,2364 2779,2364 2824,2364 2868,2364 2913,2364 2958,2361 3003,2361 3047,2361 3092,2361 3137,2364 3182,2367 3227,2364 3271,2361 3316,2361 3361,2364 3406,2364 3450,2364 3495,2364 3540,2364 3585,2367 3630,2367 3674,2367 3713,2370"/>
               <TextEquiv>
                  <Unicode>dann etwas genauer, ob Chancen da sind to raise</Unicode>
               </TextEquiv>
            </TextLine>
            <TextLine id="tr_1_tl_12" custom="readingOrder {index:11;}">
               <Coords points="883,2464 3527,2514 3614,2503 3614,2388 879,2373"/>
               <Baseline points="901,2462 946,2462 991,2462 1035,2465 1080,2465 1125,2465 1170,2462 1214,2462 1259,2462 1304,2462 1349,2462 1394,2468 1438,2465 1483,2462 1528,2465 1573,2465 1618,2468 1662,2465 1707,2468 1752,2468 1797,2465 1841,2465 1886,2465 1931,2468 1976,2468 2021,2468 2065,2468 2110,2465 2155,2465 2200,2465 2244,2468 2289,2465 2334,2468 2379,2468 2424,2468 2468,2468 2513,2468 2558,2468 2603,2474 2647,2471 2692,2465 2737,2468 2782,2468 2827,2468 2871,2471 2916,2471 2961,2468 3006,2471 3050,2471 3095,2468 3140,2468 3185,2468 3230,2468 3274,2468 3319,2471 3364,2471 3409,2471 3453,2474 3498,2474 3543,2474 3588,2480 3624,2480"/>
               <TextEquiv>
                  <Unicode>the money. Der Plan beschäftigt mich durchaus,</Unicode>
               </TextEquiv>
            </TextLine>
            <TextLine id="tr_1_tl_13" custom="readingOrder {index:12;}">
               <Coords points="883,2605 3603,2597 3603,2500 883,2503"/>
               <Baseline points="901,2570 946,2567 991,2567 1035,2570 1080,2570 1125,2570 1170,2573 1214,2573 1259,2570 1304,2570 1349,2573 1394,2573 1438,2573 1483,2573 1528,2573 1573,2573 1618,2573 1662,2573 1707,2573 1752,2573 1797,2573 1841,2573 1886,2576 1931,2576 1976,2573 2021,2573 2065,2576 2110,2576 2155,2576 2200,2576 2244,2576 2289,2576 2334,2576 2379,2573 2424,2576 2468,2579 2513,2579 2558,2579 2603,2579 2647,2579 2692,2579 2737,2576 2782,2576 2827,2576 2871,2579 2916,2576 2961,2576 3006,2576 3050,2576 3095,2573 3140,2576 3185,2579 3230,2576 3274,2576 3319,2579 3364,2579 3409,2579 3453,2576 3498,2576 3543,2576 3588,2576 3612,2573"/>
               <TextEquiv>
                  <Unicode>weil es an der Zeit ist, unsere Kräfte zu sam¬</Unicode>
               </TextEquiv>
            </TextLine>
            <TextLine id="tr_1_tl_14" custom="readingOrder {index:13;}">
               <Coords points="865,2691 3639,2713 3639,2623 3267,2583 865,2594"/>
               <Baseline points="886,2674 931,2677 976,2677 1020,2680 1065,2680 1110,2680 1155,2680 1200,2680 1244,2680 1289,2680 1334,2680 1379,2677 1423,2677 1468,2677 1513,2677 1558,2677 1603,2680 1647,2680 1692,2680 1737,2683 1782,2683 1826,2683 1871,2683 1916,2686 1961,2686 2006,2689 2050,2686 2095,2686 2140,2683 2185,2680 2229,2683 2274,2683 2319,2686 2364,2686 2409,2683 2453,2683 2498,2686 2543,2686 2588,2683 2632,2686 2677,2683 2722,2683 2767,2683 2812,2683 2856,2683 2901,2683 2946,2683 2991,2683 3036,2686 3080,2686 3125,2689 3170,2686 3215,2686 3259,2686 3304,2686 3349,2686 3394,2686 3439,2689 3483,2686 3528,2686 3573,2686 3618,2686 3650,2686"/>
               <TextEquiv>
                  <Unicode>meln, so wie es 1933 in Amsterdam der Fall war.</Unicode>
               </TextEquiv>
            </TextLine>
            <TextLine id="tr_1_tl_15" custom="readingOrder {index:14;}">
               <Coords points="879,2836 3643,2836 3643,2710 2984,2699 2811,2771 2659,2691 879,2695"/>
               <Baseline points="898,2782 943,2782 988,2785 1032,2788 1077,2788 1122,2788 1167,2788 1212,2788 1256,2788 1301,2788 1346,2785 1391,2788 1435,2788 1480,2788 1525,2788 1570,2791 1615,2791 1659,2791 1704,2791 1749,2791 1794,2791 1838,2791 1883,2791 1928,2788 1973,2791 2018,2791 2062,2791 2107,2791 2152,2788 2197,2791 2241,2794 2286,2794 2331,2794 2376,2794 2421,2794 2465,2794 2510,2794 2555,2794 2600,2794 2644,2794 2689,2794 2734,2794 2779,2794 2824,2797 2868,2797 2913,2797 2958,2794 3003,2794 3047,2794 3092,2797 3137,2794 3182,2794 3227,2794 3271,2797 3316,2797 3361,2797 3406,2797 3450,2797 3495,2794 3540,2797 3585,2797 3630,2797 3653,2800"/>
               <TextEquiv>
                  <Unicode>Damals warst Du für die Aufgabe geschickt, und</Unicode>
               </TextEquiv>
            </TextLine>
            <TextLine id="tr_1_tl_16" custom="readingOrder {index:15;}">
               <Coords points="872,2901 3538,2941 3513,2807 872,2822"/>
               <Baseline points="892,2895 937,2892 982,2892 1026,2895 1071,2895 1116,2895 1161,2895 1206,2892 1250,2895 1295,2892 1340,2895 1385,2895 1429,2898 1474,2895 1519,2898 1564,2898 1609,2898 1653,2898 1698,2901 1743,2904 1788,2904 1832,2901 1877,2898 1922,2901 1967,2898 2012,2898 2056,2898 2101,2898 2146,2898 2191,2898 2235,2898 2280,2901 2325,2901 2370,2901 2415,2904 2459,2901 2504,2901 2549,2904 2594,2904 2638,2904 2683,2904 2728,2904 2773,2904 2818,2904 2862,2904 2907,2904 2952,2904 2997,2904 3041,2904 3086,2904 3131,2904 3176,2904 3221,2904 3265,2904 3310,2904 3355,2901 3400,2904 3444,2901 3489,2901 3534,2904 3543,2907"/>
               <TextEquiv>
                  <Unicode>wirst es also jetzt wohl auch sein, zumal Du</Unicode>
               </TextEquiv>
            </TextLine>
            <TextLine id="tr_2_tl_1" custom="readingOrder {index:16;}">
               <Coords points="890,3024 3585,3024 3440,2916 890,2916"/>
               <Baseline points="910,3006 955,3003 1000,3006 1044,3006 1089,3006 1134,3006 1179,3006 1223,3006 1268,3006 1313,3006 1358,3006 1403,3006 1447,3006 1492,3006 1537,3009 1582,3009 1626,3012 1671,3009 1716,3009 1761,3009 1806,3009 1850,3009 1895,3009 1940,3009 1985,3009 2029,3009 2074,3009 2119,3009 2164,3009 2209,3012 2253,3009 2298,3009 2343,3012 2388,3012 2432,3012 2477,3009 2522,3009 2567,3009 2612,3012 2656,3012 2701,3012 2746,3012 2791,3009 2835,3009 2880,3015 2925,3015 2970,3015 3015,3015 3059,3012 3104,3012 3149,3012 3194,3012 3239,3012 3283,3012 3328,3012 3373,3015 3418,3012 3462,3012 3507,3012 3552,3012 3594,3018"/>
               <TextEquiv>
                  <Unicode>in Amerika schon sehr eingewöhnt und zuhause</Unicode>
               </TextEquiv>
            </TextLine>
            <TextLine id="tr_2_tl_2" custom="readingOrder {index:17;}">
               <Coords points="865,3118 3701,3151 3661,3039 865,3028"/>
               <Baseline points="886,3110 931,3110 976,3110 1020,3113 1065,3110 1110,3110 1155,3113 1200,3113 1244,3110 1289,3110 1334,3110 1379,3110 1423,3116 1468,3113 1513,3110 1558,3113 1603,3119 1647,3119 1692,3116 1737,3113 1782,3113 1826,3113 1871,3113 1916,3116 1961,3119 2006,3119 2050,3116 2095,3116 2140,3119 2185,3116 2229,3116 2274,3116 2319,3119 2364,3119 2409,3119 2453,3119 2498,3116 2543,3116 2588,3116 2632,3113 2677,3113 2722,3116 2767,3119 2812,3119 2856,3116 2901,3116 2946,3116 2991,3116 3036,3119 3080,3119 3125,3119 3170,3122 3215,3119 3259,3119 3304,3119 3349,3119 3394,3119 3439,3122 3483,3119 3528,3119 3573,3122 3618,3122 3662,3122 3707,3128 3710,3125"/>
               <TextEquiv>
                  <Unicode>bist, und es jetzt ja ausser Zweifel steht, dass</Unicode>
               </TextEquiv>
            </TextLine>
            <TextLine id="tr_2_tl_3" custom="readingOrder {index:18;}">
               <Coords points="879,3241 3762,3256 3762,3140 879,3140"/>
               <Baseline points="898,3218 943,3218 988,3218 1032,3218 1077,3218 1122,3221 1167,3218 1212,3218 1256,3218 1301,3215 1346,3215 1391,3215 1435,3215 1480,3218 1525,3218 1570,3221 1615,3221 1659,3221 1704,3218 1749,3218 1794,3221 1838,3221 1883,3224 1928,3221 1973,3221 2018,3224 2062,3224 2107,3224 2152,3224 2197,3224 2241,3224 2286,3224 2331,3227 2376,3224 2421,3224 2465,3224 2510,3224 2555,3230 2600,3224 2644,3221 2689,3224 2734,3224 2779,3227 2824,3227 2868,3227 2913,3227 2958,3227 3003,3224 3047,3227 3092,3227 3137,3227 3182,3227 3227,3227 3271,3227 3316,3224 3361,3227 3406,3227 3450,3227 3495,3227 3540,3227 3585,3227 3630,3227 3674,3230 3719,3230 3764,3233 3773,3233"/>
               <TextEquiv>
                  <Unicode>die Sammlung der Kräfte nur noch in diesem Land</Unicode>
               </TextEquiv>
            </TextLine>
            <TextLine id="tr_2_tl_4" custom="readingOrder {index:19;}">
               <Coords points="865,3328 1074,3364 1208,3328 1270,3375 1331,3332 1400,3368 1693,3332 1990,3357 1990,3241 1490,3241 1360,3285 1125,3230 865,3259"/>
               <Baseline points="883,3325 928,3325 973,3325 1017,3322 1062,3325 1107,3325 1152,3325 1197,3325 1241,3325 1286,3325 1331,3325 1376,3325 1420,3325 1465,3325 1510,3325 1555,3325 1600,3325 1644,3325 1689,3325 1734,3325 1779,3328 1823,3328 1868,3325 1913,3325 1958,3331 2000,3334"/>
               <TextEquiv>
                  <Unicode>möglich sein wird.\:p\</Unicode>
               </TextEquiv>
            </TextLine>
            <TextLine id="tr_2_tl_5" custom="readingOrder {index:20;}">
               <Coords points="868,3451 3639,3502 3639,3343 2901,3292 2536,3372 2261,3317 2123,3400 868,3335"/>
               <Baseline points="889,3433 934,3433 979,3433 1023,3433 1068,3433 1113,3436 1158,3436 1203,3436 1247,3436 1292,3436 1337,3436 1382,3436 1426,3433 1471,3436 1516,3441 1561,3436 1606,3436 1650,3433 1695,3436 1740,3436 1785,3436 1829,3436 1874,3436 1919,3439 1964,3439 2009,3439 2053,3439 2098,3439 2143,3441 2188,3436 2232,3439 2277,3439 2322,3439 2367,3439 2412,3439 2456,3439 2501,3439 2546,3439 2591,3439 2635,3439 2680,3439 2725,3439 2770,3441 2815,3441 2859,3441 2904,3441 2949,3441 2994,3441 3038,3441 3083,3441 3128,3441 3173,3444 3218,3444 3262,3441 3307,3441 3352,3441 3397,3441 3441,3441 3486,3444 3531,3441 3576,3441 3621,3444 3650,3444"/>
               <TextEquiv>
                  <Unicode>\p\Mit dieser Tatsache, – der Ausschaltung Europas</Unicode>
               </TextEquiv>
            </TextLine>
            <TextLine id="tr_2_tl_6" custom="readingOrder {index:21;}">
               <Coords points="872,3560 3581,3567 3581,3502 3397,3462 872,3480"/>
               <Baseline points="892,3540 937,3543 982,3543 1026,3546 1071,3549 1116,3543 1161,3543 1206,3543 1250,3543 1295,3543 1340,3543 1385,3543 1429,3543 1474,3543 1519,3543 1564,3543 1609,3546 1653,3543 1698,3546 1743,3546 1788,3546 1832,3549 1877,3549 1922,3552 1967,3552 2012,3549 2056,3549 2101,3549 2146,3546 2191,3546 2235,3546 2280,3546 2325,3546 2370,3549 2415,3549 2459,3549 2504,3549 2549,3549 2594,3552 2638,3549 2683,3549 2728,3549 2773,3549 2818,3552 2862,3549 2907,3552 2952,3552 2997,3552 3041,3552 3086,3552 3131,3552 3176,3552 3221,3549 3265,3549 3310,3549 3355,3552 3400,3552 3444,3555 3489,3555 3534,3555 3579,3543 3591,3546"/>
               <TextEquiv>
                  <Unicode>in gewissem Sinn, jedenfalls für unsereinen, –</Unicode>
               </TextEquiv>
            </TextLine>
            <TextLine id="tr_2_tl_7" custom="readingOrder {index:22;}">
               <Coords points="865,3668 3730,3690 3730,3589 3563,3570 865,3563"/>
               <Baseline points="886,3653 931,3653 976,3653 1020,3653 1065,3650 1110,3647 1155,3650 1200,3650 1244,3650 1289,3650 1334,3650 1379,3653 1423,3653 1468,3650 1513,3653 1558,3653 1603,3653 1647,3653 1692,3653 1737,3656 1782,3656 1826,3656 1871,3656 1916,3656 1961,3653 2006,3653 2050,3656 2095,3653 2140,3656 2185,3656 2229,3656 2274,3656 2319,3656 2364,3656 2409,3656 2453,3656 2498,3656 2543,3656 2588,3656 2632,3656 2677,3656 2722,3656 2767,3659 2812,3656 2856,3656 2901,3659 2946,3659 2991,3656 3036,3656 3080,3656 3125,3656 3170,3656 3215,3656 3259,3659 3304,3656 3349,3656 3394,3656 3439,3659 3483,3659 3528,3656 3573,3656 3618,3656 3662,3659 3707,3659 3740,3662"/>
               <TextEquiv>
                  <Unicode>hattest Du Dich hoffentlich schon mehr abgefun¬</Unicode>
               </TextEquiv>
            </TextLine>
            <TextLine id="tr_2_tl_8" custom="readingOrder {index:23;}">
               <Coords points="875,3791 3639,3802 3639,3679 875,3665"/>
               <Baseline points="895,3761 940,3761 985,3761 1029,3761 1074,3761 1119,3761 1164,3761 1209,3761 1253,3761 1298,3764 1343,3764 1388,3764 1432,3764 1477,3764 1522,3764 1567,3764 1612,3764 1656,3764 1701,3761 1746,3764 1791,3764 1835,3764 1880,3764 1925,3764 1970,3767 2015,3764 2059,3764 2104,3764 2149,3764 2194,3764 2238,3767 2283,3764 2328,3764 2373,3767 2418,3767 2462,3764 2507,3764 2552,3764 2597,3764 2641,3767 2686,3767 2731,3767 2776,3767 2821,3767 2865,3767 2910,3767 2955,3767 3000,3770 3044,3770 3089,3767 3134,3770 3179,3770 3224,3767 3268,3764 3313,3767 3358,3767 3403,3767 3447,3767 3492,3770 3537,3770 3582,3773 3627,3779 3650,3782"/>
               <TextEquiv>
                  <Unicode>den als ich, – wenn ich es mir jetzt so richtig</Unicode>
               </TextEquiv>
            </TextLine>
            <TextLine id="tr_2_tl_9" custom="readingOrder {index:24;}">
               <Coords points="875,3871 3675,3896 3675,3809 3484,3777 875,3798"/>
               <Baseline points="895,3868 940,3868 985,3868 1029,3871 1074,3868 1119,3871 1164,3871 1209,3871 1253,3874 1298,3874 1343,3874 1388,3874 1432,3877 1477,3874 1522,3874 1567,3871 1612,3868 1656,3868 1701,3868 1746,3874 1791,3874 1835,3874 1880,3874 1925,3874 1970,3874 2015,3874 2059,3874 2104,3871 2149,3871 2194,3871 2238,3871 2283,3871 2328,3871 2373,3874 2418,3874 2462,3874 2507,3874 2552,3874 2597,3877 2641,3877 2686,3874 2731,3874 2776,3874 2821,3874 2865,3874 2910,3874 2955,3874 3000,3874 3044,3874 3089,3874 3134,3874 3179,3874 3224,3874 3268,3877 3313,3877 3358,3877 3403,3877 3447,3877 3492,3877 3537,3877 3582,3877 3627,3877 3671,3877 3683,3874"/>
               <TextEquiv>
                  <Unicode>ausmale, gerate ich immer in Schrecken und Läh¬</Unicode>
               </TextEquiv>
            </TextLine>
            <TextLine id="tr_2_tl_10" custom="readingOrder {index:25;}">
               <Coords points="861,4008 3661,4008 3661,3892 861,3900"/>
               <Baseline points="880,3976 925,3976 970,3979 1014,3979 1059,3979 1104,3979 1149,3979 1194,3976 1238,3976 1283,3979 1328,3979 1373,3979 1417,3979 1462,3979 1507,3979 1552,3979 1597,3979 1641,3979 1686,3979 1731,3979 1776,3982 1821,3982 1865,3982 1910,3982 1955,3985 2000,3982 2044,3982 2089,3982 2134,3982 2179,3979 2224,3982 2268,3982 2313,3982 2358,3982 2403,3982 2447,3982 2492,3982 2537,3985 2582,3982 2627,3982 2671,3982 2716,3985 2761,3982 2806,3985 2850,3985 2895,3985 2940,3985 2985,3985 3030,3982 3074,3982 3119,3985 3164,3985 3209,3985 3253,3985 3298,3985 3343,3985 3388,3985 3433,3985 3477,3985 3522,3985 3567,3985 3612,3985 3656,3985 3668,3985"/>
               <TextEquiv>
                  <Unicode>mung. Den Instinkt, der mich möglichst rasch in</Unicode>
               </TextEquiv>
            </TextLine>
            <TextLine id="tr_2_tl_11" custom="readingOrder {index:26;}">
               <Coords points="865,4135 3683,4157 3766,3990 865,4008"/>
               <Baseline points="883,4083 928,4083 973,4086 1017,4086 1062,4086 1107,4086 1152,4086 1197,4089 1241,4089 1286,4086 1331,4086 1376,4089 1420,4086 1465,4086 1510,4086 1555,4086 1600,4092 1644,4089 1689,4086 1734,4089 1779,4089 1823,4089 1868,4092 1913,4092 1958,4089 2003,4089 2047,4089 2092,4089 2137,4086 2182,4086 2227,4086 2271,4089 2316,4089 2361,4089 2406,4089 2450,4092 2495,4092 2540,4092 2585,4092 2630,4092 2674,4092 2719,4095 2764,4092 2809,4092 2853,4092 2898,4092 2943,4092 2988,4089 3033,4092 3077,4092 3122,4092 3167,4092 3212,4095 3256,4095 3301,4095 3346,4095 3391,4092 3436,4095 3480,4092 3525,4092 3570,4092 3615,4092 3659,4095 3704,4095 3749,4098 3776,4101"/>
               <TextEquiv>
                  <Unicode>die Schweiz oder nach Frankreich zurück treiben\fml\\:p\</Unicode>
               </TextEquiv>
            </TextLine>
            <TextEquiv>
               <Unicode/>
            </TextEquiv>
         </TextRegion>
      </Page>
   </PcGts>
   <PcGts xmlns="http://schema.primaresearch.org/PAGE/gts/pagecontent/2013-07-15">
      <Metadata>
         <Creator>prov=READ-COOP:name=TrHtr:version=2.20.0:model_id=51170:date=07_02_2025_16:53</Creator>
         <Created>2025-02-07T16:50:21.870+01:00</Created>
         <LastChange>2026-01-08T09:29:41.194+01:00</LastChange>
         <TranskribusMetadata docId="6766583"
                              pageId="91184527"
                              pageNr="2"
                              status="IN_PROGRESS"
                              userId="295818"
                              imgUrl="https://files.transkribus.eu/Get?fileType=view&amp;id=MUBKGMIUUBNKXHWTTDLIWHXQ"
                              imageId="76073094"/>
      </Metadata>
      <Page imageFilename="letter_0262_002.jpg"
            imageWidth="4012"
            imageHeight="4454">
         <TextRegion id="r" custom="readingOrder {index:0;}">
            <Coords points="779,1827 791,308 3740,308 3752,1827 3752,4171 779,4171"/>
            <TextLine id="tr_2_tl_1" custom="readingOrder {index:0;}">
               <Coords points="794,377 3617,388 3200,210 2912,284 1820,214 1277,303 794,210"/>
               <Baseline points="814,358 859,358 904,361 949,361 994,364 1038,364 1083,364 1128,358 1173,358 1217,361 1262,361 1307,361 1352,361 1397,364 1441,361 1486,364 1531,361 1576,361 1620,364 1665,370 1710,373 1755,367 1800,367 1844,367 1889,370 1934,370 1979,370 2024,367 2068,367 2113,367 2158,367 2203,367 2247,367 2292,367 2337,367 2382,370 2427,367 2471,367 2516,370 2561,370 2606,370 2650,367 2695,370 2740,370 2785,370 2830,370 2874,367 2919,370 2964,370 3009,370 3053,370 3098,370 3143,373 3188,373 3233,370 3277,370 3322,370 3367,373 3412,373 3456,373 3501,373 3546,376 3591,376 3624,379"/>
               <TextEquiv>
                  <Unicode>\fml\\p\will, beobachte ich an mir auch mit Misstrauen.</Unicode>
               </TextEquiv>
            </TextLine>
            <TextLine id="tr_2_tl_2" custom="readingOrder {index:1;}">
               <Coords points="790,491 3632,506 3603,388 790,369"/>
               <Baseline points="811,465 856,468 901,468 946,468 991,468 1035,471 1080,468 1125,468 1170,471 1214,468 1259,468 1304,468 1349,471 1394,471 1438,471 1483,474 1528,468 1573,471 1618,468 1662,468 1707,471 1752,474 1797,474 1841,474 1886,474 1931,474 1976,474 2021,477 2065,474 2110,474 2155,474 2200,474 2244,477 2289,477 2334,477 2379,480 2424,477 2468,474 2513,474 2558,477 2603,477 2647,477 2692,477 2737,477 2782,477 2827,480 2871,480 2916,477 2961,477 3006,477 3050,477 3095,477 3140,480 3185,480 3230,480 3274,480 3319,477 3364,480 3409,480 3453,480 3498,480 3543,480 3588,483 3633,486 3642,486"/>
               <TextEquiv>
                  <Unicode>Die Schweiz "brennt nicht", und auch Frankreich</Unicode>
               </TextEquiv>
            </TextLine>
            <TextLine id="tr_2_tl_3" custom="readingOrder {index:2;}">
               <Coords points="786,616 2850,631 3628,598 3628,506 786,513"/>
               <Baseline points="806,573 850,576 895,573 940,573 985,573 1029,576 1074,573 1119,576 1164,579 1209,576 1253,573 1298,576 1343,576 1388,576 1432,576 1477,579 1522,573 1567,576 1612,579 1656,576 1701,579 1746,579 1791,579 1835,579 1880,582 1925,576 1970,579 2015,579 2059,579 2104,582 2149,582 2194,582 2238,579 2283,582 2328,582 2373,585 2418,582 2462,585 2507,585 2552,582 2597,585 2641,585 2686,585 2731,585 2776,588 2821,591 2865,585 2910,585 2955,585 3000,585 3044,585 3089,585 3134,585 3179,585 3224,585 3268,585 3313,582 3358,585 3403,582 3447,585 3492,585 3537,588 3582,585 3627,588 3639,591"/>
               <TextEquiv>
                  <Unicode>u. das übrige Europa werden in irgendeiner Form</Unicode>
               </TextEquiv>
            </TextLine>
            <TextLine id="tr_2_tl_4" custom="readingOrder {index:3;}">
               <Coords points="794,705 3728,731 3643,587 2632,657 2289,583 794,613"/>
               <Baseline points="814,680 859,680 904,683 949,686 994,686 1038,683 1083,683 1128,686 1173,683 1217,683 1262,683 1307,683 1352,683 1397,683 1441,686 1486,689 1531,689 1576,689 1620,689 1665,689 1710,689 1755,692 1800,692 1844,689 1889,692 1934,692 1979,692 2024,689 2068,689 2113,689 2158,689 2203,692 2247,692 2292,692 2337,692 2382,692 2427,692 2471,689 2516,692 2561,692 2606,692 2650,692 2695,692 2740,692 2785,692 2830,695 2874,692 2919,695 2964,695 3009,695 3053,695 3098,695 3143,695 3188,695 3233,695 3277,695 3322,692 3367,692 3412,695 3456,698 3501,695 3546,695 3591,695 3636,695 3680,695 3725,701 3737,701"/>
               <TextEquiv>
                  <Unicode>weiterleben u. sich entwickeln, – die katastrophale</Unicode>
               </TextEquiv>
            </TextLine>
            <TextLine id="tr_2_tl_5" custom="readingOrder {index:4;}">
               <Coords points="790,801 3562,819 3562,716 790,705"/>
               <Baseline points="811,788 856,788 901,788 946,791 991,791 1035,791 1080,791 1125,791 1170,791 1214,791 1259,794 1304,791 1349,794 1394,791 1438,791 1483,794 1528,794 1573,794 1618,794 1662,797 1707,800 1752,797 1797,797 1841,797 1886,797 1931,797 1976,797 2021,800 2065,797 2110,800 2155,803 2200,803 2244,803 2289,803 2334,800 2379,800 2424,797 2468,800 2513,797 2558,797 2603,800 2647,800 2692,800 2737,803 2782,803 2827,803 2871,803 2916,803 2961,803 3006,806 3050,803 3095,803 3140,803 3185,803 3230,803 3274,803 3319,806 3364,803 3409,803 3453,803 3498,800 3543,803 3573,803"/>
               <TextEquiv>
                  <Unicode>Form der Beschleunigung eines hi[o überschrieben]storischen Un¬</Unicode>
               </TextEquiv>
            </TextLine>
            <TextLine id="tr_2_tl_6" custom="readingOrder {index:5;}">
               <Coords points="794,919 3577,919 3477,812 3045,871 794,812"/>
               <Baseline points="814,898 859,898 904,898 949,901 994,904 1038,904 1083,901 1128,904 1173,904 1217,904 1262,901 1307,904 1352,901 1397,901 1441,901 1486,904 1531,904 1576,907 1620,907 1665,904 1710,907 1755,904 1800,904 1844,904 1889,904 1934,907 1979,907 2024,907 2068,907 2113,907 2158,907 2203,907 2247,907 2292,907 2337,907 2382,907 2427,907 2471,904 2516,907 2561,907 2606,907 2650,907 2695,910 2740,910 2785,916 2830,913 2874,910 2919,910 2964,910 3009,907 3053,910 3098,907 3143,907 3188,910 3233,907 3277,910 3322,910 3367,910 3412,910 3456,910 3501,910 3546,910 3582,916"/>
               <TextEquiv>
                  <Unicode>tergangs kann ja Wirkungen haben, die wir noch</Unicode>
               </TextEquiv>
            </TextLine>
            <TextLine id="tr_2_tl_7"
                      custom="readingOrder {index:6;} textStyle {offset:44;length:4;strikethrough:true;}">
               <Coords points="797,1030 2687,1015 2868,1078 3617,1030 3617,930 797,934"/>
               <Baseline points="817,1012 862,1009 907,1006 952,1009 997,1009 1041,1006 1086,1006 1131,1009 1176,1009 1220,1009 1265,1009 1310,1006 1355,1006 1400,1009 1444,1009 1489,1009 1534,1012 1579,1009 1623,1009 1668,1012 1713,1012 1758,1012 1803,1012 1847,1012 1892,1012 1937,1012 1982,1014 2026,1014 2071,1014 2116,1014 2161,1014 2206,1014 2250,1014 2295,1012 2340,1014 2385,1014 2429,1017 2474,1012 2519,1012 2564,1012 2609,1009 2653,1012 2698,1017 2743,1017 2788,1017 2833,1017 2877,1017 2922,1020 2967,1017 3012,1017 3056,1017 3101,1017 3146,1017 3191,1017 3236,1017 3280,1017 3325,1014 3370,1017 3415,1014 3459,1017 3504,1014 3549,1014 3594,1014 3627,1020"/>
               <TextEquiv>
                  <Unicode>überhaupt nicht ahnen. Aber für den, der in deut</Unicode>
               </TextEquiv>
            </TextLine>
            <TextLine id="tr_2_tl_8" custom="readingOrder {index:7;}">
               <Coords points="786,1130 3499,1141 3499,1037 3178,1015 2868,1078 2687,1015 786,1041"/>
               <Baseline points="806,1113 850,1116 895,1116 940,1113 985,1116 1029,1116 1074,1116 1119,1113 1164,1116 1209,1116 1253,1116 1298,1113 1343,1113 1388,1119 1432,1116 1477,1116 1522,1119 1567,1119 1612,1119 1656,1119 1701,1119 1746,1119 1791,1119 1835,1119 1880,1119 1925,1119 1970,1119 2015,1119 2059,1119 2104,1119 2149,1119 2194,1122 2238,1119 2283,1119 2328,1122 2373,1122 2418,1122 2462,1122 2507,1119 2552,1122 2597,1122 2641,1122 2686,1122 2731,1119 2776,1122 2821,1125 2865,1125 2910,1125 2955,1122 3000,1122 3044,1122 3089,1122 3134,1122 3179,1125 3224,1125 3268,1125 3313,1125 3358,1125 3403,1125 3447,1122 3492,1122 3510,1122"/>
               <TextEquiv>
                  <Unicode>deutscher Sprache schreibt, bleibt es beinahe</Unicode>
               </TextEquiv>
            </TextLine>
            <TextLine id="tr_2_tl_9" custom="readingOrder {index:8;}">
               <Coords points="783,1255 3606,1251 3536,1118 783,1130"/>
               <Baseline points="803,1223 847,1223 892,1223 937,1223 982,1223 1026,1223 1071,1223 1116,1223 1161,1223 1206,1223 1250,1223 1295,1226 1340,1223 1385,1226 1429,1226 1474,1226 1519,1226 1564,1229 1609,1229 1653,1226 1698,1229 1743,1226 1788,1226 1832,1226 1877,1229 1922,1226 1967,1226 2012,1226 2056,1226 2101,1226 2146,1229 2191,1226 2235,1226 2280,1226 2325,1229 2370,1229 2415,1229 2459,1229 2504,1226 2549,1226 2594,1226 2638,1229 2683,1229 2728,1229 2773,1232 2818,1232 2862,1232 2907,1235 2952,1235 2997,1232 3041,1232 3086,1235 3131,1235 3176,1232 3221,1232 3265,1235 3310,1235 3355,1232 3400,1235 3444,1232 3489,1235 3534,1232 3579,1235 3615,1235"/>
               <TextEquiv>
                  <Unicode>hoffnungslos, sich die Zukunft vorzustellen. Mir</Unicode>
               </TextEquiv>
            </TextLine>
            <TextLine id="tr_2_tl_10" custom="readingOrder {index:9;}">
               <Coords points="794,1347 3632,1351 3632,1248 794,1244"/>
               <Baseline points="814,1331 859,1328 904,1331 949,1331 994,1334 1038,1334 1083,1334 1128,1334 1173,1337 1217,1334 1262,1328 1307,1328 1352,1331 1397,1334 1441,1334 1486,1334 1531,1334 1576,1334 1620,1334 1665,1334 1710,1334 1755,1334 1800,1337 1844,1334 1889,1334 1934,1334 1979,1334 2024,1337 2068,1334 2113,1331 2158,1334 2203,1334 2247,1337 2292,1337 2337,1340 2382,1340 2427,1340 2471,1337 2516,1337 2561,1337 2606,1337 2650,1340 2695,1340 2740,1340 2785,1343 2830,1343 2874,1343 2919,1343 2964,1343 3009,1340 3053,1340 3098,1340 3143,1340 3188,1340 3233,1340 3277,1343 3322,1343 3367,1346 3412,1346 3456,1340 3501,1340 3546,1340 3591,1340 3636,1346 3639,1343"/>
               <TextEquiv>
                  <Unicode>fehlt jetzt auch der Mut u. Auftrieb, um zu glau¬</Unicode>
               </TextEquiv>
            </TextLine>
            <TextLine id="tr_2_tl_11" custom="readingOrder {index:10;}">
               <Coords points="786,1451 3739,1469 3736,1355 786,1351"/>
               <Baseline points="806,1441 850,1438 895,1438 940,1441 985,1441 1029,1444 1074,1444 1119,1444 1164,1441 1209,1441 1253,1441 1298,1441 1343,1438 1388,1441 1432,1441 1477,1441 1522,1441 1567,1441 1612,1441 1656,1441 1701,1444 1746,1444 1791,1444 1835,1444 1880,1444 1925,1441 1970,1444 2015,1444 2059,1444 2104,1444 2149,1444 2194,1444 2238,1450 2283,1447 2328,1444 2373,1444 2418,1447 2462,1447 2507,1447 2552,1447 2597,1447 2641,1450 2686,1450 2731,1447 2776,1447 2821,1450 2865,1450 2910,1450 2955,1450 3000,1447 3044,1450 3089,1447 3134,1444 3179,1447 3224,1447 3268,1447 3313,1450 3358,1447 3403,1447 3447,1450 3492,1450 3537,1450 3582,1450 3627,1450 3671,1450 3716,1453 3740,1453"/>
               <TextEquiv>
                  <Unicode>ben, ich könne mich hier durchsetzen. Die Aufsätze</Unicode>
               </TextEquiv>
            </TextLine>
            <TextLine id="tr_2_tl_12" custom="readingOrder {index:11;}">
               <Coords points="779,1569 3547,1587 3547,1473 3381,1458 779,1469"/>
               <Baseline points="800,1549 844,1549 889,1549 934,1549 979,1549 1023,1555 1068,1552 1113,1555 1158,1552 1203,1552 1247,1549 1292,1549 1337,1549 1382,1552 1426,1549 1471,1552 1516,1552 1561,1552 1606,1552 1650,1552 1695,1552 1740,1555 1785,1555 1829,1552 1874,1552 1919,1555 1964,1555 2009,1555 2053,1555 2098,1555 2143,1555 2188,1552 2232,1552 2277,1555 2322,1555 2367,1555 2412,1555 2456,1558 2501,1558 2546,1558 2591,1558 2635,1558 2680,1558 2725,1558 2770,1558 2815,1561 2859,1561 2904,1558 2949,1558 2994,1558 3038,1558 3083,1561 3128,1561 3173,1558 3218,1558 3262,1561 3307,1561 3352,1558 3397,1558 3441,1558 3486,1561 3531,1561 3555,1561"/>
               <TextEquiv>
                  <Unicode>die ich während der letzten Tage schrieb, sind</Unicode>
               </TextEquiv>
            </TextLine>
            <TextLine id="tr_2_tl_13" custom="readingOrder {index:12;}">
               <Coords points="775,1691 3547,1694 3544,1587 771,1576"/>
               <Baseline points="791,1659 835,1659 880,1656 925,1659 970,1659 1014,1662 1059,1665 1104,1668 1149,1665 1194,1665 1238,1662 1283,1662 1328,1662 1373,1659 1417,1659 1462,1662 1507,1659 1552,1659 1597,1659 1641,1659 1686,1665 1731,1665 1776,1659 1821,1662 1865,1662 1910,1665 1955,1662 2000,1662 2044,1662 2089,1665 2134,1665 2179,1665 2224,1662 2268,1662 2313,1659 2358,1662 2403,1665 2447,1665 2492,1665 2537,1665 2582,1665 2627,1668 2671,1668 2716,1671 2761,1668 2806,1665 2850,1668 2895,1665 2940,1668 2985,1671 3030,1668 3074,1668 3119,1671 3164,1668 3209,1671 3253,1668 3298,1668 3343,1665 3388,1665 3433,1665 3477,1668 3522,1668 3552,1668"/>
               <TextEquiv>
                  <Unicode>mässig, bis auf einen vielleicht hübschen über</Unicode>
               </TextEquiv>
            </TextLine>
            <TextLine id="tr_2_tl_14" custom="readingOrder {index:13;}">
               <Coords points="783,1809 3662,1805 3662,1661 2362,1735 783,1680"/>
               <Baseline points="803,1767 847,1767 892,1767 937,1767 982,1767 1026,1767 1071,1770 1116,1770 1161,1770 1206,1770 1250,1770 1295,1770 1340,1767 1385,1770 1429,1767 1474,1770 1519,1770 1564,1770 1609,1770 1653,1767 1698,1767 1743,1770 1788,1770 1832,1770 1877,1773 1922,1773 1967,1770 2012,1770 2056,1773 2101,1773 2146,1773 2191,1773 2235,1773 2280,1773 2325,1770 2370,1776 2415,1773 2459,1770 2504,1773 2549,1776 2594,1776 2638,1776 2683,1776 2728,1776 2773,1776 2818,1779 2862,1779 2907,1779 2952,1776 2997,1779 3041,1779 3086,1776 3131,1776 3176,1779 3221,1776 3265,1776 3310,1776 3355,1776 3400,1776 3444,1779 3489,1779 3534,1779 3579,1776 3624,1776 3668,1776 3671,1776"/>
               <TextEquiv>
                  <Unicode>Carson Mc Cullers (die mir einen reizenden Brief</Unicode>
               </TextEquiv>
            </TextLine>
            <TextLine id="tr_1_tl_1" custom="readingOrder {index:14;}">
               <Coords points="779,1901 3544,1897 3544,1801 3422,1794 779,1798"/>
               <Baseline points="800,1877 844,1877 889,1877 934,1877 979,1877 1023,1877 1068,1877 1113,1880 1158,1877 1203,1877 1247,1880 1292,1880 1337,1877 1382,1877 1426,1877 1471,1877 1516,1880 1561,1877 1606,1877 1650,1880 1695,1880 1740,1877 1785,1880 1829,1883 1874,1880 1919,1880 1964,1880 2009,1880 2053,1880 2098,1880 2143,1880 2188,1880 2232,1880 2277,1880 2322,1880 2367,1883 2412,1883 2456,1883 2501,1883 2546,1883 2591,1883 2635,1883 2680,1883 2725,1883 2770,1883 2815,1883 2859,1886 2904,1883 2949,1883 2994,1886 3038,1886 3083,1886 3128,1886 3173,1886 3218,1886 3262,1886 3307,1886 3352,1883 3397,1883 3441,1886 3486,1886 3531,1886 3549,1889"/>
               <TextEquiv>
                  <Unicode>schrieb, ihr Buch ist aber doch in Grenzen nur</Unicode>
               </TextEquiv>
            </TextLine>
            <TextLine id="tr_1_tl_2" custom="readingOrder {index:15;}">
               <Coords points="794,2012 3581,2015 3581,1912 3477,1901 794,1897"/>
               <Baseline points="814,1988 859,1985 904,1985 949,1985 994,1988 1038,1985 1083,1982 1128,1985 1173,1985 1217,1988 1262,1985 1307,1985 1352,1985 1397,1985 1441,1985 1486,1985 1531,1988 1576,1988 1620,1988 1665,1988 1710,1991 1755,1988 1800,1988 1844,1988 1889,1985 1934,1988 1979,1988 2024,1988 2068,1988 2113,1988 2158,1991 2203,1988 2247,1988 2292,1988 2337,1988 2382,1988 2427,1988 2471,1988 2516,1988 2561,1985 2606,1991 2650,1991 2695,1991 2740,1991 2785,1991 2830,1994 2874,1997 2919,1991 2964,1991 3009,1994 3053,1994 3098,1994 3143,1994 3188,1994 3233,1997 3277,1994 3322,1994 3367,1994 3412,1991 3456,1991 3501,1991 3546,1991 3591,1991"/>
               <TextEquiv>
                  <Unicode>gut zu nennen) – und die Arbeit war durch soviel</Unicode>
               </TextEquiv>
            </TextLine>
            <TextLine id="tr_1_tl_3" custom="readingOrder {index:16;}">
               <Coords points="775,2148 3706,2119 3680,1997 775,2034"/>
               <Baseline points="797,2089 841,2089 886,2092 931,2092 976,2092 1020,2092 1065,2092 1110,2092 1155,2092 1200,2092 1244,2092 1289,2095 1334,2095 1379,2092 1423,2092 1468,2092 1513,2095 1558,2095 1603,2095 1647,2095 1692,2095 1737,2098 1782,2098 1826,2095 1871,2095 1916,2095 1961,2095 2006,2095 2050,2101 2095,2098 2140,2098 2185,2095 2229,2098 2274,2098 2319,2101 2364,2098 2409,2098 2453,2101 2498,2101 2543,2101 2588,2098 2632,2098 2677,2098 2722,2098 2767,2098 2812,2101 2856,2101 2901,2101 2946,2104 2991,2104 3036,2101 3080,2101 3125,2101 3170,2101 3215,2101 3259,2101 3304,2101 3349,2104 3394,2101 3439,2101 3483,2101 3528,2101 3573,2101 3618,2101 3662,2098 3707,2101 3710,2101"/>
               <TextEquiv>
                  <Unicode>Alkohol erkauft, dass ich es gestern abend aufzu¬</Unicode>
               </TextEquiv>
            </TextLine>
            <TextLine id="tr_1_tl_4" custom="readingOrder {index:17;}">
               <Coords points="790,2233 3547,2218 3547,2137 3366,2111 790,2119"/>
               <Baseline points="809,2206 853,2203 898,2200 943,2200 988,2200 1032,2200 1077,2200 1122,2200 1167,2197 1212,2197 1256,2200 1301,2200 1346,2200 1391,2200 1435,2200 1480,2200 1525,2203 1570,2203 1615,2203 1659,2203 1704,2203 1749,2203 1794,2203 1838,2200 1883,2203 1928,2206 1973,2203 2018,2200 2062,2200 2107,2203 2152,2203 2197,2206 2241,2209 2286,2203 2331,2203 2376,2206 2421,2206 2465,2209 2510,2206 2555,2203 2600,2206 2644,2206 2689,2203 2734,2206 2779,2206 2824,2206 2868,2206 2913,2209 2958,2209 3003,2206 3047,2209 3092,2212 3137,2212 3182,2212 3227,2209 3271,2209 3316,2209 3361,2209 3406,2206 3450,2206 3495,2206 3540,2206 3558,2206"/>
               <TextEquiv>
                  <Unicode>geben beschloss, so geht das nicht. Ich belaste</Unicode>
               </TextEquiv>
            </TextLine>
            <TextLine id="tr_1_tl_5" custom="readingOrder {index:18;}">
               <Coords points="779,2340 3721,2355 3721,2248 3533,2222 779,2244"/>
               <Baseline points="800,2307 844,2304 889,2304 934,2307 979,2307 1023,2307 1068,2307 1113,2307 1158,2307 1203,2307 1247,2307 1292,2307 1337,2307 1382,2307 1426,2307 1471,2307 1516,2307 1561,2307 1606,2307 1650,2310 1695,2310 1740,2310 1785,2310 1829,2310 1874,2307 1919,2307 1964,2307 2009,2307 2053,2307 2098,2310 2143,2310 2188,2310 2232,2310 2277,2310 2322,2310 2367,2310 2412,2310 2456,2310 2501,2310 2546,2310 2591,2313 2635,2316 2680,2313 2725,2313 2770,2313 2815,2313 2859,2313 2904,2313 2949,2313 2994,2313 3038,2313 3083,2313 3128,2313 3173,2313 3218,2313 3262,2313 3307,2316 3352,2316 3397,2316 3441,2316 3486,2316 3531,2313 3576,2313 3621,2313 3665,2313 3710,2313 3731,2313"/>
               <TextEquiv>
                  <Unicode>sonst auch meine Umwelt, – nicht zu vergessen, dass</Unicode>
               </TextEquiv>
            </TextLine>
            <TextLine id="tr_1_tl_6" custom="readingOrder {index:19;}">
               <Coords points="771,2421 3721,2451 3654,2325 771,2344"/>
               <Baseline points="791,2412 835,2415 880,2415 925,2415 970,2412 1014,2412 1059,2415 1104,2415 1149,2418 1194,2418 1238,2415 1283,2415 1328,2415 1373,2415 1417,2415 1462,2415 1507,2415 1552,2418 1597,2418 1641,2418 1686,2418 1731,2418 1776,2418 1821,2415 1865,2418 1910,2418 1955,2418 2000,2418 2044,2421 2089,2421 2134,2421 2179,2418 2224,2418 2268,2418 2313,2418 2358,2415 2403,2418 2447,2418 2492,2418 2537,2418 2582,2418 2627,2418 2671,2418 2716,2421 2761,2421 2806,2421 2850,2421 2895,2421 2940,2421 2985,2421 3030,2421 3074,2421 3119,2421 3164,2421 3209,2424 3253,2424 3298,2421 3343,2424 3388,2424 3433,2424 3477,2421 3522,2424 3567,2421 3612,2421 3656,2421 3701,2421 3725,2421"/>
               <TextEquiv>
                  <Unicode>meine ganzen derzeitigen Lebensumstände sich nur</Unicode>
               </TextEquiv>
            </TextLine>
            <TextLine id="tr_1_tl_7" custom="readingOrder {index:20;}">
               <Coords points="779,2543 3747,2551 3747,2455 3636,2436 779,2429"/>
               <Baseline points="800,2522 844,2522 889,2522 934,2522 979,2522 1023,2522 1068,2522 1113,2519 1158,2522 1203,2522 1247,2522 1292,2522 1337,2522 1382,2522 1426,2522 1471,2522 1516,2525 1561,2522 1606,2522 1650,2525 1695,2525 1740,2525 1785,2525 1829,2522 1874,2525 1919,2525 1964,2525 2009,2525 2053,2525 2098,2528 2143,2528 2188,2525 2232,2525 2277,2525 2322,2525 2367,2528 2412,2528 2456,2528 2501,2528 2546,2528 2591,2528 2635,2528 2680,2528 2725,2531 2770,2531 2815,2528 2859,2531 2904,2531 2949,2531 2994,2531 3038,2531 3083,2531 3128,2531 3173,2528 3218,2525 3262,2528 3307,2528 3352,2531 3397,2531 3441,2531 3486,2531 3531,2531 3576,2528 3621,2528 3665,2531 3710,2528 3752,2531"/>
               <TextEquiv>
                  <Unicode>und allein auf meiner Beziehung zu Margot aufbau¬</Unicode>
               </TextEquiv>
            </TextLine>
            <TextLine id="tr_1_tl_8" custom="readingOrder {index:21;}">
               <Coords points="783,2643 3440,2698 3437,2565 779,2543"/>
               <Baseline points="803,2635 847,2630 892,2632 937,2632 982,2632 1026,2632 1071,2630 1116,2630 1161,2630 1206,2632 1250,2630 1295,2630 1340,2630 1385,2632 1429,2630 1474,2632 1519,2632 1564,2632 1609,2632 1653,2632 1698,2632 1743,2632 1788,2632 1832,2632 1877,2632 1922,2635 1967,2635 2012,2632 2056,2632 2101,2632 2146,2632 2191,2635 2235,2635 2280,2635 2325,2635 2370,2638 2415,2632 2459,2632 2504,2635 2549,2635 2594,2635 2638,2635 2683,2635 2728,2635 2773,2641 2818,2641 2862,2638 2907,2638 2952,2638 2997,2638 3041,2638 3086,2638 3131,2635 3176,2635 3221,2635 3265,2638 3310,2638 3355,2641 3400,2644 3444,2641 3450,2644"/>
               <TextEquiv>
                  <Unicode>en, und da wird mir vor Angst oft schwindlig.</Unicode>
               </TextEquiv>
            </TextLine>
            <TextLine id="tr_1_tl_9" custom="readingOrder {index:22;}">
               <Coords points="779,2765 3617,2776 3617,2628 779,2647"/>
               <Baseline points="800,2743 844,2740 889,2737 934,2737 979,2740 1023,2737 1068,2740 1113,2740 1158,2737 1203,2737 1247,2737 1292,2740 1337,2740 1382,2740 1426,2740 1471,2743 1516,2743 1561,2740 1606,2743 1650,2740 1695,2743 1740,2743 1785,2743 1829,2743 1874,2740 1919,2740 1964,2740 2009,2740 2053,2743 2098,2743 2143,2743 2188,2743 2232,2746 2277,2746 2322,2743 2367,2743 2412,2743 2456,2743 2501,2740 2546,2743 2591,2743 2635,2746 2680,2743 2725,2746 2770,2749 2815,2749 2859,2749 2904,2749 2949,2749 2994,2746 3038,2746 3083,2746 3128,2746 3173,2746 3218,2743 3262,2746 3307,2746 3352,2749 3397,2749 3441,2749 3486,2746 3531,2749 3576,2749 3621,2752 3627,2752"/>
               <TextEquiv>
                  <Unicode>Aber die Angst kommt von mir her, nicht von ihr,</Unicode>
               </TextEquiv>
            </TextLine>
            <TextLine id="tr_1_tl_10" custom="readingOrder {index:23;}">
               <Coords points="775,2846 3669,2890 3669,2783 3473,2761 775,2757"/>
               <Baseline points="794,2844 838,2844 883,2844 928,2844 973,2844 1017,2847 1062,2847 1107,2844 1152,2844 1197,2841 1241,2844 1286,2841 1331,2844 1376,2844 1420,2844 1465,2844 1510,2844 1555,2844 1600,2844 1644,2847 1689,2844 1734,2844 1779,2847 1823,2847 1868,2847 1913,2844 1958,2847 2003,2847 2047,2853 2092,2847 2137,2847 2182,2847 2227,2847 2271,2850 2316,2847 2361,2850 2406,2850 2450,2850 2495,2847 2540,2847 2585,2847 2630,2847 2674,2847 2719,2850 2764,2850 2809,2850 2853,2853 2898,2850 2943,2850 2988,2850 3033,2850 3077,2850 3122,2850 3167,2850 3212,2850 3256,2850 3301,2850 3346,2853 3391,2853 3436,2853 3480,2853 3525,2853 3570,2853 3615,2853 3659,2850 3680,2850"/>
               <TextEquiv>
                  <Unicode>u. es ist also an mir, diese Form meiner Existenz</Unicode>
               </TextEquiv>
            </TextLine>
            <TextLine id="tr_1_tl_11" custom="readingOrder {index:24;}">
               <Coords points="768,2971 3551,3027 3691,2986 3691,2875 1451,2912 764,2842"/>
               <Baseline points="788,2952 832,2952 877,2955 922,2952 967,2955 1012,2955 1056,2952 1101,2952 1146,2952 1191,2952 1235,2952 1280,2952 1325,2955 1370,2955 1415,2955 1459,2958 1504,2955 1549,2955 1594,2958 1638,2958 1683,2958 1728,2961 1773,2961 1818,2961 1862,2958 1907,2964 1952,2961 1997,2961 2041,2958 2086,2961 2131,2961 2176,2961 2221,2958 2265,2961 2310,2961 2355,2961 2400,2961 2444,2961 2489,2958 2534,2961 2579,2961 2624,2961 2668,2958 2713,2958 2758,2961 2803,2961 2847,2961 2892,2964 2937,2964 2982,2964 3027,2964 3071,2964 3116,2961 3161,2964 3206,2961 3250,2964 3295,2964 3340,2964 3385,2964 3430,2967 3474,2967 3519,2967 3564,2964 3609,2964 3653,2964 3698,2967 3701,2967"/>
               <TextEquiv>
                  <Unicode>zu schonen, solange ich nichts Besseres entgegen¬</Unicode>
               </TextEquiv>
            </TextLine>
            <TextLine id="tr_1_tl_12" custom="readingOrder {index:25;}">
               <Coords points="775,3082 1624,3093 1624,2979 1536,2957 1115,3001 1030,2968 879,2994 775,2971"/>
               <Baseline points="794,3062 829,3059 874,3059 919,3059 964,3059 1009,3059 1053,3059 1098,3059 1143,3059 1188,3059 1232,3062 1277,3062 1322,3059 1367,3062 1412,3062 1456,3062 1501,3059 1546,3059 1591,3062 1635,3059"/>
               <TextEquiv>
                  <Unicode>zusetzen habe.\:p\</Unicode>
               </TextEquiv>
            </TextLine>
            <TextLine id="tr_1_tl_13" custom="readingOrder {index:26;}">
               <Coords points="779,3200 3547,3189 3547,3079 3403,3049 779,3079"/>
               <Baseline points="800,3161 844,3164 889,3167 934,3167 979,3167 1023,3170 1068,3167 1113,3170 1158,3170 1203,3170 1247,3173 1292,3173 1337,3170 1382,3173 1426,3173 1471,3173 1516,3173 1561,3173 1606,3173 1650,3173 1695,3173 1740,3173 1785,3173 1829,3173 1874,3173 1919,3173 1964,3176 2009,3179 2053,3176 2098,3173 2143,3176 2188,3176 2232,3170 2277,3173 2322,3173 2367,3176 2412,3176 2456,3176 2501,3176 2546,3176 2591,3176 2635,3176 2680,3176 2725,3176 2770,3179 2815,3179 2859,3176 2904,3179 2949,3179 2994,3179 3038,3179 3083,3179 3128,3179 3173,3182 3218,3182 3262,3182 3307,3182 3352,3179 3397,3179 3441,3179 3486,3176 3531,3176 3555,3185"/>
               <TextEquiv>
                  <Unicode>\p\Wir werden noch einige Wochen an dieser Küste</Unicode>
               </TextEquiv>
            </TextLine>
            <TextLine id="tr_1_tl_14" custom="readingOrder {index:27;}">
               <Coords points="771,3293 3555,3304 3555,3200 3470,3189 771,3200"/>
               <Baseline points="791,3280 835,3277 880,3280 925,3280 970,3280 1014,3280 1059,3277 1104,3277 1149,3280 1194,3277 1238,3277 1283,3277 1328,3277 1373,3280 1417,3280 1462,3277 1507,3277 1552,3277 1597,3280 1641,3280 1686,3280 1731,3280 1776,3280 1821,3283 1865,3283 1910,3283 1955,3283 2000,3283 2044,3283 2089,3283 2134,3283 2179,3283 2224,3280 2268,3283 2313,3283 2358,3289 2403,3286 2447,3283 2492,3283 2537,3280 2582,3280 2627,3280 2671,3283 2716,3286 2761,3286 2806,3286 2850,3286 2895,3286 2940,3286 2985,3286 3030,3286 3074,3286 3119,3286 3164,3286 3209,3286 3253,3283 3298,3286 3343,3286 3388,3286 3433,3286 3477,3286 3522,3286 3564,3289"/>
               <TextEquiv>
                  <Unicode>bleiben, wollen morgen uns ein Häuschen suchen</Unicode>
               </TextEquiv>
            </TextLine>
            <TextLine id="tr_1_tl_15" custom="readingOrder {index:28;}">
               <Coords points="779,3389 3710,3407 3680,3241 3440,3359 779,3293"/>
               <Baseline points="800,3382 844,3385 889,3388 934,3388 979,3391 1023,3391 1068,3391 1113,3388 1158,3391 1203,3391 1247,3391 1292,3391 1337,3391 1382,3391 1426,3391 1471,3391 1516,3394 1561,3394 1606,3394 1650,3397 1695,3394 1740,3394 1785,3394 1829,3394 1874,3394 1919,3394 1964,3391 2009,3391 2053,3391 2098,3391 2143,3394 2188,3394 2232,3394 2277,3394 2322,3394 2367,3394 2412,3394 2456,3394 2501,3394 2546,3394 2591,3394 2635,3397 2680,3400 2725,3403 2770,3397 2815,3397 2859,3394 2904,3394 2949,3394 2994,3394 3038,3394 3083,3397 3128,3394 3173,3397 3218,3397 3262,3400 3307,3400 3352,3397 3397,3397 3441,3400 3486,3400 3531,3397 3576,3394 3621,3397 3665,3397 3710,3403 3716,3403"/>
               <TextEquiv>
                  <Unicode>– meine sonstigen Reisepläne liegen im Argen, aber</Unicode>
               </TextEquiv>
            </TextLine>
            <TextLine id="tr_1_tl_16" custom="readingOrder {index:29;}">
               <Coords points="775,3533 3595,3518 3595,3418 775,3429"/>
               <Baseline points="797,3498 841,3498 886,3501 931,3501 976,3498 1020,3501 1065,3501 1110,3501 1155,3501 1200,3501 1244,3501 1289,3501 1334,3504 1379,3504 1423,3504 1468,3507 1513,3504 1558,3501 1603,3504 1647,3504 1692,3504 1737,3501 1782,3501 1826,3501 1871,3501 1916,3501 1961,3504 2006,3501 2050,3501 2095,3504 2140,3504 2185,3501 2229,3501 2274,3504 2319,3501 2364,3501 2409,3501 2453,3501 2498,3501 2543,3498 2588,3501 2632,3504 2677,3504 2722,3507 2767,3504 2812,3504 2856,3504 2901,3504 2946,3504 2991,3507 3036,3504 3080,3504 3125,3504 3170,3504 3215,3504 3259,3504 3304,3504 3349,3501 3394,3498 3439,3501 3483,3501 3528,3501 3573,3504 3606,3507"/>
               <TextEquiv>
                  <Unicode>sie hängen ja von mir ab. Vielleicht gelingt es</Unicode>
               </TextEquiv>
            </TextLine>
            <TextLine id="tr_1_tl_17" custom="readingOrder {index:30;}">
               <Coords points="760,3628 3377,3625 3643,3695 3643,3533 3536,3521 760,3525"/>
               <Baseline points="779,3609 823,3609 868,3609 913,3606 958,3606 1003,3612 1047,3609 1092,3606 1137,3609 1182,3606 1226,3606 1271,3609 1316,3612 1361,3609 1406,3609 1450,3612 1495,3612 1540,3612 1585,3612 1629,3612 1674,3612 1719,3609 1764,3612 1809,3609 1853,3612 1898,3609 1943,3612 1988,3612 2032,3612 2077,3609 2122,3612 2167,3609 2212,3609 2256,3609 2301,3609 2346,3612 2391,3612 2435,3609 2480,3612 2525,3609 2570,3609 2615,3612 2659,3612 2704,3612 2749,3612 2794,3618 2838,3615 2883,3612 2928,3612 2973,3612 3018,3612 3062,3612 3107,3612 3152,3612 3197,3612 3241,3612 3286,3612 3331,3612 3376,3612 3421,3612 3465,3615 3510,3615 3555,3615 3600,3618 3644,3627 3653,3630"/>
               <TextEquiv>
                  <Unicode>mir aber auch, mich zu einem Buch durchzuringen,</Unicode>
               </TextEquiv>
            </TextLine>
            <TextLine id="tr_1_tl_18" custom="readingOrder {index:31;}">
               <Coords points="760,3739 3606,3743 3547,3625 760,3632"/>
               <Baseline points="782,3716 826,3713 871,3716 916,3713 961,3710 1006,3716 1050,3713 1095,3716 1140,3716 1185,3716 1229,3719 1274,3716 1319,3719 1364,3716 1409,3716 1453,3716 1498,3716 1543,3716 1588,3719 1632,3719 1677,3719 1722,3719 1767,3716 1812,3719 1856,3719 1901,3719 1946,3719 1991,3719 2035,3719 2080,3719 2125,3719 2170,3719 2215,3719 2259,3719 2304,3722 2349,3719 2394,3719 2438,3719 2483,3719 2528,3719 2573,3719 2618,3719 2662,3719 2707,3719 2752,3719 2797,3722 2841,3719 2886,3719 2931,3719 2976,3716 3021,3719 3065,3719 3110,3719 3155,3719 3200,3719 3244,3719 3289,3719 3334,3719 3379,3719 3424,3719 3468,3719 3513,3719 3558,3719 3603,3722 3615,3722"/>
               <TextEquiv>
                  <Unicode>mir wäre dabei wohler. Ob ich bis zum Herbst so</Unicode>
               </TextEquiv>
            </TextLine>
            <TextLine id="tr_1_tl_19" custom="readingOrder {index:32;}">
               <Coords points="775,3839 3625,3843 3621,3743 3529,3732 2093,3791 771,3728"/>
               <Baseline points="794,3821 838,3827 883,3827 928,3827 973,3824 1017,3824 1062,3827 1107,3827 1152,3824 1197,3827 1241,3824 1286,3827 1331,3827 1376,3827 1420,3827 1465,3830 1510,3830 1555,3827 1600,3830 1644,3830 1689,3827 1734,3827 1779,3827 1823,3830 1868,3830 1913,3827 1958,3827 2003,3830 2047,3830 2092,3833 2137,3833 2182,3830 2227,3830 2271,3830 2316,3830 2361,3830 2406,3830 2450,3830 2495,3830 2540,3830 2585,3830 2630,3830 2674,3833 2719,3833 2764,3827 2809,3830 2853,3830 2898,3833 2943,3830 2988,3830 3033,3827 3077,3827 3122,3830 3167,3830 3212,3830 3256,3830 3301,3830 3346,3830 3391,3830 3436,3830 3480,3827 3525,3830 3570,3827 3615,3830 3633,3827"/>
               <TextEquiv>
                  <Unicode>weit entschlossen bin, dass ich – sollte der Ent¬</Unicode>
               </TextEquiv>
            </TextLine>
            <TextLine id="tr_1_tl_20"
                      custom="readingOrder {index:33;} gap {offset:38;length:0;}">
               <Coords points="775,3953 3669,3975 3669,3835 775,3854"/>
               <Baseline points="797,3934 811,3934 856,3934 901,3934 946,3937 991,3937 1035,3934 1080,3934 1125,3934 1170,3934 1214,3931 1259,3934 1304,3934 1349,3934 1394,3934 1438,3937 1483,3934 1528,3934 1573,3937 1618,3934 1662,3937 1707,3937 1752,3934 1797,3934 1841,3934 1886,3934 1931,3934 1976,3934 2021,3934 2065,3937 2110,3934 2155,3937 2200,3937 2244,3937 2289,3937 2334,3937 2379,3937 2424,3937 2468,3937 2513,3937 2558,3937 2603,3937 2647,3937 2692,3934 2737,3937 2782,3937 2827,3943 2871,3943 2916,3943 2961,3937 3006,3937 3050,3940 3095,3937 3140,3937 3185,3937 3230,3940 3274,3940 3319,3937 3364,3940 3409,3937 3453,3937 3498,3937 3543,3937 3588,3934 3633,3931 3677,3931"/>
               <TextEquiv>
                  <Unicode>schluss sein, hier zu bleiben, – ein g nstiger Mit¬</Unicode>
               </TextEquiv>
            </TextLine>
            <TextLine id="tr_1_tl_21" custom="readingOrder {index:34;}">
               <Coords points="768,4071 3533,4064 3455,3968 3200,3953 768,3968"/>
               <Baseline points="788,4045 832,4045 877,4045 922,4042 967,4039 1012,4042 1056,4042 1101,4039 1146,4039 1191,4039 1235,4042 1280,4039 1325,4042 1370,4039 1415,4042 1459,4042 1504,4042 1549,4042 1594,4042 1638,4042 1683,4042 1728,4042 1773,4042 1818,4042 1862,4042 1907,4042 1952,4042 1997,4042 2041,4042 2086,4045 2131,4045 2176,4042 2221,4042 2265,4042 2310,4045 2355,4045 2400,4042 2444,4042 2489,4042 2534,4042 2579,4042 2624,4045 2668,4045 2713,4045 2758,4045 2803,4045 2847,4045 2892,4045 2937,4045 2982,4048 3027,4042 3071,4042 3116,4042 3161,4042 3206,4045 3250,4042 3295,4045 3340,4045 3385,4045 3430,4045 3474,4048 3519,4048 3537,4048"/>
               <TextEquiv>
                  <Unicode>arbeiter für Dich bin, das muss sich erweisen.</Unicode>
               </TextEquiv>
            </TextLine>
            <TextLine id="tr_1_tl_22" custom="readingOrder {index:35;}">
               <Coords points="768,4156 1517,4230 1890,4160 2074,4238 3662,4175 3621,4053 768,4071"/>
               <Baseline points="788,4152 832,4149 877,4149 922,4146 967,4146 1012,4149 1056,4152 1101,4149 1146,4149 1191,4149 1235,4149 1280,4146 1325,4146 1370,4146 1415,4149 1459,4149 1504,4152 1549,4146 1594,4146 1638,4149 1683,4149 1728,4149 1773,4149 1818,4149 1862,4149 1907,4149 1952,4149 1997,4149 2041,4149 2086,4149 2131,4152 2176,4152 2221,4149 2265,4149 2310,4149 2355,4152 2400,4152 2444,4149 2489,4149 2534,4152 2579,4152 2624,4152 2668,4149 2713,4149 2758,4149 2803,4152 2847,4152 2892,4152 2937,4152 2982,4152 3027,4152 3071,4155 3116,4158 3161,4161 3206,4155 3250,4152 3295,4152 3340,4152 3385,4149 3430,4152 3474,4152 3519,4149 3564,4149 3609,4149 3653,4152 3668,4152"/>
               <TextEquiv>
                  <Unicode>Aber diese persönliche Frage schliesst ja nicht\fml\\:p\</Unicode>
               </TextEquiv>
            </TextLine>
            <TextEquiv>
               <Unicode/>
            </TextEquiv>
         </TextRegion>
      </Page>
   </PcGts>
   <PcGts xmlns="http://schema.primaresearch.org/PAGE/gts/pagecontent/2013-07-15">
      <Metadata>
         <Creator>prov=READ-COOP:name=TrHtr:version=2.20.0:model_id=51170:date=07_02_2025_16:53</Creator>
         <Created>2025-02-07T16:50:21.977+01:00</Created>
         <LastChange>2026-01-08T09:32:21.688+01:00</LastChange>
         <TranskribusMetadata docId="6766583"
                              pageId="91184192"
                              pageNr="3"
                              status="IN_PROGRESS"
                              userId="295818"
                              imgUrl="https://files.transkribus.eu/Get?fileType=view&amp;id=MPOBRPQILRCJVUEWNVATFEEC"
                              imageId="76073491"/>
      </Metadata>
      <Page imageFilename="letter_0262_003.jpg"
            imageWidth="4012"
            imageHeight="4454">
         <TextRegion id="r_35" custom="readingOrder {index:0;}">
            <Coords points="668,335 3773,335 3865,1771 3865,3863 3131,4177 2480,4177 683,3863 668,1771"/>
            <TextLine id="tr_2_tl_1" custom="readingOrder {index:0;}">
               <Coords points="1364,448 1661,404 1875,468 1946,424 2255,432 2335,388 2676,444 2676,321 2323,325 2255,277 2061,345 1673,289 1597,333 1364,317"/>
               <Baseline points="1385,403 1388,400 1432,400 1477,397 1522,400 1567,400 1612,400 1656,400 1701,397 1746,397 1791,397 1835,397 1880,397 1925,394 1970,394 2015,394 2059,394 2104,391 2149,391 2194,391 2238,391 2283,391 2328,391 2373,391 2418,391 2462,388 2507,388 2552,388 2597,385 2641,385 2686,388"/>
               <TextEquiv>
                  <Unicode>VESPER-COUNTRY CLUB</Unicode>
               </TextEquiv>
            </TextLine>
            <TextLine id="tr_2_tl_2" custom="readingOrder {index:1;}">
               <Coords points="1280,551 1625,583 2033,535 2212,583 2549,523 2727,571 2731,452 2259,436 2160,480 1954,436 1744,503 1554,440 1435,480 1280,456"/>
               <Baseline points="1304,540 1349,540 1394,537 1438,537 1483,534 1528,534 1573,537 1618,537 1662,537 1707,537 1752,537 1797,534 1841,534 1886,534 1931,534 1976,534 2021,531 2065,528 2110,528 2155,528 2200,528 2244,528 2289,528 2334,528 2379,528 2424,525 2468,525 2513,522 2558,522 2603,522 2647,522 2692,519 2737,522"/>
               <TextEquiv>
                  <Unicode>LOWELL. MASSACHUSETTS</Unicode>
               </TextEquiv>
            </TextLine>
            <TextLine id="tr_2_tl_3" custom="readingOrder {index:2;}">
               <Coords points="1538,686 1720,658 1942,702 2144,642 2303,670 2422,626 2485,642 2489,543 2132,587 2037,539 1946,579 1542,567"/>
               <Baseline points="1558,638 1600,638 1644,638 1689,641 1734,638 1779,638 1823,638 1868,635 1913,635 1958,635 2003,632 2047,632 2092,635 2137,632 2182,629 2227,629 2271,629 2316,626 2361,626 2406,626 2450,626 2495,629"/>
               <TextEquiv>
                  <Unicode>R. F. D. 2 Box 71</Unicode>
               </TextEquiv>
            </TextLine>
            <TextLine id="tr_2_tl_4" custom="readingOrder {index:3;}">
               <Coords points="646,916 3595,888 3595,745 2913,706 2759,781 2454,698 1938,805 1570,710 646,805"/>
               <Baseline points="668,895 689,892 734,892 779,892 823,892 868,895 913,895 958,892 1003,889 1047,889 1092,886 1137,886 1182,889 1226,886 1271,883 1316,880 1361,883 1406,883 1450,880 1495,877 1540,877 1585,880 1629,880 1674,877 1719,880 1764,880 1809,877 1853,874 1898,874 1943,874 1988,874 2032,874 2077,868 2122,868 2167,871 2212,871 2256,871 2301,871 2346,871 2391,868 2435,868 2480,865 2525,865 2570,865 2615,865 2659,865 2704,862 2749,862 2794,862 2838,862 2883,859 2928,862 2973,859 3018,859 3062,862 3107,862 3152,859 3197,856 3241,853 3286,853 3331,856 3376,853 3421,850 3465,850 3510,853 3555,856 3600,862"/>
               <TextEquiv>
                  <Unicode>\fml\\p\aus, dass der Zeitschriften-Plan an sich gut ist,</Unicode>
               </TextEquiv>
            </TextLine>
            <TextLine id="tr_2_tl_5" custom="readingOrder {index:4;}">
               <Coords points="654,1011 3385,1031 3682,991 3686,856 658,920"/>
               <Baseline points="674,1000 698,1000 743,1000 788,1000 832,1000 877,1000 922,1003 967,1000 1012,994 1056,991 1101,991 1146,991 1191,988 1235,988 1280,988 1325,988 1370,991 1415,991 1459,988 1504,988 1549,988 1594,988 1638,988 1683,988 1728,985 1773,985 1818,982 1862,982 1907,982 1952,982 1997,979 2041,979 2086,979 2131,979 2176,979 2221,979 2265,976 2310,976 2355,976 2400,976 2444,976 2489,973 2534,973 2579,973 2624,973 2668,970 2713,970 2758,970 2803,973 2847,970 2892,970 2937,970 2982,967 3027,967 3071,967 3116,967 3161,964 3206,964 3250,961 3295,961 3340,964 3385,964 3430,961 3474,958 3519,955 3564,955 3609,955 3653,955 3698,955"/>
               <TextEquiv>
                  <Unicode>und gut für Dich, und deshalb möchte ich mehr darü¬</Unicode>
               </TextEquiv>
            </TextLine>
            <TextLine id="tr_2_tl_6" custom="readingOrder {index:5;}">
               <Coords points="662,1126 995,1146 1138,1098 1225,1134 1593,1106 1792,1138 1926,1126 1970,1050 1756,995 1403,1023 1352,991 1233,1031 1142,991 785,1046 666,1007"/>
               <Baseline points="683,1104 719,1104 764,1107 809,1107 853,1104 898,1107 943,1101 988,1101 1032,1098 1077,1098 1122,1095 1167,1098 1212,1095 1256,1095 1301,1095 1346,1092 1391,1095 1435,1092 1480,1092 1525,1092 1570,1092 1615,1092 1659,1092 1704,1092 1749,1092 1794,1092 1838,1092 1883,1089 1928,1089 1973,1095"/>
               <TextEquiv>
                  <Unicode>ber mit Dir sprechen.\:p\</Unicode>
               </TextEquiv>
            </TextLine>
            <TextLine id="tr_2_tl_7" custom="readingOrder {index:6;}">
               <Coords points="654,1237 3496,1205 3456,1082 2596,1054 1950,1142 658,1130"/>
               <Baseline points="680,1214 686,1214 731,1214 776,1214 820,1214 865,1214 910,1212 955,1212 1000,1212 1044,1212 1089,1212 1134,1209 1179,1212 1223,1209 1268,1209 1313,1209 1358,1206 1403,1209 1447,1206 1492,1203 1537,1203 1582,1200 1626,1203 1671,1200 1716,1200 1761,1200 1806,1200 1850,1197 1895,1197 1940,1197 1985,1197 2029,1194 2074,1194 2119,1194 2164,1197 2209,1197 2253,1197 2298,1194 2343,1191 2388,1191 2432,1191 2477,1191 2522,1188 2567,1188 2612,1185 2656,1185 2701,1185 2746,1185 2791,1185 2835,1179 2880,1182 2925,1185 2970,1182 3015,1182 3059,1182 3104,1182 3149,1179 3194,1179 3239,1179 3283,1179 3328,1179 3373,1176 3418,1176 3462,1176 3507,1179"/>
               <TextEquiv>
                  <Unicode>\p\Hoffentlich ist dann auch Eri in New York. Wenn</Unicode>
               </TextEquiv>
            </TextLine>
            <TextLine id="tr_2_tl_8" custom="readingOrder {index:7;}">
               <Coords points="658,1352 3314,1328 3611,1288 3611,1181 662,1249"/>
               <Baseline points="680,1325 710,1325 755,1325 800,1325 844,1325 889,1328 934,1325 979,1322 1023,1319 1068,1322 1113,1319 1158,1319 1203,1319 1247,1319 1292,1319 1337,1322 1382,1319 1426,1319 1471,1316 1516,1316 1561,1316 1606,1313 1650,1313 1695,1310 1740,1310 1785,1307 1829,1307 1874,1307 1919,1310 1964,1310 2009,1304 2053,1307 2098,1307 2143,1307 2188,1304 2232,1304 2277,1301 2322,1301 2367,1301 2412,1301 2456,1301 2501,1298 2546,1298 2591,1295 2635,1295 2680,1298 2725,1295 2770,1292 2815,1295 2859,1292 2904,1292 2949,1292 2994,1289 3038,1289 3083,1289 3128,1289 3173,1286 3218,1283 3262,1283 3307,1283 3352,1280 3397,1280 3441,1283 3486,1283 3531,1280 3576,1280 3621,1280"/>
               <TextEquiv>
                  <Unicode>ich es ruhig bedenke, waren meine äusseren Lebens¬</Unicode>
               </TextEquiv>
            </TextLine>
            <TextLine id="tr_2_tl_9" custom="readingOrder {index:8;}">
               <Coords points="658,1467 3762,1431 3730,1280 662,1352"/>
               <Baseline points="680,1429 683,1432 728,1432 773,1432 817,1432 862,1432 907,1429 952,1429 997,1429 1041,1429 1086,1426 1131,1426 1176,1426 1220,1426 1265,1426 1310,1420 1355,1423 1400,1426 1444,1426 1489,1423 1534,1423 1579,1423 1623,1423 1668,1420 1713,1417 1758,1417 1803,1415 1847,1415 1892,1417 1937,1415 1982,1415 2026,1415 2071,1415 2116,1409 2161,1412 2206,1412 2250,1409 2295,1409 2340,1406 2385,1403 2429,1406 2474,1406 2519,1406 2564,1403 2609,1406 2653,1403 2698,1403 2743,1403 2788,1406 2833,1403 2877,1400 2922,1400 2967,1397 3012,1397 3056,1400 3101,1397 3146,1397 3191,1394 3236,1397 3280,1394 3325,1391 3370,1394 3415,1391 3459,1394 3504,1394 3549,1391 3594,1391 3639,1388 3683,1385 3728,1385 3773,1385"/>
               <TextEquiv>
                  <Unicode>umstände ja eigentlich nie so sehr stabil und rich¬</Unicode>
               </TextEquiv>
            </TextLine>
            <TextLine id="tr_2_tl_10" custom="readingOrder {index:9;}">
               <Coords points="674,1562 3591,1542 3627,1403 674,1475"/>
               <Baseline points="695,1543 716,1543 761,1543 806,1549 850,1543 895,1543 940,1540 985,1537 1029,1537 1074,1537 1119,1534 1164,1534 1209,1534 1253,1531 1298,1531 1343,1531 1388,1528 1432,1528 1477,1528 1522,1531 1567,1528 1612,1528 1656,1528 1701,1528 1746,1531 1791,1531 1835,1528 1880,1525 1925,1525 1970,1525 2015,1522 2059,1522 2104,1519 2149,1519 2194,1519 2238,1516 2283,1519 2328,1519 2373,1516 2418,1516 2462,1513 2507,1516 2552,1513 2597,1513 2641,1516 2686,1513 2731,1510 2776,1510 2821,1510 2865,1507 2910,1507 2955,1507 3000,1504 3044,1504 3089,1504 3134,1507 3179,1507 3224,1504 3268,1504 3313,1504 3358,1501 3403,1504 3447,1501 3492,1498 3537,1498 3582,1498 3627,1501"/>
               <TextEquiv>
                  <Unicode>tig, auch Sils war ein belastetes Provisorium, und</Unicode>
               </TextEquiv>
            </TextLine>
            <TextLine id="tr_2_tl_11" custom="readingOrder {index:10;}">
               <Coords points="666,1661 3508,1641 3615,1625 3619,1530 670,1558"/>
               <Baseline points="686,1644 710,1647 755,1647 800,1647 844,1650 889,1650 934,1650 979,1647 1023,1644 1068,1644 1113,1644 1158,1644 1203,1641 1247,1644 1292,1641 1337,1641 1382,1638 1426,1641 1471,1641 1516,1641 1561,1638 1606,1638 1650,1635 1695,1638 1740,1638 1785,1635 1829,1632 1874,1632 1919,1632 1964,1632 2009,1629 2053,1626 2098,1623 2143,1623 2188,1623 2232,1623 2277,1623 2322,1623 2367,1623 2412,1623 2456,1623 2501,1623 2546,1626 2591,1623 2635,1623 2680,1623 2725,1620 2770,1620 2815,1620 2859,1620 2904,1620 2949,1620 2994,1618 3038,1618 3083,1618 3128,1620 3173,1615 3218,1615 3262,1612 3307,1612 3352,1615 3397,1612 3441,1612 3486,1612 3531,1609 3576,1609 3621,1609"/>
               <TextEquiv>
                  <Unicode>was verlange ich jetzt? – Es mag daran liegen, dass</Unicode>
               </TextEquiv>
            </TextLine>
            <TextLine id="tr_2_tl_12" custom="readingOrder {index:11;}">
               <Coords points="670,1780 3738,1752 3710,1586 670,1669"/>
               <Baseline points="692,1755 704,1752 749,1758 794,1758 838,1758 883,1758 928,1761 973,1758 1017,1755 1062,1752 1107,1749 1152,1749 1197,1749 1241,1749 1286,1749 1331,1749 1376,1746 1420,1749 1465,1749 1510,1746 1555,1746 1600,1749 1644,1746 1689,1743 1734,1746 1779,1746 1823,1743 1868,1743 1913,1743 1958,1743 2003,1740 2047,1737 2092,1737 2137,1737 2182,1737 2227,1737 2271,1737 2316,1734 2361,1734 2406,1734 2450,1734 2495,1734 2540,1731 2585,1728 2630,1728 2674,1728 2719,1728 2764,1731 2809,1728 2853,1728 2898,1725 2943,1725 2988,1722 3033,1725 3077,1725 3122,1725 3167,1722 3212,1719 3256,1722 3301,1722 3346,1722 3391,1722 3436,1725 3480,1722 3525,1719 3570,1716 3615,1719 3659,1716 3704,1713 3749,1713"/>
               <TextEquiv>
                  <Unicode>ich gesund bin, folglich immer zurechnungsfähig, und</Unicode>
               </TextEquiv>
            </TextLine>
            <TextLine id="tr_1_tl_1" custom="readingOrder {index:12;}">
               <Coords points="662,1903 3797,1839 3797,1756 3643,1724 666,1780"/>
               <Baseline points="683,1868 716,1865 761,1865 806,1865 850,1862 895,1862 940,1859 985,1859 1029,1859 1074,1859 1119,1859 1164,1856 1209,1856 1253,1856 1298,1856 1343,1856 1388,1856 1432,1856 1477,1856 1522,1856 1567,1853 1612,1853 1656,1853 1701,1853 1746,1850 1791,1850 1835,1847 1880,1847 1925,1847 1970,1847 2015,1850 2059,1850 2104,1847 2149,1844 2194,1844 2238,1844 2283,1844 2328,1841 2373,1841 2418,1841 2462,1838 2507,1838 2552,1838 2597,1838 2641,1838 2686,1838 2731,1835 2776,1835 2821,1835 2865,1835 2910,1835 2955,1832 3000,1835 3044,1832 3089,1832 3134,1832 3179,1832 3224,1829 3268,1829 3313,1829 3358,1826 3403,1826 3447,1826 3492,1829 3537,1826 3582,1823 3627,1823 3671,1826 3716,1823 3761,1823 3806,1821"/>
               <TextEquiv>
                  <Unicode>nicht mehr den beinahe bequemen Feind habe, der mich</Unicode>
               </TextEquiv>
            </TextLine>
            <TextLine id="tr_1_tl_2" custom="readingOrder {index:13;}">
               <Coords points="678,1994 3555,1954 3524,1839 678,1887"/>
               <Baseline points="698,1970 743,1970 788,1970 832,1970 877,1967 922,1967 967,1967 1012,1970 1056,1967 1101,1964 1146,1964 1191,1964 1235,1961 1280,1961 1325,1958 1370,1961 1415,1961 1459,1961 1504,1958 1549,1958 1594,1958 1638,1958 1683,1961 1728,1958 1773,1958 1818,1958 1862,1955 1907,1955 1952,1955 1997,1955 2041,1958 2086,1952 2131,1952 2176,1952 2221,1952 2265,1952 2310,1949 2355,1952 2400,1949 2444,1949 2489,1949 2534,1949 2579,1946 2624,1946 2668,1949 2713,1946 2758,1943 2803,1946 2847,1943 2892,1943 2937,1943 2982,1940 3027,1940 3071,1940 3116,1940 3161,1937 3206,1937 3250,1940 3295,1937 3340,1937 3385,1937 3430,1934 3474,1934 3519,1934 3564,1937"/>
               <TextEquiv>
                  <Unicode>immer in Not und Atem erhielt. Da sah dann alles</Unicode>
               </TextEquiv>
            </TextLine>
            <TextLine id="tr_1_tl_3" custom="readingOrder {index:14;}">
               <Coords points="670,2097 3076,2053 3686,2125 3686,1950 670,1990"/>
               <Baseline points="692,2077 695,2080 740,2077 785,2077 829,2077 874,2077 919,2077 964,2077 1009,2074 1053,2074 1098,2071 1143,2071 1188,2071 1232,2071 1277,2071 1322,2068 1367,2068 1412,2068 1456,2068 1501,2071 1546,2068 1591,2071 1635,2068 1680,2068 1725,2065 1770,2068 1815,2065 1859,2065 1904,2065 1949,2068 1994,2065 2038,2065 2083,2062 2128,2062 2173,2062 2218,2062 2262,2059 2307,2062 2352,2059 2397,2059 2441,2059 2486,2056 2531,2056 2576,2056 2621,2056 2665,2056 2710,2056 2755,2053 2800,2053 2844,2053 2889,2053 2934,2050 2979,2047 3024,2047 3068,2047 3113,2050 3158,2050 3203,2050 3247,2050 3292,2050 3337,2050 3382,2047 3427,2044 3471,2047 3516,2044 3561,2044 3606,2041 3650,2041 3695,2044"/>
               <TextEquiv>
                  <Unicode>schlicht und möglich aus, wenn nur DER besiegt und</Unicode>
               </TextEquiv>
            </TextLine>
            <TextLine id="tr_1_tl_4" custom="readingOrder {index:15;}">
               <Coords points="666,2204 1229,2224 1895,2172 2176,2188 2287,2247 2287,2113 2113,2069 1589,2125 1435,2069 1367,2117 666,2097"/>
               <Baseline points="689,2194 725,2188 770,2188 814,2185 859,2185 904,2182 949,2182 994,2185 1038,2185 1083,2182 1128,2179 1173,2179 1217,2179 1262,2179 1307,2179 1352,2179 1397,2179 1441,2179 1486,2176 1531,2176 1576,2176 1620,2176 1665,2173 1710,2173 1755,2173 1800,2173 1844,2176 1889,2176 1934,2173 1979,2170 2024,2170 2068,2170 2113,2170 2158,2173 2203,2170 2247,2170 2292,2170"/>
               <TextEquiv>
                  <Unicode>nicht existent sein würde.\:p\</Unicode>
               </TextEquiv>
            </TextLine>
            <TextLine id="tr_1_tl_5" custom="readingOrder {index:16;}">
               <Coords points="674,2323 3393,2291 3492,2271 3496,2136 674,2208"/>
               <Baseline points="695,2289 725,2286 770,2289 814,2289 859,2292 904,2292 949,2295 994,2295 1038,2289 1083,2289 1128,2289 1173,2289 1217,2289 1262,2289 1307,2289 1352,2289 1397,2286 1441,2283 1486,2283 1531,2283 1576,2283 1620,2280 1665,2280 1710,2280 1755,2277 1800,2280 1844,2283 1889,2277 1934,2277 1979,2280 2024,2280 2068,2277 2113,2277 2158,2277 2203,2274 2247,2277 2292,2274 2337,2271 2382,2271 2427,2271 2471,2271 2516,2268 2561,2271 2606,2271 2650,2268 2695,2271 2740,2268 2785,2271 2830,2271 2874,2271 2919,2268 2964,2268 3009,2268 3053,2265 3098,2265 3143,2262 3188,2265 3233,2262 3277,2262 3322,2262 3367,2262 3412,2259 3456,2259 3501,2256"/>
               <TextEquiv>
                  <Unicode>\p\Aber genug der Klagen, wie komme ich denn dazu?</Unicode>
               </TextEquiv>
            </TextLine>
            <TextLine id="tr_1_tl_6" custom="readingOrder {index:17;}">
               <Coords points="674,2430 3861,2398 3861,2275 674,2319"/>
               <Baseline points="695,2400 731,2397 776,2397 820,2397 865,2400 910,2400 955,2400 1000,2400 1044,2394 1089,2394 1134,2397 1179,2397 1223,2397 1268,2394 1313,2397 1358,2394 1403,2394 1447,2391 1492,2394 1537,2391 1582,2394 1626,2391 1671,2388 1716,2388 1761,2391 1806,2394 1850,2391 1895,2388 1940,2388 1985,2388 2029,2388 2074,2385 2119,2385 2164,2385 2209,2382 2253,2382 2298,2382 2343,2382 2388,2382 2432,2382 2477,2379 2522,2382 2567,2379 2612,2382 2656,2382 2701,2382 2746,2382 2791,2382 2835,2382 2880,2382 2925,2379 2970,2379 3015,2379 3059,2376 3104,2376 3149,2376 3194,2376 3239,2373 3283,2373 3328,2373 3373,2370 3418,2373 3462,2370 3507,2370 3552,2367 3597,2367 3642,2367 3686,2367 3731,2367 3776,2370 3821,2373 3865,2379"/>
               <TextEquiv>
                  <Unicode>Während gerade die fürchterliche u.schamlose Sitzung</Unicode>
               </TextEquiv>
            </TextLine>
            <TextLine id="tr_1_tl_7"
                      custom="readingOrder {index:18;} textStyle {offset:17;length:1;strikethrough:true;}">
               <Coords points="678,2521 2604,2529 2818,2501 2818,2422 678,2430"/>
               <Baseline points="701,2501 722,2510 767,2507 811,2507 856,2507 901,2510 946,2507 991,2504 1035,2504 1080,2504 1125,2501 1170,2504 1214,2504 1259,2504 1304,2504 1349,2504 1394,2504 1438,2504 1483,2501 1528,2501 1573,2501 1618,2498 1662,2501 1707,2501 1752,2498 1797,2498 1841,2498 1886,2495 1931,2495 1976,2498 2021,2498 2065,2492 2110,2492 2155,2492 2200,2492 2244,2492 2289,2489 2334,2489 2379,2492 2424,2489 2468,2489 2513,2489 2558,2489 2603,2489 2647,2492 2692,2492 2737,2492 2782,2489 2827,2492"/>
               <TextEquiv>
                  <Unicode>im Wald von Compie[i]ègne stat[sic]findet ...\:p\</Unicode>
               </TextEquiv>
            </TextLine>
            <TextLine id="tr_1_tl_8" custom="readingOrder {index:19;}">
               <Coords points="678,2652 3464,2624 3536,2465 3116,2549 2898,2481 2152,2557 678,2521"/>
               <Baseline points="701,2621 725,2621 770,2621 814,2621 859,2618 904,2624 949,2621 994,2615 1038,2615 1083,2615 1128,2615 1173,2612 1217,2618 1262,2618 1307,2615 1352,2612 1397,2612 1441,2612 1486,2612 1531,2609 1576,2609 1620,2609 1665,2609 1710,2606 1755,2606 1800,2606 1844,2603 1889,2603 1934,2603 1979,2606 2024,2603 2068,2603 2113,2606 2158,2606 2203,2603 2247,2603 2292,2603 2337,2603 2382,2603 2427,2600 2471,2600 2516,2600 2561,2597 2606,2600 2650,2600 2695,2600 2740,2597 2785,2597 2830,2594 2874,2594 2919,2594 2964,2594 3009,2594 3053,2594 3098,2597 3143,2591 3188,2591 3233,2591 3277,2591 3322,2591 3367,2591 3412,2591 3456,2591 3501,2591 3546,2597"/>
               <TextEquiv>
                  <Unicode>\p\Das Buch von Mc Cullers schicke ich Dir zurück,</Unicode>
               </TextEquiv>
            </TextLine>
            <TextLine id="tr_1_tl_9" custom="readingOrder {index:20;}">
               <Coords points="670,2739 3365,2699 3686,2767 3686,2628 670,2664"/>
               <Baseline points="692,2728 698,2728 743,2728 788,2728 832,2728 877,2725 922,2725 967,2725 1012,2725 1056,2725 1101,2725 1146,2725 1191,2722 1235,2722 1280,2722 1325,2722 1370,2722 1415,2722 1459,2722 1504,2722 1549,2722 1594,2722 1638,2719 1683,2719 1728,2716 1773,2719 1818,2719 1862,2716 1907,2716 1952,2716 1997,2719 2041,2716 2086,2713 2131,2713 2176,2713 2221,2713 2265,2713 2310,2713 2355,2713 2400,2710 2444,2707 2489,2707 2534,2707 2579,2707 2624,2707 2668,2704 2713,2704 2758,2704 2803,2707 2847,2704 2892,2701 2937,2701 2982,2701 3027,2701 3071,2704 3116,2701 3161,2701 3206,2701 3250,2698 3295,2698 3340,2698 3385,2698 3430,2698 3474,2698 3519,2695 3564,2695 3609,2695 3653,2695 3698,2695"/>
               <TextEquiv>
                  <Unicode>den Tobias bringe ich mit, weil ich ihn noch nicht</Unicode>
               </TextEquiv>
            </TextLine>
            <TextLine id="tr_1_tl_10" custom="readingOrder {index:21;}">
               <Coords points="674,2862 3512,2846 3512,2723 674,2739"/>
               <Baseline points="695,2830 701,2833 746,2833 791,2835 835,2835 880,2835 925,2835 970,2838 1014,2838 1059,2835 1104,2841 1149,2838 1194,2835 1238,2833 1283,2833 1328,2830 1373,2830 1417,2830 1462,2827 1507,2830 1552,2830 1597,2830 1641,2830 1686,2827 1731,2827 1776,2827 1821,2824 1865,2824 1910,2821 1955,2824 2000,2821 2044,2821 2089,2821 2134,2824 2179,2821 2224,2818 2268,2818 2313,2818 2358,2815 2403,2818 2447,2815 2492,2815 2537,2815 2582,2815 2627,2812 2671,2812 2716,2812 2761,2812 2806,2812 2850,2812 2895,2812 2940,2809 2985,2809 3030,2809 3074,2806 3119,2809 3164,2809 3209,2809 3253,2809 3298,2809 3343,2809 3388,2806 3433,2803 3477,2803 3522,2803"/>
               <TextEquiv>
                  <Unicode>fertig gelesen habe. Was treibt unser Horch, ist</Unicode>
               </TextEquiv>
            </TextLine>
            <TextLine id="tr_1_tl_11" custom="readingOrder {index:22;}">
               <Coords points="678,2949 3409,2965 3639,2933 3639,2834 678,2842"/>
               <Baseline points="698,2931 737,2934 782,2937 826,2940 871,2940 916,2937 961,2937 1006,2937 1050,2937 1095,2940 1140,2940 1185,2940 1229,2940 1274,2937 1319,2937 1364,2937 1409,2937 1453,2937 1498,2937 1543,2934 1588,2934 1632,2937 1677,2937 1722,2937 1767,2934 1812,2934 1856,2934 1901,2931 1946,2931 1991,2931 2035,2931 2080,2928 2125,2928 2170,2928 2215,2928 2259,2928 2304,2931 2349,2928 2394,2928 2438,2928 2483,2922 2528,2922 2573,2922 2618,2922 2662,2922 2707,2922 2752,2922 2797,2922 2841,2922 2886,2922 2931,2919 2976,2919 3021,2916 3065,2919 3110,2916 3155,2919 3200,2916 3244,2916 3289,2916 3334,2916 3379,2916 3424,2913 3468,2913 3513,2913 3558,2913 3603,2913 3647,2913"/>
               <TextEquiv>
                  <Unicode>Dein Manuskript jetzt untergebracht, hast Du noch</Unicode>
               </TextEquiv>
            </TextLine>
            <TextLine id="tr_1_tl_12" custom="readingOrder {index:23;}">
               <Coords points="674,3044 2826,3072 3250,3036 3250,2917 2386,2997 2236,2925 674,2949"/>
               <Baseline points="695,3041 710,3044 755,3044 800,3047 844,3047 889,3047 934,3047 979,3044 1023,3047 1068,3044 1113,3044 1158,3047 1203,3047 1247,3047 1292,3047 1337,3047 1382,3044 1426,3044 1471,3044 1516,3041 1561,3041 1606,3044 1650,3041 1695,3041 1740,3041 1785,3041 1829,3038 1874,3041 1919,3038 1964,3036 2009,3041 2053,3041 2098,3038 2143,3038 2188,3033 2232,3036 2277,3036 2322,3033 2367,3036 2412,3036 2456,3033 2501,3033 2546,3033 2591,3033 2635,3033 2680,3030 2725,3033 2770,3030 2815,3030 2859,3030 2904,3027 2949,3027 2994,3024 3038,3024 3083,3024 3128,3027 3173,3027 3218,3027 3262,3033"/>
               <TextEquiv>
                  <Unicode>Geld? – Aber mit den 50 $ hat es keine Eile.</Unicode>
               </TextEquiv>
            </TextLine>
            <TextLine id="tr_1_tl_13" custom="readingOrder {index:24;}">
               <Coords points="674,3199 3254,3191 3583,3135 3587,3024 674,3088"/>
               <Baseline points="695,3152 722,3155 767,3155 811,3158 856,3155 901,3158 946,3155 991,3155 1035,3155 1080,3155 1125,3155 1170,3155 1214,3152 1259,3155 1304,3155 1349,3155 1394,3155 1438,3152 1483,3152 1528,3149 1573,3149 1618,3149 1662,3149 1707,3149 1752,3146 1797,3149 1841,3149 1886,3146 1931,3146 1976,3146 2021,3146 2065,3146 2110,3146 2155,3143 2200,3143 2244,3143 2289,3143 2334,3140 2379,3140 2424,3140 2468,3137 2513,3143 2558,3137 2603,3137 2647,3137 2692,3137 2737,3137 2782,3137 2827,3137 2871,3134 2916,3134 2961,3134 3006,3131 3050,3134 3095,3131 3140,3131 3185,3131 3230,3134 3274,3131 3319,3131 3364,3128 3409,3131 3453,3128 3498,3128 3543,3125 3588,3125"/>
               <TextEquiv>
                  <Unicode>\g\Grüsse E.\:g\ inzwischen sehr und zärtlich, viel¬</Unicode>
               </TextEquiv>
            </TextLine>
            <TextLine id="tr_1_tl_14" custom="readingOrder {index:25;}">
               <Coords points="686,3282 3686,3306 3686,3147 686,3187"/>
               <Baseline points="707,3268 740,3265 785,3265 829,3268 874,3268 919,3265 964,3265 1009,3262 1053,3262 1098,3262 1143,3262 1188,3262 1232,3262 1277,3259 1322,3259 1367,3256 1412,3259 1456,3262 1501,3259 1546,3256 1591,3259 1635,3259 1680,3256 1725,3259 1770,3256 1815,3253 1859,3253 1904,3253 1949,3253 1994,3250 2038,3250 2083,3250 2128,3250 2173,3250 2218,3250 2262,3250 2307,3247 2352,3244 2397,3247 2441,3247 2486,3247 2531,3247 2576,3247 2621,3244 2665,3241 2710,3241 2755,3244 2800,3241 2844,3241 2889,3241 2934,3241 2979,3241 3024,3241 3068,3241 3113,3241 3158,3239 3203,3239 3247,3239 3292,3239 3337,3239 3382,3239 3427,3239 3471,3239 3516,3239 3561,3236 3606,3236 3650,3236 3695,3236"/>
               <TextEquiv>
                  <Unicode>leicht sieht sie für mich weniger schwarz als ich</Unicode>
               </TextEquiv>
            </TextLine>
            <TextLine id="tr_1_tl_15" custom="readingOrder {index:26;}">
               <Coords points="678,3381 3607,3409 3607,3290 3500,3242 678,3290"/>
               <Baseline points="698,3376 701,3376 746,3376 791,3376 835,3376 880,3373 925,3370 970,3373 1014,3370 1059,3370 1104,3373 1149,3370 1194,3370 1238,3370 1283,3367 1328,3367 1373,3367 1417,3367 1462,3364 1507,3364 1552,3364 1597,3364 1641,3364 1686,3364 1731,3364 1776,3364 1821,3364 1865,3364 1910,3361 1955,3361 2000,3361 2044,3361 2089,3358 2134,3358 2179,3358 2224,3358 2268,3355 2313,3355 2358,3355 2403,3361 2447,3358 2492,3355 2537,3355 2582,3355 2627,3352 2671,3352 2716,3352 2761,3355 2806,3358 2850,3355 2895,3352 2940,3349 2985,3346 3030,3346 3074,3346 3119,3349 3164,3349 3209,3349 3253,3346 3298,3346 3343,3343 3388,3343 3433,3343 3477,3343 3522,3340 3567,3337 3612,3337"/>
               <TextEquiv>
                  <Unicode>selbst oder sie sieht es im richtigeren Verhält¬</Unicode>
               </TextEquiv>
            </TextLine>
            <TextLine id="tr_1_tl_16" custom="readingOrder {index:27;}">
               <Coords points="678,3520 3040,3508 3330,3468 3330,3389 678,3417"/>
               <Baseline points="698,3486 740,3483 785,3483 829,3483 874,3483 919,3486 964,3483 1009,3480 1053,3480 1098,3483 1143,3480 1188,3480 1232,3480 1277,3477 1322,3477 1367,3474 1412,3474 1456,3474 1501,3477 1546,3474 1591,3474 1635,3474 1680,3471 1725,3471 1770,3471 1815,3471 1859,3471 1904,3468 1949,3468 1994,3468 2038,3468 2083,3468 2128,3468 2173,3468 2218,3468 2262,3468 2307,3465 2352,3465 2397,3462 2441,3462 2486,3459 2531,3462 2576,3459 2621,3462 2665,3462 2710,3462 2755,3459 2800,3459 2844,3456 2889,3456 2934,3456 2979,3456 3024,3456 3068,3453 3113,3453 3158,3453 3203,3456 3247,3453 3292,3453 3337,3459"/>
               <TextEquiv>
                  <Unicode>nis gegenüber anderen Sorgen. Jhr seid Beide</Unicode>
               </TextEquiv>
            </TextLine>
            <TextLine id="tr_1_tl_17" custom="readingOrder {index:28;}">
               <Coords points="670,3599 3337,3567 3603,3647 3607,3429 2810,3524 674,3516"/>
               <Baseline points="695,3597 707,3594 752,3594 797,3591 841,3591 886,3588 931,3594 976,3594 1020,3594 1065,3591 1110,3588 1155,3591 1200,3597 1244,3591 1289,3591 1334,3588 1379,3588 1423,3585 1468,3582 1513,3585 1558,3582 1603,3582 1647,3582 1692,3582 1737,3582 1782,3585 1826,3582 1871,3579 1916,3579 1961,3579 2006,3579 2050,3579 2095,3573 2140,3576 2185,3576 2229,3576 2274,3576 2319,3576 2364,3573 2409,3573 2453,3573 2498,3570 2543,3570 2588,3570 2632,3570 2677,3570 2722,3567 2767,3567 2812,3573 2856,3567 2901,3567 2946,3567 2991,3564 3036,3564 3080,3564 3125,3564 3170,3567 3215,3567 3259,3564 3304,3561 3349,3561 3394,3561 3439,3561 3483,3561 3528,3558 3573,3558 3618,3561"/>
               <TextEquiv>
                  <Unicode>\g\mutiger\:g\ als ich, das wird mir immer deutli¬</Unicode>
               </TextEquiv>
            </TextLine>
            <TextLine id="tr_1_tl_18" custom="readingOrder {index:29;}">
               <Coords points="690,3734 2549,3686 2890,3758 2890,3583 690,3611"/>
               <Baseline points="710,3707 752,3701 797,3701 841,3701 886,3701 931,3701 976,3698 1020,3695 1065,3695 1110,3695 1155,3695 1200,3698 1244,3692 1289,3689 1334,3692 1379,3689 1423,3689 1468,3689 1513,3686 1558,3689 1603,3689 1647,3692 1692,3689 1737,3689 1782,3689 1826,3686 1871,3686 1916,3686 1961,3686 2006,3686 2050,3686 2095,3683 2140,3683 2185,3680 2229,3680 2274,3680 2319,3683 2364,3683 2409,3677 2453,3677 2498,3677 2543,3677 2588,3674 2632,3674 2677,3677 2722,3677 2767,3677 2812,3674 2856,3671 2901,3671"/>
               <TextEquiv>
                  <Unicode>cher. Ob Ihr Nachricht habt vom Golo?\:p\</Unicode>
               </TextEquiv>
            </TextLine>
            <TextLine id="tr_1_tl_19" custom="readingOrder {index:30;}">
               <Coords points="1538,3884 1823,3884 1907,3849 1970,3900 2121,3865 2188,3916 2315,3861 2509,3904 2509,3722 2232,3702 2065,3777 2006,3750 1851,3785 1728,3738 1538,3777"/>
               <Baseline points="1561,3853 1579,3850 1623,3850 1668,3847 1713,3847 1758,3847 1803,3847 1847,3845 1892,3847 1937,3845 1982,3847 2026,3845 2071,3845 2116,3845 2161,3845 2206,3842 2250,3842 2295,3842 2340,3839 2385,3839 2429,3836 2474,3833 2519,3830"/>
               <TextEquiv>
                  <Unicode>Alles Zärtliche–</Unicode>
               </TextEquiv>
            </TextLine>
            <TextLine id="tr_3_tl_1" custom="readingOrder {index:31;}">
               <Coords points="2461,4011 2529,3972 2565,3991 2596,3988 2612,4003 2640,3976 2660,3991 2707,3991 2727,4011 2747,4007 2739,3908 2668,3900 2632,3873 2604,3896 2501,3841 2450,3845"/>
               <Baseline points="2480,3967 2525,3967 2570,3970 2615,3973 2659,3976 2704,3979 2749,3988 2758,3985"/>
               <TextEquiv>
                  <Unicode>Deine [handschriftlich ergänzt]</Unicode>
               </TextEquiv>
            </TextLine>
            <TextLine id="tr_3_tl_2" custom="readingOrder {index:32;}">
               <Coords points="2810,4198 2846,4202 2917,4154 2965,4190 3020,4190 3040,4174 3072,4186 3123,4170 3116,4059 3080,4067 3064,4051 3020,4075 2913,4015 2866,4035 2838,4007 2798,4019"/>
               <Baseline points="2830,4143 2874,4143 2919,4143 2964,4146 3009,4152 3053,4158 3098,4158 3131,4167"/>
               <TextEquiv>
                  <Unicode>Miro</Unicode>
               </TextEquiv>
            </TextLine>
            <TextEquiv>
               <Unicode/>
            </TextEquiv>
         </TextRegion>
      </Page>
   </PcGts>
</validation-wrapper>
