<?xml version="1.0" encoding="UTF-8"?>
<validation-wrapper>
   <PcGts xmlns="http://schema.primaresearch.org/PAGE/gts/pagecontent/2013-07-15">
      <Metadata>
         <Creator>prov=READ-COOP:name=TrHtr:version=2.36.0:model_id=51170:date=09_01_2026_14:33</Creator>
         <Created>2026-01-09T13:11:39.701+01:00</Created>
         <LastChange>2026-01-09T18:23:46.696+01:00</LastChange>
         <TranskribusMetadata docId="13546454"
                              pageId="111846548"
                              pageNr="1"
                              status="IN_PROGRESS"
                              userId="194245"
                              imgUrl="https://files.transkribus.eu/Get?fileType=view&amp;id=BRIQQPCTGTYAONUVYTUREJRC"
                              imageId="94484238"/>
      </Metadata>
      <Page imageFilename="letter_0424_001.jpg"
            imageWidth="3505"
            imageHeight="4442">
         <TextRegion id="r" custom="readingOrder {index:0;}">
            <Coords points="504,81 3125,81 3358,2075 3358,4204 976,4204 504,2042"/>
            <TextLine id="tr_2_tl_3" custom="readingOrder {index:0;}">
               <Coords points="626,493 924,412 1023,445 1360,406 1468,454 1679,412 1871,451 1871,358 1754,316 1643,346 1559,289 1134,340 1011,253 915,283 806,226 626,268"/>
               <Baseline points="641,411 686,408 731,405 776,405 820,405 865,405 910,405 955,405 1000,408 1044,408 1089,411 1134,414 1179,414 1223,414 1268,414 1313,414 1358,414 1403,414 1447,414 1492,411 1537,411 1582,411 1626,411 1671,408 1716,408 1761,408 1806,405 1850,408 1877,414"/>
               <TextEquiv>
                  <Unicode>[hs RS]Annemarie war in meiner</Unicode>
               </TextEquiv>
            </TextLine>
            <TextLine id="tr_2_tl_4" custom="readingOrder {index:1;}">
               <Coords points="484,596 1679,572 1802,629 1941,563 2326,653 2714,584 2714,490 2518,530 2070,433 487,475"/>
               <Baseline points="504,582 528,579 573,573 617,573 662,570 707,570 752,567 797,564 841,564 886,564 931,561 976,561 1020,561 1065,561 1110,564 1155,564 1200,561 1244,564 1289,561 1334,561 1379,558 1423,558 1468,558 1513,558 1558,561 1603,558 1647,555 1692,555 1737,555 1782,558 1826,555 1871,555 1916,555 1961,552 2006,549 2050,549 2095,549 2140,549 2185,549 2229,552 2274,552 2319,552 2364,552 2409,552 2453,552 2498,555 2543,558 2588,561 2632,561 2677,561 2722,567"/>
               <TextEquiv>
                  <Unicode>Abwesenheit an meine Briefsachen gegangen u.</Unicode>
               </TextEquiv>
            </TextLine>
            <TextLine id="tr_2_tl_5" custom="readingOrder {index:2;}">
               <Coords points="518,767 797,836 1387,752 1625,839 2160,836 2422,740 2931,731 2934,644 2705,581 2476,650 2016,599 1899,671 1691,578 915,656 521,596"/>
               <Baseline points="534,734 567,728 611,725 656,722 701,725 746,725 791,725 835,722 880,719 925,716 970,719 1014,719 1059,719 1104,722 1149,722 1194,722 1238,722 1283,722 1328,719 1373,716 1417,713 1462,710 1507,710 1552,713 1597,713 1641,713 1686,713 1731,713 1776,710 1820,710 1865,710 1910,713 1955,713 2000,713 2044,716 2089,713 2134,713 2179,713 2223,713 2268,713 2313,716 2358,716 2403,716 2447,713 2492,716 2537,713 2582,713 2626,716 2671,710 2716,710 2761,710 2806,707 2850,704 2895,704 2940,707"/>
               <TextEquiv>
                  <Unicode>hat meine Bf. v. 24. V. an D. Rupanner geben!!!</Unicode>
               </TextEquiv>
            </TextLine>
            <TextLine id="tr_2_tl_2" custom="readingOrder {index:3;}">
               <Coords points="2181,412 2368,430 2563,373 2891,451 3015,442 3012,328 2985,322 2882,343 2663,295 2575,328 2178,292"/>
               <Baseline points="2197,370 2241,367 2286,367 2331,367 2376,367 2421,364 2465,367 2510,370 2555,370 2600,373 2644,376 2689,376 2734,379 2779,382 2824,385 2868,388 2913,388 2958,391 3003,394 3018,391"/>
               <TextEquiv>
                  <Unicode>Mittwoch, 25. Mai 1938</Unicode>
               </TextEquiv>
            </TextLine>
            <TextLine id="tr_2_tl_6" custom="readingOrder {index:4;}">
               <Coords points="1011,1023 1213,1020 1279,1071 1432,1092 1540,1017 1634,1008 1742,1071 1920,1014 1920,957 1718,969 1637,915 1586,939 1513,897 1375,969 1011,936"/>
               <Baseline points="1026,1011 1071,1011 1116,1011 1161,1009 1206,1009 1250,1009 1295,1009 1340,1011 1385,1011 1429,1011 1474,1011 1519,1011 1564,1009 1609,1009 1653,1009 1698,1009 1743,1009 1788,1009 1832,1009 1877,1009 1922,1017 1928,1014"/>
               <TextEquiv>
                  <Unicode>Mein geliebtes Mameli,</Unicode>
               </TextEquiv>
            </TextLine>
            <TextLine id="tr_2_tl_7" custom="readingOrder {index:5;}">
               <Coords points="876,1207 3054,1197 3054,1098 2654,1140 2214,1044 1507,1125 1408,1077 876,1110"/>
               <Baseline points="892,1191 937,1185 982,1185 1026,1185 1071,1185 1116,1182 1161,1182 1206,1182 1250,1185 1295,1182 1340,1185 1385,1182 1429,1182 1474,1179 1519,1179 1564,1179 1609,1176 1653,1176 1698,1176 1743,1173 1788,1173 1832,1173 1877,1170 1922,1173 1967,1173 2012,1170 2056,1170 2101,1170 2146,1170 2191,1173 2235,1170 2280,1173 2325,1173 2370,1170 2415,1170 2459,1173 2504,1176 2549,1176 2594,1176 2638,1179 2683,1179 2728,1179 2773,1185 2818,1182 2862,1182 2907,1185 2952,1182 2997,1185 3041,1191 3059,1191"/>
               <TextEquiv>
                  <Unicode>ich möchte Dir einen Ring schenken. Die Fassung wurde</Unicode>
               </TextEquiv>
            </TextLine>
            <TextLine id="tr_2_tl_8" custom="readingOrder {index:6;}">
               <Coords points="912,1321 2985,1348 2985,1264 2675,1225 2461,1276 1706,1210 1553,1270 912,1234"/>
               <Baseline points="928,1310 973,1307 1017,1304 1062,1307 1107,1307 1152,1307 1197,1307 1241,1304 1286,1304 1331,1304 1376,1304 1420,1304 1465,1304 1510,1304 1555,1307 1600,1304 1644,1301 1689,1304 1734,1301 1779,1301 1823,1301 1868,1301 1913,1304 1958,1304 2003,1304 2047,1304 2092,1304 2137,1304 2182,1304 2226,1304 2271,1307 2316,1307 2361,1307 2406,1310 2450,1310 2495,1313 2540,1313 2585,1316 2629,1316 2674,1319 2719,1316 2764,1319 2809,1322 2853,1322 2898,1325 2943,1331 2988,1340 2991,1340"/>
               <TextEquiv>
                  <Unicode>in irgendeinem Bazar gemacht u. ist natürlich</Unicode>
               </TextEquiv>
            </TextLine>
            <TextLine id="tr_2_tl_9" custom="readingOrder {index:7;}">
               <Coords points="915,1450 1288,1513 2232,1447 2422,1510 2717,1456 3114,1516 3114,1393 2970,1357 2657,1405 2497,1324 2082,1411 1883,1336 1613,1405 915,1339"/>
               <Baseline points="931,1441 976,1441 1020,1441 1065,1441 1110,1444 1155,1444 1200,1444 1244,1444 1289,1444 1334,1444 1379,1444 1423,1444 1468,1444 1513,1444 1558,1444 1603,1447 1647,1447 1692,1444 1737,1447 1782,1447 1826,1444 1871,1444 1916,1441 1961,1441 2006,1444 2050,1444 2095,1447 2140,1447 2185,1447 2229,1444 2274,1444 2319,1447 2364,1447 2409,1447 2453,1447 2498,1450 2543,1453 2588,1453 2632,1453 2677,1453 2722,1456 2767,1456 2812,1459 2856,1459 2901,1465 2946,1468 2991,1471 3035,1477 3080,1486 3122,1498"/>
               <TextEquiv>
                  <Unicode>nichts wert. Aber das Siegel ist ein echtes numerisches</Unicode>
               </TextEquiv>
            </TextLine>
            <TextLine id="tr_2_tl_10" custom="readingOrder {index:8;}">
               <Coords points="948,1634 3117,1634 3117,1525 2994,1565 2810,1498 2557,1574 1649,1474 1294,1553 948,1519"/>
               <Baseline points="964,1594 1009,1588 1053,1591 1098,1594 1143,1594 1188,1594 1232,1597 1277,1594 1322,1594 1367,1591 1412,1588 1456,1594 1501,1591 1546,1594 1591,1591 1635,1591 1680,1588 1725,1588 1770,1588 1815,1588 1859,1588 1904,1591 1949,1588 1994,1588 2038,1588 2083,1588 2128,1591 2173,1591 2218,1591 2262,1591 2307,1591 2352,1591 2397,1591 2441,1591 2486,1591 2531,1594 2576,1594 2621,1594 2665,1594 2710,1594 2755,1594 2800,1594 2844,1597 2889,1597 2934,1600 2979,1603 3024,1609 3068,1617 3113,1629 3125,1629"/>
               <TextEquiv>
                  <Unicode>Siegel: zwei Königs-Manökeli [Zürichdeutsch für kleines Männchen] u. eine unleserliche</Unicode>
               </TextEquiv>
            </TextLine>
            <TextLine id="tr_2_tl_11" custom="readingOrder {index:9;}">
               <Coords points="948,1769 3117,1784 3063,1676 2729,1715 2437,1622 1932,1700 948,1664"/>
               <Baseline points="964,1725 1009,1728 1053,1731 1098,1734 1143,1737 1188,1740 1232,1740 1277,1743 1322,1743 1367,1743 1412,1740 1456,1740 1501,1737 1546,1737 1591,1734 1635,1734 1680,1734 1725,1734 1770,1734 1815,1731 1859,1734 1904,1734 1949,1734 1994,1731 2038,1731 2083,1731 2128,1728 2173,1731 2218,1731 2262,1731 2307,1728 2352,1728 2397,1731 2441,1731 2486,1731 2531,1734 2576,1734 2621,1737 2665,1737 2710,1740 2755,1740 2800,1743 2844,1740 2889,1743 2934,1746 2979,1749 3024,1752 3068,1758 3113,1773 3125,1776"/>
               <TextEquiv>
                  <Unicode>Inschrift. Wir wollen damit die Periode besiegeln</Unicode>
               </TextEquiv>
            </TextLine>
            <TextLine id="tr_2_tl_12" custom="readingOrder {index:10;}">
               <Coords points="951,1896 2145,1947 2606,1886 3012,1944 3009,1835 2630,1790 2383,1841 2094,1778 1622,1841 1237,1775 948,1814"/>
               <Baseline points="967,1868 1011,1871 1056,1871 1101,1874 1146,1874 1191,1874 1235,1877 1280,1877 1325,1877 1370,1877 1414,1877 1459,1877 1504,1877 1549,1877 1594,1877 1638,1877 1683,1880 1728,1877 1773,1877 1817,1880 1862,1883 1907,1880 1952,1877 1997,1877 2041,1877 2086,1874 2131,1877 2176,1874 2221,1874 2265,1874 2310,1877 2355,1877 2400,1880 2444,1880 2489,1880 2534,1883 2579,1883 2624,1886 2668,1889 2713,1892 2758,1892 2803,1895 2847,1895 2892,1892 2937,1892 2982,1892 3018,1892"/>
               <TextEquiv>
                  <Unicode>die hinter uns liegt, u. Schluss machen. Dazu</Unicode>
               </TextEquiv>
            </TextLine>
            <TextLine id="tr_2_tl_13" custom="readingOrder {index:11;}">
               <Coords points="966,2034 1194,2076 1625,2010 2127,2085 2278,2019 2518,2070 2882,2031 3072,2097 3093,1959 2946,2007 2753,1935 963,1935"/>
               <Baseline points="982,2000 1026,1997 1071,1997 1116,2003 1161,2003 1206,2003 1250,2006 1295,2009 1340,2009 1385,2009 1429,2006 1474,2009 1519,2012 1564,2009 1609,2009 1653,2012 1698,2009 1743,2012 1788,2015 1832,2012 1877,2012 1922,2015 1967,2015 2012,2018 2056,2015 2101,2015 2146,2015 2191,2015 2235,2015 2280,2015 2325,2015 2370,2015 2415,2015 2459,2015 2504,2018 2549,2018 2594,2018 2638,2020 2683,2023 2728,2026 2773,2026 2818,2029 2862,2026 2907,2026 2952,2029 2997,2029 3041,2029 3086,2032 3101,2032"/>
               <TextEquiv>
                  <Unicode>muss ich Dir Einiges schriftlich Sagen: Du darfst</Unicode>
               </TextEquiv>
            </TextLine>
            <TextLine id="tr_1_tl_1" custom="readingOrder {index:12;}">
               <Coords points="963,2148 3042,2181 3039,2100 2699,2067 2470,2118 1896,2046 1534,2115 1384,2037 960,2028"/>
               <Baseline points="976,2128 1020,2125 1065,2125 1110,2128 1155,2128 1200,2131 1244,2128 1289,2131 1334,2131 1379,2131 1423,2134 1468,2134 1513,2137 1558,2140 1603,2137 1647,2137 1692,2140 1737,2140 1782,2140 1826,2140 1871,2140 1916,2143 1961,2146 2006,2143 2050,2143 2095,2143 2140,2143 2185,2143 2229,2143 2274,2143 2319,2140 2364,2140 2409,2140 2453,2140 2498,2140 2543,2137 2588,2137 2632,2140 2677,2140 2722,2140 2767,2140 2812,2140 2856,2143 2901,2143 2946,2146 2991,2146 3035,2152 3050,2152"/>
               <TextEquiv>
                  <Unicode>nicht denken, ich wüsse nicht, wie mühsam und</Unicode>
               </TextEquiv>
            </TextLine>
            <TextLine id="tr_1_tl_2" custom="readingOrder {index:13;}">
               <Coords points="984,2281 1992,2338 2744,2275 3048,2329 3048,2178 2067,2205 1862,2157 1751,2208 981,2154"/>
               <Baseline points="1000,2247 1044,2244 1089,2247 1134,2247 1179,2247 1223,2250 1268,2247 1313,2247 1358,2250 1403,2253 1447,2253 1492,2259 1537,2262 1582,2262 1626,2262 1671,2262 1716,2262 1761,2262 1806,2262 1850,2259 1895,2265 1940,2268 1985,2268 2029,2268 2074,2265 2119,2265 2164,2271 2209,2277 2253,2271 2298,2265 2343,2262 2388,2262 2432,2262 2477,2265 2522,2265 2567,2268 2612,2271 2656,2271 2701,2268 2746,2271 2791,2274 2835,2277 2880,2277 2925,2280 2970,2283 3015,2286 3056,2292"/>
               <TextEquiv>
                  <Unicode>unerfreulich für Dich das "Drum u. Dran" der</Unicode>
               </TextEquiv>
            </TextLine>
            <TextLine id="tr_1_tl_3" custom="readingOrder {index:14;}">
               <Coords points="981,2395 3009,2440 3024,2332 1902,2302 1550,2353 978,2287"/>
               <Baseline points="997,2376 1041,2373 1086,2376 1131,2376 1176,2379 1220,2379 1265,2382 1310,2379 1355,2379 1400,2379 1444,2382 1489,2382 1534,2385 1579,2385 1623,2385 1668,2382 1713,2379 1758,2382 1803,2382 1847,2385 1892,2385 1937,2388 1982,2391 2026,2391 2071,2394 2116,2394 2161,2394 2206,2394 2250,2391 2295,2391 2340,2394 2385,2391 2429,2388 2474,2391 2519,2388 2564,2391 2609,2391 2653,2394 2698,2394 2743,2394 2788,2397 2832,2400 2877,2403 2922,2406 2967,2409 3012,2415 3032,2412"/>
               <TextEquiv>
                  <Unicode>letzten Wochen gewesen ist. Ich habe mich nicht</Unicode>
               </TextEquiv>
            </TextLine>
            <TextLine id="tr_1_tl_4" custom="readingOrder {index:15;}">
               <Coords points="1005,2521 1408,2585 1739,2527 2055,2588 2281,2524 2503,2603 2756,2542 3045,2591 3042,2446 2202,2425 1823,2497 1005,2449"/>
               <Baseline points="1020,2504 1065,2501 1110,2504 1155,2507 1200,2507 1244,2510 1289,2513 1334,2516 1379,2516 1423,2516 1468,2519 1513,2519 1558,2522 1603,2522 1647,2522 1692,2522 1737,2522 1782,2522 1826,2525 1871,2525 1916,2525 1961,2528 2006,2525 2050,2525 2095,2522 2140,2525 2185,2528 2229,2525 2274,2525 2319,2522 2364,2525 2409,2525 2453,2528 2498,2528 2543,2531 2588,2534 2632,2537 2677,2534 2722,2534 2767,2537 2812,2537 2856,2540 2901,2540 2946,2543 2991,2546 3035,2549 3053,2552"/>
               <TextEquiv>
                  <Unicode>nur ausgesprochen, – was sicher nötig war, um</Unicode>
               </TextEquiv>
            </TextLine>
            <TextLine id="tr_1_tl_5" custom="readingOrder {index:16;}">
               <Coords points="1014,2699 1856,2657 2109,2723 2822,2675 3033,2720 3033,2609 1014,2572"/>
               <Baseline points="1029,2647 1074,2647 1119,2653 1164,2656 1209,2656 1253,2659 1298,2662 1343,2659 1388,2656 1432,2659 1477,2656 1522,2656 1567,2656 1612,2656 1656,2656 1701,2656 1746,2656 1791,2656 1835,2656 1880,2656 1925,2656 1970,2656 2015,2653 2059,2653 2104,2659 2149,2656 2194,2662 2238,2656 2283,2659 2328,2656 2373,2656 2418,2659 2462,2662 2507,2665 2552,2665 2597,2665 2641,2665 2686,2668 2731,2668 2776,2671 2821,2674 2865,2674 2910,2674 2955,2680 3000,2689 3041,2698"/>
               <TextEquiv>
                  <Unicode>reinen Tisch zu machen, zwischen Dir u. mir,</Unicode>
               </TextEquiv>
            </TextLine>
            <TextLine id="tr_1_tl_6" custom="readingOrder {index:17;}">
               <Coords points="1029,2822 2744,2795 3135,2849 3150,2693 2398,2747 1935,2675 1026,2705"/>
               <Baseline points="1047,2776 1092,2776 1137,2782 1182,2785 1226,2785 1271,2788 1316,2785 1361,2785 1406,2785 1450,2785 1495,2788 1540,2788 1585,2791 1629,2791 1674,2788 1719,2785 1764,2785 1809,2788 1853,2785 1898,2782 1943,2782 1988,2785 2032,2788 2077,2785 2122,2785 2167,2785 2212,2785 2256,2785 2301,2785 2346,2788 2391,2791 2435,2794 2480,2794 2525,2794 2570,2791 2615,2794 2659,2794 2704,2794 2749,2797 2794,2797 2838,2800 2883,2803 2928,2803 2973,2809 3018,2815 3062,2818 3107,2824 3152,2832 3161,2835"/>
               <TextEquiv>
                  <Unicode>nach Jahren der Entfremdung, des Misstrauens,</Unicode>
               </TextEquiv>
            </TextLine>
            <TextLine id="tr_1_tl_7" custom="readingOrder {index:18;}">
               <Coords points="999,2979 1483,2928 1592,2985 1697,2937 2178,2988 2350,2925 3003,2970 3003,2876 2260,2819 1899,2909 1838,2858 999,2849"/>
               <Baseline points="1014,2913 1059,2913 1104,2913 1149,2916 1194,2919 1238,2919 1283,2922 1328,2925 1373,2922 1417,2925 1462,2925 1507,2925 1552,2928 1597,2928 1641,2928 1686,2928 1731,2931 1776,2931 1820,2931 1865,2934 1910,2934 1955,2934 2000,2934 2044,2928 2089,2928 2134,2925 2179,2925 2223,2925 2268,2919 2313,2922 2358,2922 2403,2922 2447,2925 2492,2922 2537,2925 2582,2925 2626,2928 2671,2928 2716,2931 2761,2931 2806,2934 2850,2937 2895,2943 2940,2946 2985,2952 3009,2958"/>
               <TextEquiv>
                  <Unicode>der Missverständnisse, – ich habe auch nervös</Unicode>
               </TextEquiv>
            </TextLine>
            <TextLine id="tr_1_tl_8" custom="readingOrder {index:19;}">
               <Coords points="1035,3120 1191,3081 1556,3141 1911,3075 2034,3132 2323,3087 3147,3141 3144,3024 3069,2994 1944,3006 1697,2937 1435,3006 1032,2979"/>
               <Baseline points="1053,3068 1098,3062 1143,3062 1188,3065 1232,3065 1277,3068 1322,3065 1367,3065 1412,3068 1456,3074 1501,3074 1546,3071 1591,3071 1635,3071 1680,3071 1725,3071 1770,3071 1815,3071 1859,3071 1904,3068 1949,3068 1994,3068 2038,3068 2083,3068 2128,3065 2173,3065 2218,3065 2262,3065 2307,3065 2352,3065 2397,3068 2441,3071 2486,3071 2531,3074 2576,3074 2621,3071 2665,3074 2710,3074 2755,3077 2800,3077 2844,3077 2889,3080 2934,3083 2979,3083 3024,3086 3068,3086 3113,3092 3155,3101"/>
               <TextEquiv>
                  <Unicode>geschwätzt, u. dadurch vielleicht Vieles entwertet,</Unicode>
               </TextEquiv>
            </TextLine>
            <TextLine id="tr_1_tl_9" custom="readingOrder {index:20;}">
               <Coords points="1050,3216 1501,3280 1896,3207 2636,3216 3204,3286 3201,3168 3111,3144 2311,3189 2208,3114 1862,3096 1658,3153 1188,3081 1050,3129"/>
               <Baseline points="1068,3194 1113,3194 1158,3197 1203,3197 1247,3203 1292,3203 1337,3206 1382,3206 1426,3206 1471,3203 1516,3203 1561,3206 1606,3206 1650,3203 1695,3206 1740,3206 1785,3206 1829,3206 1874,3206 1919,3209 1964,3212 2009,3215 2053,3212 2098,3212 2143,3212 2188,3209 2232,3212 2277,3215 2322,3215 2367,3215 2412,3215 2456,3215 2501,3215 2546,3215 2591,3215 2635,3215 2680,3215 2725,3215 2770,3218 2815,3221 2859,3224 2904,3227 2949,3232 2994,3235 3038,3238 3083,3241 3128,3247 3173,3253 3212,3262"/>
               <TextEquiv>
                  <Unicode>was ich Dir ein für allemal u. in wenigen Worten</Unicode>
               </TextEquiv>
            </TextLine>
            <TextLine id="tr_1_tl_10" custom="readingOrder {index:21;}">
               <Coords points="1077,3397 1315,3340 1519,3412 2085,3352 2374,3427 2648,3352 2756,3427 3141,3463 3138,3289 1071,3231"/>
               <Baseline points="1092,3322 1137,3334 1182,3334 1226,3337 1271,3337 1316,3337 1361,3337 1406,3334 1450,3334 1495,3334 1540,3334 1585,3331 1629,3334 1674,3334 1719,3337 1764,3337 1809,3340 1853,3340 1898,3346 1943,3349 1988,3349 2032,3352 2077,3349 2122,3349 2167,3352 2212,3349 2256,3349 2301,3349 2346,3352 2391,3352 2435,3349 2480,3352 2525,3349 2570,3352 2615,3352 2659,3352 2704,3352 2749,3352 2794,3355 2838,3361 2883,3364 2928,3370 2973,3376 3018,3382 3062,3388 3107,3391 3149,3403"/>
               <TextEquiv>
                  <Unicode>hätte sagen sollen. Du musst das verstehen, u.,</Unicode>
               </TextEquiv>
            </TextLine>
            <TextLine id="tr_1_tl_11" custom="readingOrder {index:22;}">
               <Coords points="1035,3493 1432,3550 1528,3502 1745,3583 1862,3502 3018,3538 3018,3418 2223,3391 2019,3466 1715,3376 1613,3433 1032,3391"/>
               <Baseline points="1053,3459 1098,3465 1143,3468 1188,3471 1232,3474 1277,3477 1322,3477 1367,3480 1412,3483 1456,3480 1501,3480 1546,3480 1591,3480 1635,3483 1680,3483 1725,3483 1770,3486 1815,3489 1859,3492 1904,3495 1949,3495 1994,3498 2038,3501 2083,3501 2128,3501 2173,3495 2218,3495 2262,3492 2307,3495 2352,3495 2397,3492 2441,3495 2486,3492 2531,3492 2576,3492 2621,3492 2665,3495 2710,3495 2755,3495 2800,3498 2844,3501 2889,3507 2934,3510 2979,3516 3021,3525"/>
               <TextEquiv>
                  <Unicode>wie möglich, vergessen: ich hatte natürlich</Unicode>
               </TextEquiv>
            </TextLine>
            <TextLine id="tr_1_tl_12" custom="readingOrder {index:23;}">
               <Coords points="1056,3617 3358,3710 3355,3574 2988,3607 2410,3520 1748,3586 1610,3514 1264,3559 1053,3490"/>
               <Baseline points="1074,3606 1119,3603 1164,3603 1209,3606 1253,3609 1298,3615 1343,3618 1388,3621 1432,3621 1477,3621 1522,3624 1567,3624 1612,3624 1656,3624 1701,3624 1746,3624 1791,3627 1835,3630 1880,3633 1925,3635 1970,3635 2015,3633 2059,3633 2104,3633 2149,3635 2194,3633 2238,3633 2283,3633 2328,3630 2373,3633 2418,3635 2462,3638 2507,3638 2552,3635 2597,3638 2641,3638 2686,3638 2731,3638 2776,3638 2821,3644 2865,3644 2910,3644 2955,3644 3000,3644 3044,3644 3089,3647 3134,3650 3179,3656 3224,3662 3268,3671 3313,3674 3358,3680"/>
               <TextEquiv>
                  <Unicode>Angst, Du werdest mir nicht glauben, u. werdest</Unicode>
               </TextEquiv>
            </TextLine>
            <TextLine id="tr_1_tl_13" custom="readingOrder {index:24;}">
               <Coords points="1098,3773 3298,3830 3295,3707 2988,3665 2512,3749 1342,3665 1095,3716"/>
               <Baseline points="1116,3749 1161,3752 1206,3755 1250,3758 1295,3758 1340,3758 1385,3758 1429,3761 1474,3761 1519,3761 1564,3761 1609,3761 1653,3761 1698,3764 1743,3764 1788,3764 1832,3764 1877,3770 1922,3767 1967,3764 2012,3764 2056,3767 2101,3767 2146,3767 2191,3767 2235,3767 2280,3770 2325,3770 2370,3770 2415,3776 2459,3776 2504,3779 2549,3779 2594,3779 2638,3782 2683,3779 2728,3782 2773,3782 2818,3782 2862,3785 2907,3785 2952,3785 2997,3788 3041,3788 3086,3788 3131,3791 3176,3794 3221,3800 3265,3803 3304,3815"/>
               <TextEquiv>
                  <Unicode>das Versprechen, gesund zu werden, den Versuch, </Unicode>
               </TextEquiv>
            </TextLine>
            <TextLine id="tr_1_tl_14" custom="readingOrder {index:25;}">
               <Coords points="1092,3969 1781,3902 2136,3957 2461,3917 2624,3996 3078,3953 3075,3872 2961,3845 2816,3896 2741,3842 2458,3887 2028,3803 1471,3800 1399,3848 1086,3803"/>
               <Baseline points="1107,3874 1152,3883 1197,3886 1241,3889 1286,3892 1331,3895 1376,3895 1420,3895 1465,3895 1510,3895 1555,3898 1600,3898 1644,3901 1689,3901 1734,3901 1779,3901 1823,3901 1868,3901 1913,3904 1958,3904 2003,3904 2047,3904 2092,3904 2137,3904 2182,3904 2226,3904 2271,3904 2316,3907 2361,3907 2406,3913 2450,3913 2495,3913 2540,3916 2585,3919 2629,3922 2674,3922 2719,3925 2764,3925 2809,3928 2853,3934 2898,3934 2943,3934 2988,3937 3032,3940 3077,3946 3086,3949"/>
               <TextEquiv>
                  <Unicode>gerade auch mit Hilfe einer so guten und</Unicode>
               </TextEquiv>
            </TextLine>
            <TextLine id="tr_1_tl_15" custom="readingOrder {index:26;}">
               <Coords points="1089,4041 1399,4110 1598,4050 3186,4113 3183,3990 3102,3963 2765,4023 2461,3944 2160,4005 1914,3911 1477,4005 1279,3944 1089,3975"/>
               <Baseline points="1107,4038 1152,4033 1197,4033 1241,4036 1286,4036 1331,4038 1376,4038 1420,4038 1465,4038 1510,4036 1555,4036 1600,4036 1644,4038 1689,4038 1734,4041 1779,4041 1823,4044 1868,4044 1913,4044 1958,4044 2003,4041 2047,4044 2092,4041 2137,4044 2182,4044 2226,4044 2271,4044 2316,4044 2361,4047 2406,4047 2450,4044 2495,4044 2540,4047 2585,4047 2629,4050 2674,4053 2719,4053 2764,4053 2809,4056 2853,4059 2898,4059 2943,4062 2988,4065 3032,4065 3077,4068 3122,4071 3167,4077 3194,4083"/>
               <TextEquiv>
                  <Unicode>ernst gemeinten Freundschaft wie der von Frau</Unicode>
               </TextEquiv>
            </TextLine>
            <TextLine id="tr_1_tl_16" custom="readingOrder {index:27;}">
               <Coords points="1065,4212 2720,4182 2843,4257 2949,4191 3183,4272 3183,4113 3102,4095 1471,4086 1387,4140 1246,4059 1065,4128"/>
               <Baseline points="1083,4170 1128,4167 1173,4167 1217,4167 1262,4167 1307,4170 1352,4176 1397,4179 1441,4176 1486,4176 1531,4179 1576,4182 1620,4185 1665,4188 1710,4185 1755,4182 1800,4185 1844,4185 1889,4188 1934,4188 1979,4188 2023,4188 2068,4188 2113,4188 2158,4188 2203,4188 2247,4191 2292,4188 2337,4188 2382,4182 2426,4179 2471,4176 2516,4176 2561,4179 2606,4179 2650,4176 2695,4176 2740,4176 2785,4179 2829,4179 2874,4179 2919,4182 2964,4185 3009,4185 3053,4185 3098,4188 3143,4194 3188,4194"/>
               <TextEquiv>
                  <Unicode>Forrer, ein "neues Leben" (oder Jahrzehnt!)</Unicode>
               </TextEquiv>
            </TextLine>
            <TextEquiv>
               <Unicode/>
            </TextEquiv>
         </TextRegion>
      </Page>
   </PcGts>
   <PcGts xmlns="http://schema.primaresearch.org/PAGE/gts/pagecontent/2013-07-15">
      <Metadata>
         <Creator>prov=READ-COOP:name=TrHtr:version=2.36.0:model_id=51170:date=09_01_2026_14:33</Creator>
         <Created>2026-01-09T13:11:40.041+01:00</Created>
         <LastChange>2026-01-09T14:33:49.818+01:00</LastChange>
         <TranskribusMetadata docId="13546454"
                              pageId="111846549"
                              pageNr="2"
                              status="IN_PROGRESS"
                              userId="194245"
                              imgUrl="https://files.transkribus.eu/Get?fileType=view&amp;id=VICLAHCBUKTJSHMOOARCAYBN"
                              imageId="94484138"/>
      </Metadata>
      <Page imageFilename="letter_0424_002.jpg"
            imageWidth="3505"
            imageHeight="4442"/>
   </PcGts>
   <PcGts xmlns="http://schema.primaresearch.org/PAGE/gts/pagecontent/2013-07-15">
      <Metadata>
         <Creator>prov=READ-COOP:name=TrHtr:version=2.36.0:model_id=51170:date=09_01_2026_14:33</Creator>
         <Created>2026-01-09T13:11:40.455+01:00</Created>
         <LastChange>2026-01-09T18:27:57.048+01:00</LastChange>
         <TranskribusMetadata docId="13546454"
                              pageId="111846550"
                              pageNr="3"
                              status="IN_PROGRESS"
                              userId="194245"
                              imgUrl="https://files.transkribus.eu/Get?fileType=view&amp;id=OXKAYVTQPRIPPJZXLLISVSJK"
                              imageId="94484239"/>
      </Metadata>
      <Page imageFilename="letter_0424_003.jpg"
            imageWidth="3505"
            imageHeight="4442">
         <TextRegion id="r_1" custom="readingOrder {index:0;}">
            <Coords points="605,256 743,256 743,321 605,321"/>
            <TextLine id="l"
                      custom="readingOrder {index:0;} textStyle {offset:0;length:1;underlined:true;}">
               <Coords points="613,321 743,285 735,256 605,292"/>
               <Baseline points="613,321 743,285"/>
               <TextEquiv>
                  <Unicode>2</Unicode>
               </TextEquiv>
            </TextLine>
            <TextEquiv>
               <Unicode/>
            </TextEquiv>
         </TextRegion>
         <TextRegion id="r" custom="readingOrder {index:1;}">
            <Coords points="883,75 3385,75 3385,4126 916,4126 883,1741"/>
            <TextLine id="tr_2_tl_2" custom="readingOrder {index:0;}">
               <Coords points="876,488 1230,454 1511,535 2663,444 2750,501 2916,438 3298,472 3301,385 2853,319 2300,332 2106,407 1101,357 879,426"/>
               <Baseline points="892,468 937,462 982,462 1026,462 1071,459 1116,456 1161,453 1206,453 1250,453 1295,450 1340,453 1385,456 1429,453 1474,450 1519,447 1564,447 1609,444 1653,444 1698,444 1743,444 1788,444 1832,444 1877,444 1922,444 1967,444 2012,447 2056,447 2101,447 2146,447 2191,447 2235,447 2280,444 2325,444 2370,444 2415,444 2459,444 2504,441 2549,441 2594,441 2638,441 2683,444 2728,444 2773,441 2818,441 2862,441 2907,441 2952,444 2997,444 3041,447 3086,450 3131,453 3176,453 3221,459 3265,462 3307,468"/>
               <TextEquiv>
                  <Unicode>zu begin[n]en, nicht anders u. nicht gläubiger an[n]ehmen</Unicode>
               </TextEquiv>
            </TextLine>
            <TextLine id="tr_2_tl_3" custom="readingOrder {index:1;}">
               <Coords points="876,641 1668,585 2212,635 2343,576 3148,638 3148,529 2487,485 1361,548 1023,457 876,523"/>
               <Baseline points="892,597 937,594 982,597 1026,594 1071,597 1116,594 1161,594 1206,594 1250,591 1295,591 1340,588 1385,588 1429,588 1474,588 1519,585 1564,585 1609,582 1653,579 1698,576 1743,579 1788,576 1832,579 1877,576 1922,579 1967,576 2012,579 2056,576 2101,576 2146,576 2191,579 2235,582 2280,579 2325,573 2370,576 2415,573 2459,576 2504,573 2549,576 2594,579 2638,576 2683,576 2728,576 2773,576 2818,579 2862,579 2907,579 2952,582 2997,582 3041,585 3086,591 3131,594 3155,603"/>
               <TextEquiv>
                  <Unicode>als die vielen Aussprachen zwischen Dir u. mir,</Unicode>
               </TextEquiv>
            </TextLine>
            <TextLine id="tr_2_tl_4" custom="readingOrder {index:2;}">
               <Coords points="867,779 3057,735 3057,629 2412,594 1893,691 1474,632 867,691"/>
               <Baseline points="883,752 916,749 961,749 1006,746 1050,746 1095,740 1140,734 1185,734 1229,734 1274,731 1319,728 1364,731 1409,731 1453,734 1498,731 1543,728 1588,725 1632,725 1677,722 1722,719 1767,719 1812,719 1856,719 1901,719 1946,719 1991,719 2035,719 2080,719 2125,719 2170,722 2215,719 2259,716 2304,716 2349,716 2394,713 2438,713 2483,713 2528,713 2573,716 2618,716 2662,716 2707,716 2752,716 2797,713 2841,713 2886,716 2931,716 2976,719 3021,725 3065,731"/>
               <TextEquiv>
                  <Unicode>die Rückfälle zu Übermüdung, Nervöser Schwäche, –</Unicode>
               </TextEquiv>
            </TextLine>
            <TextLine id="tr_2_tl_5" custom="readingOrder {index:3;}">
               <Coords points="867,970 1752,879 2350,945 2544,857 3351,957 3351,792 2550,835 2384,760 2300,829 1702,785 1067,848 867,795"/>
               <Baseline points="883,889 892,889 937,889 982,886 1026,886 1071,883 1116,883 1161,880 1206,880 1250,880 1295,880 1340,883 1385,883 1429,883 1474,880 1519,880 1564,880 1609,877 1653,877 1698,874 1743,871 1788,871 1832,871 1877,874 1922,871 1967,868 2012,868 2056,868 2101,865 2146,868 2191,868 2235,862 2280,862 2325,859 2370,859 2415,859 2459,862 2504,859 2549,859 2594,862 2638,862 2683,862 2728,859 2773,859 2818,859 2862,859 2907,862 2952,865 2997,865 3041,868 3086,868 3131,871 3176,874 3221,877 3265,880 3310,886 3355,886"/>
               <TextEquiv>
                  <Unicode>Morphium. Mir war – u. ist zuweilen noch - Him[m]elangst,</Unicode>
               </TextEquiv>
            </TextLine>
            <TextLine id="tr_2_tl_6" custom="readingOrder {index:4;}">
               <Coords points="885,1045 3176,1020 3179,932 1036,910 885,961"/>
               <Baseline points="904,1044 943,1041 988,1035 1032,1032 1077,1032 1122,1032 1167,1029 1211,1026 1256,1023 1301,1020 1346,1020 1391,1017 1435,1014 1480,1014 1525,1014 1570,1011 1615,1011 1659,1009 1704,1011 1749,1011 1794,1009 1838,1009 1883,1006 1928,1000 1973,1000 2018,1000 2062,997 2107,997 2152,997 2197,997 2241,997 2286,1000 2331,1000 2376,1000 2421,1000 2465,1003 2510,1000 2555,1000 2600,1000 2644,1003 2689,1003 2734,1000 2779,1000 2824,1000 2868,997 2913,1000 2958,1000 3003,1000 3047,1003 3092,1003 3137,1006 3182,1014"/>
               <TextEquiv>
                  <Unicode>"Du habest es satt" – die gleiche Angst, die mich</Unicode>
               </TextEquiv>
            </TextLine>
            <TextLine id="tr_2_tl_7" custom="readingOrder {index:5;}">
               <Coords points="876,1214 3270,1148 3270,1089 3035,1029 2594,1029 2434,1111 2196,1058 879,1104"/>
               <Baseline points="895,1179 901,1179 946,1179 991,1179 1035,1176 1080,1176 1125,1176 1170,1176 1214,1173 1259,1170 1304,1167 1349,1161 1394,1158 1438,1158 1483,1155 1528,1155 1573,1152 1617,1152 1662,1149 1707,1149 1752,1146 1797,1146 1841,1143 1886,1140 1931,1140 1976,1137 2020,1137 2065,1137 2110,1137 2155,1137 2200,1137 2244,1137 2289,1137 2334,1137 2379,1134 2423,1134 2468,1134 2513,1131 2558,1131 2603,1128 2647,1128 2692,1128 2737,1128 2782,1128 2826,1128 2871,1128 2916,1128 2961,1125 3006,1128 3050,1128 3095,1131 3140,1131 3185,1131 3230,1131 3274,1134"/>
               <TextEquiv>
                  <Unicode>diesmal abgehalten hat, mich an Erika zu wenden.</Unicode>
               </TextEquiv>
            </TextLine>
            <TextLine id="tr_2_tl_8" custom="readingOrder {index:6;}">
               <Coords points="870,1361 3129,1302 3110,1186 2378,1252 2193,1164 1768,1255 873,1214"/>
               <Baseline points="886,1319 898,1319 943,1316 988,1316 1032,1319 1077,1319 1122,1319 1167,1316 1211,1313 1256,1313 1301,1310 1346,1310 1391,1310 1435,1304 1480,1298 1525,1298 1570,1298 1615,1298 1659,1301 1704,1298 1749,1295 1794,1289 1838,1289 1883,1289 1928,1289 1973,1286 2018,1283 2062,1280 2107,1283 2152,1286 2197,1286 2241,1283 2286,1283 2331,1283 2376,1283 2421,1283 2465,1283 2510,1280 2555,1280 2600,1277 2644,1274 2689,1277 2734,1277 2779,1277 2824,1277 2868,1277 2913,1277 2958,1277 3003,1280 3047,1280 3092,1280 3137,1289"/>
               <TextEquiv>
                  <Unicode>Und nicht zuletzt die Angst, um derentwillen ich</Unicode>
               </TextEquiv>
            </TextLine>
            <TextLine id="tr_2_tl_9" custom="readingOrder {index:7;}">
               <Coords points="867,1474 1145,1527 1568,1455 1887,1527 3376,1464 3285,1348 3104,1389 2938,1323 867,1361"/>
               <Baseline points="883,1462 922,1459 967,1456 1011,1456 1056,1456 1101,1459 1146,1456 1191,1456 1235,1456 1280,1453 1325,1453 1370,1453 1414,1453 1459,1453 1504,1450 1549,1447 1594,1444 1638,1441 1683,1438 1728,1438 1773,1435 1817,1435 1862,1432 1907,1432 1952,1429 1997,1429 2041,1426 2086,1426 2131,1429 2176,1429 2221,1426 2265,1426 2310,1429 2355,1426 2400,1426 2444,1426 2489,1426 2534,1426 2579,1423 2624,1423 2668,1420 2713,1423 2758,1423 2803,1420 2847,1423 2892,1423 2937,1423 2982,1423 3027,1423 3071,1423 3116,1420 3161,1423 3206,1426 3250,1429 3295,1432 3340,1438 3385,1444"/>
               <TextEquiv>
                  <Unicode>Anita Forrer mehr als nötig nervös gemacht, u. angefleht</Unicode>
               </TextEquiv>
            </TextLine>
            <TextLine id="tr_2_tl_10" custom="readingOrder {index:8;}">
               <Coords points="904,1627 2281,1571 3210,1618 3210,1496 904,1527"/>
               <Baseline points="922,1585 967,1591 1011,1591 1056,1594 1101,1594 1146,1597 1191,1597 1235,1597 1280,1594 1325,1594 1370,1594 1414,1594 1459,1591 1504,1594 1549,1591 1594,1588 1638,1585 1683,1582 1728,1582 1773,1582 1817,1579 1862,1576 1907,1576 1952,1573 1997,1573 2041,1576 2086,1576 2131,1573 2176,1573 2221,1573 2265,1570 2310,1570 2355,1573 2400,1573 2444,1573 2489,1573 2534,1573 2579,1573 2624,1567 2668,1567 2713,1564 2758,1564 2803,1564 2847,1564 2892,1567 2937,1567 2982,1567 3027,1567 3071,1570 3116,1573 3161,1576 3206,1582 3218,1585"/>
               <TextEquiv>
                  <Unicode>habe: ob sie auch zu mir stehen, mich nicht fallen</Unicode>
               </TextEquiv>
            </TextLine>
            <TextLine id="tr_2_tl_11" custom="readingOrder {index:9;}">
               <Coords points="907,1765 1076,1768 1117,1802 1505,1733 1912,1740 1912,1674 1774,1636 1464,1630 1248,1683 907,1633"/>
               <Baseline points="925,1725 970,1725 1014,1728 1059,1728 1104,1728 1149,1728 1194,1728 1238,1728 1283,1728 1328,1731 1373,1731 1417,1728 1462,1728 1507,1728 1552,1728 1597,1725 1641,1722 1686,1722 1731,1722 1776,1719 1820,1719 1865,1722 1910,1725 1919,1728"/>
               <TextEquiv>
                  <Unicode>u. allein lassen werde.</Unicode>
               </TextEquiv>
            </TextLine>
            <TextLine id="tr_1_tl_1" custom="readingOrder {index:10;}">
               <Coords points="898,1905 2600,1877 3163,1987 3163,1783 3007,1765 2559,1818 2340,1752 2093,1824 1796,1771 1696,1837 1230,1787 1126,1843 898,1777"/>
               <Baseline points="916,1883 961,1880 1006,1880 1050,1880 1095,1880 1140,1880 1185,1880 1229,1880 1274,1880 1319,1880 1364,1880 1409,1880 1453,1874 1498,1874 1543,1874 1588,1874 1632,1871 1677,1871 1722,1868 1767,1868 1812,1868 1856,1865 1901,1865 1946,1865 1991,1865 2035,1865 2080,1865 2125,1868 2170,1868 2215,1868 2259,1871 2304,1871 2349,1874 2394,1874 2438,1871 2483,1874 2528,1874 2573,1877 2618,1883 2662,1883 2707,1883 2752,1880 2797,1880 2841,1883 2886,1889 2931,1892 2976,1898 3021,1898 3065,1901 3110,1904 3155,1913 3170,1913"/>
               <TextEquiv>
                  <Unicode>\p\Diese Angst ist doch wieder nicht ohne Grund. Ich</Unicode>
               </TextEquiv>
            </TextLine>
            <TextLine id="tr_1_tl_2" custom="readingOrder {index:11;}">
               <Coords points="957,2024 1937,2021 2062,2077 2503,2015 3238,2084 3238,1971 2603,1877 1483,1968 954,1893"/>
               <Baseline points="976,1997 1020,1997 1065,1994 1110,1997 1155,2000 1200,2000 1244,2000 1289,2000 1334,2000 1379,2000 1423,2003 1468,2000 1513,2003 1558,2003 1603,2000 1647,2000 1692,2000 1737,2000 1782,2000 1826,2000 1871,1997 1916,1997 1961,1994 2006,1997 2050,1997 2095,1997 2140,2000 2185,2003 2229,2000 2274,2003 2319,2006 2364,2009 2409,2006 2453,2006 2498,2009 2543,2009 2588,2009 2632,2012 2677,2012 2722,2012 2767,2012 2812,2015 2856,2018 2901,2020 2946,2023 2991,2026 3035,2032 3080,2032 3125,2035 3170,2038 3215,2041 3244,2047"/>
               <TextEquiv>
                  <Unicode>habe den wenigen Menschen, die mich ken[n]en u. mich</Unicode>
               </TextEquiv>
            </TextLine>
            <TextLine id="tr_1_tl_3" custom="readingOrder {index:12;}">
               <Coords points="935,2140 2907,2146 3063,2196 3016,2062 2822,2112 2631,2043 935,2040"/>
               <Baseline points="952,2128 997,2122 1041,2122 1086,2122 1131,2122 1176,2122 1220,2125 1265,2125 1310,2128 1355,2131 1400,2131 1444,2134 1489,2134 1534,2134 1579,2134 1623,2137 1668,2137 1713,2137 1758,2134 1803,2134 1847,2134 1892,2128 1937,2128 1982,2128 2026,2131 2071,2131 2116,2131 2161,2134 2206,2131 2250,2131 2295,2131 2340,2131 2385,2131 2429,2131 2474,2131 2519,2131 2564,2131 2609,2128 2653,2128 2698,2128 2743,2131 2788,2134 2832,2140 2877,2140 2922,2143 2967,2143 3012,2143 3056,2152 3071,2152"/>
               <TextEquiv>
                  <Unicode>trotzdem lieben, oder lieb behalten haben, sehr</Unicode>
               </TextEquiv>
            </TextLine>
            <TextLine id="tr_1_tl_4" custom="readingOrder {index:13;}">
               <Coords points="942,2334 1108,2353 1383,2256 1724,2325 1959,2271 3232,2290 3229,2206 3122,2181 939,2168"/>
               <Baseline points="958,2244 1003,2241 1047,2241 1092,2247 1137,2247 1182,2250 1226,2250 1271,2250 1316,2253 1361,2253 1406,2256 1450,2253 1495,2253 1540,2256 1585,2256 1629,2256 1674,2256 1719,2259 1764,2256 1809,2262 1853,2259 1898,2259 1943,2259 1988,2259 2032,2262 2077,2262 2122,2262 2167,2262 2212,2262 2256,2262 2301,2265 2346,2265 2391,2262 2435,2262 2480,2262 2525,2259 2570,2262 2615,2259 2659,2259 2704,2262 2749,2262 2794,2268 2838,2268 2883,2268 2928,2271 2973,2271 3018,2271 3062,2274 3107,2274 3152,2277 3197,2277 3241,2283"/>
               <TextEquiv>
                  <Unicode>zweifellos bewiesen, dass ich schwach bin, u. keinen</Unicode>
               </TextEquiv>
            </TextLine>
            <TextLine id="tr_1_tl_5" custom="readingOrder {index:14;}">
               <Coords points="951,2465 1433,2397 3357,2478 3354,2356 2872,2287 2669,2350 2009,2293 948,2347"/>
               <Baseline points="964,2388 1009,2391 1053,2394 1098,2397 1143,2397 1188,2397 1232,2397 1277,2397 1322,2397 1367,2397 1412,2397 1456,2397 1501,2394 1546,2394 1591,2394 1635,2397 1680,2397 1725,2397 1770,2400 1815,2403 1859,2400 1904,2400 1949,2403 1994,2406 2038,2406 2083,2403 2128,2403 2173,2406 2218,2403 2262,2403 2307,2406 2352,2406 2397,2406 2441,2409 2486,2409 2531,2409 2576,2412 2621,2412 2665,2415 2710,2418 2755,2421 2800,2418 2844,2421 2889,2421 2934,2421 2979,2423 3024,2426 3068,2429 3113,2429 3158,2432 3203,2435 3247,2438 3292,2444 3337,2447 3364,2459"/>
               <TextEquiv>
                  <Unicode>rechten Instinkt zur Selbsterhaltung habe – weswegen</Unicode>
               </TextEquiv>
            </TextLine>
            <TextLine id="tr_1_tl_6" custom="readingOrder {index:15;}">
               <Coords points="948,2609 2112,2547 2706,2625 2816,2562 3129,2600 3129,2490 2781,2534 2522,2447 2090,2503 1449,2393 945,2465"/>
               <Baseline points="964,2531 1009,2528 1053,2528 1098,2531 1143,2531 1188,2531 1232,2534 1277,2534 1322,2537 1367,2534 1412,2531 1456,2534 1501,2534 1546,2534 1591,2534 1635,2534 1680,2534 1725,2537 1770,2537 1815,2537 1859,2543 1904,2543 1949,2546 1994,2546 2038,2546 2083,2546 2128,2546 2173,2546 2218,2546 2262,2546 2307,2549 2352,2549 2397,2552 2441,2552 2486,2555 2531,2555 2576,2555 2621,2558 2665,2561 2710,2561 2755,2561 2800,2561 2844,2561 2889,2561 2934,2564 2979,2564 3024,2567 3068,2567 3113,2573 3137,2576"/>
               <TextEquiv>
                  <Unicode>ich dann, deprimiert oder krank oder auch nur</Unicode>
               </TextEquiv>
            </TextLine>
            <TextLine id="tr_1_tl_7" custom="readingOrder {index:16;}">
               <Coords points="982,2731 1927,2672 3320,2741 3316,2609 3022,2584 2781,2663 2218,2581 1693,2631 1530,2559 1355,2625 982,2609"/>
               <Baseline points="1000,2671 1044,2668 1089,2668 1134,2668 1179,2671 1223,2671 1268,2671 1313,2671 1358,2671 1403,2674 1447,2677 1492,2677 1537,2671 1582,2671 1626,2671 1671,2671 1716,2671 1761,2671 1806,2671 1850,2671 1895,2671 1940,2671 1985,2674 2029,2674 2074,2674 2119,2677 2164,2677 2209,2680 2253,2680 2298,2680 2343,2680 2388,2683 2432,2683 2477,2683 2522,2686 2567,2689 2612,2689 2656,2689 2701,2692 2746,2692 2791,2692 2835,2695 2880,2698 2925,2698 2970,2701 3015,2704 3059,2710 3104,2713 3149,2716 3194,2716 3238,2719 3283,2725 3328,2731"/>
               <TextEquiv>
                  <Unicode>übermüdet, zu solchen Mitteln wie Morphium greife.</Unicode>
               </TextEquiv>
            </TextLine>
            <TextLine id="tr_1_tl_8" custom="readingOrder {index:17;}">
               <Coords points="961,2866 1643,2907 2093,2828 2212,2885 3248,2897 3273,2844 2584,2722 2256,2791 1937,2706 957,2731"/>
               <Baseline points="976,2803 1020,2803 1065,2806 1110,2809 1155,2809 1200,2812 1244,2812 1289,2812 1334,2812 1379,2809 1423,2812 1468,2812 1513,2815 1558,2815 1603,2815 1647,2818 1692,2818 1737,2818 1782,2818 1826,2821 1871,2818 1916,2818 1961,2818 2006,2818 2050,2818 2095,2818 2140,2821 2185,2821 2229,2824 2274,2826 2319,2826 2364,2829 2409,2829 2453,2826 2498,2829 2543,2829 2588,2829 2632,2835 2677,2835 2722,2838 2767,2841 2812,2844 2856,2847 2901,2850 2946,2850 2991,2853 3035,2856 3080,2859 3125,2865 3170,2871 3215,2874 3259,2880 3277,2886"/>
               <TextEquiv>
                  <Unicode>Wen[n] ich dan[n] Hilfe brauche, rechtfertige ich mich u.</Unicode>
               </TextEquiv>
            </TextLine>
            <TextLine id="tr_1_tl_9" custom="readingOrder {index:18;}">
               <Coords points="1007,2985 1893,2954 3235,3032 3232,2941 3057,2979 2709,2872 1004,2900"/>
               <Baseline points="1023,2934 1068,2937 1113,2937 1158,2940 1203,2943 1247,2943 1292,2940 1337,2943 1382,2943 1426,2946 1471,2946 1516,2946 1561,2943 1606,2946 1650,2946 1695,2949 1740,2952 1785,2955 1829,2952 1874,2952 1919,2952 1964,2952 2009,2952 2053,2952 2098,2952 2143,2955 2188,2964 2232,2964 2277,2964 2322,2967 2367,2967 2412,2973 2456,2973 2501,2976 2546,2979 2591,2979 2635,2985 2680,2988 2725,2985 2770,2985 2815,2988 2859,2988 2904,2991 2949,2994 2994,3000 3038,3003 3083,3006 3128,3012 3173,3018 3218,3027 3244,3032"/>
               <TextEquiv>
                  <Unicode>will es erklären. So kommt es, das Du schon eine</Unicode>
               </TextEquiv>
            </TextLine>
            <TextLine id="tr_1_tl_10" custom="readingOrder {index:19;}">
               <Coords points="1014,3097 3323,3188 3320,3094 2947,3032 2415,3082 1862,2954 1577,3019 1011,2982"/>
               <Baseline points="1032,3083 1077,3080 1122,3083 1167,3086 1211,3086 1256,3089 1301,3089 1346,3086 1391,3086 1435,3086 1480,3086 1525,3086 1570,3086 1615,3083 1659,3083 1704,3083 1749,3086 1794,3086 1838,3089 1883,3086 1928,3089 1973,3089 2018,3089 2062,3089 2107,3089 2152,3092 2197,3095 2241,3098 2286,3098 2331,3101 2376,3101 2421,3104 2465,3107 2510,3110 2555,3113 2600,3116 2644,3119 2689,3119 2734,3119 2779,3119 2824,3119 2868,3122 2913,3128 2958,3134 3003,3134 3047,3140 3092,3143 3137,3146 3182,3149 3227,3158 3271,3161 3316,3167 3331,3167"/>
               <TextEquiv>
                  <Unicode>Reihe von solchen Briefen lesen, von solchem Gesprächen</Unicode>
               </TextEquiv>
            </TextLine>
            <TextLine id="tr_1_tl_11" custom="readingOrder {index:20;}">
               <Coords points="1020,3316 1333,3245 1724,3310 2281,3245 3367,3323 3363,3213 3122,3179 2465,3138 2228,3204 1984,3126 1308,3210 1014,3129"/>
               <Baseline points="1035,3235 1080,3232 1125,3232 1170,3235 1214,3235 1259,3238 1304,3238 1349,3238 1394,3238 1438,3238 1483,3235 1528,3235 1573,3235 1617,3232 1662,3232 1707,3235 1752,3238 1797,3238 1841,3238 1886,3238 1931,3238 1976,3238 2020,3241 2065,3241 2110,3241 2155,3241 2200,3244 2244,3244 2289,3244 2334,3244 2379,3247 2423,3247 2468,3250 2513,3253 2558,3256 2603,3259 2647,3259 2692,3262 2737,3265 2782,3268 2826,3268 2871,3271 2916,3274 2961,3274 3006,3280 3050,3283 3095,3283 3140,3286 3185,3292 3230,3295 3274,3301 3319,3304 3364,3310 3373,3310"/>
               <TextEquiv>
                  <Unicode>führen musstest. Sie sind vernünftig, klar, voll von</Unicode>
               </TextEquiv>
            </TextLine>
            <TextLine id="tr_1_tl_12" custom="readingOrder {index:21;}">
               <Coords points="1026,3432 1295,3382 1605,3454 1727,3395 3232,3429 3229,3342 3119,3310 2653,3363 2156,3273 1821,3342 1452,3266 1023,3285"/>
               <Baseline points="1041,3379 1086,3373 1131,3373 1176,3376 1220,3376 1265,3379 1310,3382 1355,3382 1400,3382 1444,3382 1489,3382 1534,3382 1579,3385 1623,3385 1668,3385 1713,3388 1758,3388 1803,3388 1847,3388 1892,3388 1937,3385 1982,3388 2026,3388 2071,3391 2116,3391 2161,3388 2206,3388 2250,3388 2295,3391 2340,3391 2385,3391 2429,3391 2474,3391 2519,3391 2564,3394 2609,3394 2653,3400 2698,3400 2743,3400 2788,3403 2832,3406 2877,3406 2922,3409 2967,3412 3012,3412 3056,3415 3101,3418 3146,3421 3191,3424 3235,3432 3241,3432"/>
               <TextEquiv>
                  <Unicode>guten Vorsätzen. Und dann kamen die Enttäu¬</Unicode>
               </TextEquiv>
            </TextLine>
            <TextLine id="tr_1_tl_13" custom="readingOrder {index:22;}">
               <Coords points="1023,3557 1054,3545 1114,3567 1189,3542 1258,3551 1308,3582 1358,3535 1445,3539 1442,3485 1380,3489 1355,3464 1261,3429 1161,3454 1095,3442 1076,3464 1020,3479"/>
               <Baseline points="1038,3510 1083,3513 1128,3516 1173,3516 1217,3519 1262,3522 1307,3525 1352,3525 1397,3528 1441,3534 1453,3531"/>
               <TextEquiv>
                  <Unicode>schungen.\:p\</Unicode>
               </TextEquiv>
            </TextLine>
            <TextLine id="tr_1_tl_14" custom="readingOrder {index:23;}">
               <Coords points="1029,3714 1205,3667 2206,3698 2447,3795 3138,3767 3101,3611 2763,3670 2584,3573 1930,3651 1815,3586 1026,3579"/>
               <Baseline points="1047,3665 1092,3662 1137,3659 1182,3659 1226,3662 1271,3665 1316,3665 1361,3665 1406,3668 1450,3665 1495,3668 1540,3668 1585,3668 1629,3668 1674,3671 1719,3674 1764,3677 1809,3680 1853,3683 1898,3686 1943,3686 1988,3689 2032,3689 2077,3689 2122,3692 2167,3692 2212,3698 2256,3698 2301,3701 2346,3698 2391,3701 2435,3704 2480,3707 2525,3707 2570,3710 2615,3710 2659,3713 2704,3713 2749,3716 2794,3716 2838,3719 2883,3722 2928,3725 2973,3728 3018,3728 3062,3731 3107,3734 3143,3740"/>
               <TextEquiv>
                  <Unicode>\p\Dazu kom[m]t, dass Du mich für verlogen hälst –</Unicode>
               </TextEquiv>
            </TextLine>
            <TextLine id="tr_1_tl_15" custom="readingOrder {index:24;}">
               <Coords points="1004,3820 3232,3920 3226,3751 2562,3736 2444,3795 1621,3698 1001,3717"/>
               <Baseline points="1020,3806 1065,3803 1110,3803 1155,3806 1200,3809 1244,3809 1289,3806 1334,3806 1379,3806 1423,3809 1468,3809 1513,3809 1558,3809 1603,3809 1647,3809 1692,3812 1737,3812 1782,3815 1826,3818 1871,3818 1916,3821 1961,3821 2006,3824 2050,3824 2095,3824 2140,3827 2185,3830 2229,3833 2274,3833 2319,3836 2364,3838 2409,3838 2453,3844 2498,3844 2543,3850 2588,3850 2632,3850 2677,3853 2722,3853 2767,3856 2812,3856 2856,3862 2901,3865 2946,3865 2991,3868 3035,3871 3080,3874 3125,3883 3170,3889 3215,3898 3241,3901"/>
               <TextEquiv>
                  <Unicode>ein Grund mehr, weshalb ich ellenlange Briefe</Unicode>
               </TextEquiv>
            </TextLine>
            <TextLine id="tr_1_tl_16" custom="readingOrder {index:25;}">
               <Coords points="1032,4017 1884,3970 2077,4045 2325,3980 3379,4049 3376,3945 3219,3920 2697,3974 2240,3870 1664,3920 1029,3870"/>
               <Baseline points="1047,3946 1092,3946 1137,3949 1182,3949 1226,3952 1271,3955 1316,3955 1361,3955 1406,3955 1450,3955 1495,3952 1540,3955 1585,3955 1629,3958 1674,3958 1719,3961 1764,3961 1809,3961 1853,3964 1898,3964 1943,3967 1988,3967 2032,3967 2077,3970 2122,3973 2167,3973 2212,3973 2256,3979 2301,3979 2346,3982 2391,3985 2435,3988 2480,3988 2525,3988 2570,3991 2615,3994 2659,3997 2704,4003 2749,4003 2794,4006 2838,4003 2883,4000 2928,4000 2973,3997 3018,4000 3062,4000 3107,4003 3152,4003 3197,4006 3241,4009 3286,4012 3331,4018 3376,4018 3385,4021"/>
               <TextEquiv>
                  <Unicode>schreibe, um deutlich zu erklären, Missverständ¬</Unicode>
               </TextEquiv>
            </TextLine>
            <TextLine id="tr_1_tl_17" custom="readingOrder {index:26;}">
               <Coords points="1032,4114 1361,4102 1439,4139 1702,4086 1840,4142 2149,4102 2447,4167 2541,4133 2541,4052 1583,3983 1405,4045 1201,3980 1029,4020"/>
               <Baseline points="1050,4059 1095,4062 1140,4068 1185,4071 1229,4074 1274,4077 1319,4077 1364,4080 1409,4080 1453,4080 1498,4080 1543,4080 1588,4083 1632,4083 1677,4086 1722,4089 1767,4089 1812,4092 1856,4095 1901,4092 1946,4095 1991,4095 2035,4095 2080,4098 2125,4098 2170,4101 2215,4101 2259,4101 2304,4104 2349,4107 2394,4107 2438,4107 2483,4110 2528,4113 2549,4116"/>
               <TextEquiv>
                  <Unicode>nisse aufzuhellen, was weiss ich –\:p\</Unicode>
               </TextEquiv>
            </TextLine>
            <TextEquiv>
               <Unicode/>
            </TextEquiv>
         </TextRegion>
      </Page>
   </PcGts>
   <PcGts xmlns="http://schema.primaresearch.org/PAGE/gts/pagecontent/2013-07-15">
      <Metadata>
         <Creator>prov=READ-COOP:name=TrHtr:version=2.36.0:model_id=51170:date=09_01_2026_14:33</Creator>
         <Created>2026-01-09T13:11:40.981+01:00</Created>
         <LastChange>2026-01-09T14:33:50.191+01:00</LastChange>
         <TranskribusMetadata docId="13546454"
                              pageId="111846571"
                              pageNr="4"
                              status="IN_PROGRESS"
                              userId="194245"
                              imgUrl="https://files.transkribus.eu/Get?fileType=view&amp;id=OTWCLXHLXIXWLMEGXLCNXHRA"
                              imageId="94484288"/>
      </Metadata>
      <Page imageFilename="letter_0424_004.jpg"
            imageWidth="3505"
            imageHeight="4442"/>
   </PcGts>
   <PcGts xmlns="http://schema.primaresearch.org/PAGE/gts/pagecontent/2013-07-15">
      <Metadata>
         <Creator>prov=READ-COOP:name=TrHtr:version=2.36.0:model_id=51170:date=09_01_2026_14:33</Creator>
         <Created>2026-01-09T13:11:41.088+01:00</Created>
         <LastChange>2026-01-09T18:38:49.636+01:00</LastChange>
         <TranskribusMetadata docId="13546454"
                              pageId="111846572"
                              pageNr="5"
                              status="IN_PROGRESS"
                              userId="194245"
                              imgUrl="https://files.transkribus.eu/Get?fileType=view&amp;id=WLIVTUPYGLWEDWPGHLWGITBJ"
                              imageId="94484289"/>
      </Metadata>
      <Page imageFilename="letter_0424_005.jpg"
            imageWidth="3505"
            imageHeight="4442">
         <TextRegion id="r_1" custom="readingOrder {index:0;}">
            <Coords points="462,78 3385,78 3385,1529 3343,4293 895,4293 462,1529"/>
            <TextLine id="tr_2_tl_2"
                      custom="readingOrder {index:0;} textStyle {offset:0;length:1;underlined:true;}">
               <Coords points="440,330 466,333 476,343 495,337 515,343 553,340 576,133 560,129 540,139 534,129 505,142 479,123 463,123"/>
               <Baseline points="462,298 477,292 522,286 567,283"/>
               <TextEquiv>
                  <Unicode>3</Unicode>
               </TextEquiv>
            </TextLine>
            <TextLine id="tr_2_tl_3" custom="readingOrder {index:1;}">
               <Coords points="693,456 3107,502 3104,417 2919,356 2838,408 1699,333 1621,392 693,372"/>
               <Baseline points="710,426 755,417 800,417 844,417 889,420 934,423 979,423 1023,423 1068,423 1113,423 1158,423 1203,423 1247,420 1292,420 1337,423 1382,423 1426,423 1471,426 1516,426 1561,426 1606,429 1650,429 1695,429 1740,429 1785,429 1829,429 1874,432 1919,432 1964,432 2009,435 2053,435 2098,435 2143,438 2188,438 2232,438 2277,444 2322,447 2367,447 2412,450 2456,453 2501,456 2546,456 2591,459 2635,459 2680,456 2725,456 2770,456 2815,459 2859,459 2904,462 2949,459 2994,468 3038,471 3083,474 3113,474"/>
               <TextEquiv>
                  <Unicode>\p\Auch jetzt lässt mich die Angst nicht los, Du, die Aerzte,</Unicode>
               </TextEquiv>
            </TextLine>
            <TextLine id="tr_2_tl_4" custom="readingOrder {index:2;}">
               <Coords points="735,566 3071,631 3049,495 735,476"/>
               <Baseline points="752,546 797,540 841,540 886,543 931,543 976,546 1020,546 1065,546 1110,543 1155,543 1200,543 1244,546 1289,549 1334,546 1379,546 1423,546 1468,549 1513,552 1558,552 1603,552 1647,552 1692,555 1737,552 1782,549 1826,546 1871,549 1916,549 1961,552 2006,555 2050,555 2095,558 2140,558 2185,561 2229,564 2274,567 2319,567 2364,567 2409,570 2453,567 2498,570 2543,573 2588,570 2632,570 2677,573 2722,573 2767,573 2812,576 2856,579 2901,579 2946,582 2991,582 3035,585 3080,588"/>
               <TextEquiv>
                  <Unicode>Frau Forrer, – Ihr alle haltet mich letzten Endes für</Unicode>
               </TextEquiv>
            </TextLine>
            <TextLine id="tr_2_tl_5" custom="readingOrder {index:3;}">
               <Coords points="757,722 1362,767 1987,689 2417,764 2589,699 3155,741 3155,663 2201,589 2013,667 1728,563 754,560"/>
               <Baseline points="776,698 820,692 865,692 910,692 955,692 1000,692 1044,689 1089,689 1134,689 1179,686 1223,683 1268,680 1313,680 1358,677 1403,680 1447,680 1492,683 1537,683 1582,683 1626,683 1671,680 1716,683 1761,683 1806,683 1850,683 1895,686 1940,689 1985,689 2029,692 2074,695 2119,695 2164,695 2209,698 2253,698 2298,698 2343,701 2388,701 2432,698 2477,698 2522,698 2567,698 2612,698 2656,698 2701,701 2746,701 2791,704 2835,707 2880,707 2925,713 2970,710 3015,713 3059,716 3104,719 3149,728 3164,731"/>
               <TextEquiv>
                  <Unicode>einen hoffnungslosen Fall. Erika hat mich, als ich</Unicode>
               </TextEquiv>
            </TextLine>
            <TextLine id="tr_2_tl_6" custom="readingOrder {index:4;}">
               <Coords points="757,854 3197,874 3197,780 2770,718 2498,783 1964,780 1806,712 1553,780 757,773"/>
               <Baseline points="776,838 820,829 865,829 910,829 955,832 1000,832 1044,826 1089,826 1134,826 1179,823 1223,823 1268,823 1313,823 1358,823 1403,826 1447,826 1492,826 1537,826 1582,823 1626,823 1671,820 1716,820 1761,820 1806,820 1850,820 1895,820 1940,817 1985,820 2029,820 2074,820 2119,820 2164,823 2209,820 2253,820 2298,820 2343,820 2388,817 2432,817 2477,814 2522,814 2567,817 2612,817 2656,817 2701,817 2746,820 2791,820 2835,823 2880,823 2925,826 2970,829 3015,829 3059,832 3104,838 3149,844 3194,853 3203,856"/>
               <TextEquiv>
                  <Unicode>von Forel kam, damit wieder heraufgebracht und</Unicode>
               </TextEquiv>
            </TextLine>
            <TextLine id="tr_2_tl_7" custom="readingOrder {index:5;}">
               <Coords points="780,1036 1443,971 1754,1049 2039,958 3201,1032 3375,1013 3375,922 3104,858 2356,906 2168,838 1761,932 1188,854 780,926"/>
               <Baseline points="797,970 841,964 886,967 931,967 976,970 1020,967 1065,967 1110,970 1155,970 1200,967 1244,964 1289,964 1334,964 1379,964 1423,961 1468,964 1513,964 1558,961 1603,961 1647,958 1692,961 1737,961 1782,958 1826,955 1871,955 1916,955 1961,955 2006,958 2050,955 2095,955 2140,958 2185,955 2229,955 2274,955 2319,955 2364,955 2409,955 2453,955 2498,952 2543,955 2588,955 2632,952 2677,955 2722,955 2767,955 2812,955 2856,958 2901,958 2946,961 2991,964 3035,964 3080,964 3125,967 3170,970 3215,973 3259,976 3304,982 3349,988 3385,997"/>
               <TextEquiv>
                  <Unicode>meinen Lebenswillen geweckt, indem sie mir moralisches</Unicode>
               </TextEquiv>
            </TextLine>
            <TextLine id="tr_2_tl_8" custom="readingOrder {index:6;}">
               <Coords points="783,1168 2362,1081 3337,1178 3337,990 3052,1052 2699,971 2482,1055 2295,971 1851,1055 1427,974 783,1042"/>
               <Baseline points="800,1101 844,1095 889,1095 934,1092 979,1095 1023,1095 1068,1095 1113,1095 1158,1092 1203,1092 1247,1092 1292,1092 1337,1089 1382,1089 1426,1089 1471,1089 1516,1089 1561,1092 1606,1092 1650,1092 1695,1089 1740,1089 1785,1089 1829,1086 1874,1083 1919,1086 1964,1086 2009,1083 2053,1083 2098,1083 2143,1083 2188,1080 2232,1083 2277,1083 2322,1083 2367,1080 2412,1080 2456,1080 2501,1080 2546,1080 2591,1083 2635,1083 2680,1083 2725,1083 2770,1086 2815,1086 2859,1086 2904,1089 2949,1092 2994,1098 3038,1098 3083,1098 3128,1101 3173,1104 3218,1110 3262,1113 3307,1116 3346,1119"/>
               <TextEquiv>
                  <Unicode>Vertrauen schenkte, u. mir sagte, das nur der gefähr¬</Unicode>
               </TextEquiv>
            </TextLine>
            <TextLine id="tr_2_tl_9" custom="readingOrder {index:7;}">
               <Coords points="790,1275 1715,1220 2233,1307 2524,1217 3049,1298 3278,1272 3278,1149 2201,1087 1903,1168 1566,1110 790,1155"/>
               <Baseline points="808,1235 853,1229 898,1229 943,1229 988,1229 1032,1226 1077,1226 1122,1223 1167,1223 1211,1220 1256,1217 1301,1217 1346,1217 1391,1220 1435,1223 1480,1217 1525,1217 1570,1217 1615,1217 1659,1217 1704,1217 1749,1214 1794,1214 1838,1214 1883,1214 1928,1214 1973,1211 2018,1211 2062,1209 2107,1209 2152,1209 2197,1211 2241,1217 2286,1211 2331,1211 2376,1209 2421,1211 2465,1211 2510,1211 2555,1211 2600,1214 2644,1214 2689,1214 2734,1217 2779,1220 2824,1223 2868,1223 2913,1226 2958,1226 3003,1229 3047,1232 3092,1235 3137,1238 3182,1241 3227,1247 3271,1253 3283,1256"/>
               <TextEquiv>
                  <Unicode>liche "Ausweg" der Erleichterung durch das Morphium</Unicode>
               </TextEquiv>
            </TextLine>
            <TextLine id="tr_2_tl_10" custom="readingOrder {index:8;}">
               <Coords points="793,1382 1605,1366 1851,1447 2126,1369 3184,1414 3155,1265 2825,1314 1942,1259 1761,1340 1557,1278 793,1298"/>
               <Baseline points="811,1367 856,1364 901,1361 946,1361 991,1361 1035,1361 1080,1358 1125,1358 1170,1358 1214,1358 1259,1361 1304,1364 1349,1364 1394,1367 1438,1367 1483,1361 1528,1364 1573,1364 1617,1364 1662,1367 1707,1367 1752,1370 1797,1370 1841,1364 1886,1364 1931,1367 1976,1367 2020,1367 2065,1364 2110,1364 2155,1364 2200,1364 2244,1364 2289,1358 2334,1358 2379,1358 2423,1358 2468,1358 2513,1358 2558,1358 2603,1358 2647,1358 2692,1361 2737,1364 2782,1361 2826,1364 2871,1367 2916,1367 2961,1367 3006,1367 3050,1370 3095,1370 3140,1376 3185,1385 3194,1388"/>
               <TextEquiv>
                  <Unicode>mich hindere, etwas Gutes u. Wertvolles zu leisten,</Unicode>
               </TextEquiv>
            </TextLine>
            <TextLine id="tr_2_tl_11" custom="readingOrder {index:9;}">
               <Coords points="806,1508 3350,1528 3350,1437 3259,1405 2052,1466 1689,1398 806,1421"/>
               <Baseline points="823,1504 868,1504 913,1507 958,1507 1003,1504 1047,1504 1092,1507 1137,1507 1182,1507 1226,1507 1271,1510 1316,1510 1361,1510 1406,1507 1450,1507 1495,1507 1540,1507 1585,1504 1629,1504 1674,1504 1719,1507 1764,1504 1809,1501 1853,1504 1898,1504 1943,1504 1988,1504 2032,1501 2077,1501 2122,1501 2167,1498 2212,1498 2256,1498 2301,1498 2346,1495 2391,1498 2435,1498 2480,1495 2525,1495 2570,1495 2615,1495 2659,1495 2704,1495 2749,1495 2794,1498 2838,1495 2883,1495 2928,1498 2973,1498 3018,1501 3062,1504 3107,1504 3152,1507 3197,1510 3241,1513 3286,1516 3331,1519 3358,1519"/>
               <TextEquiv>
                  <Unicode>u. meinen Freunden mehr zu sein als nur ein Sorgenkind.</Unicode>
               </TextEquiv>
            </TextLine>
            <TextLine id="tr_3_tl_1" custom="readingOrder {index:10;}">
               <Coords points="799,1663 1359,1657 1447,1718 1537,1650 1812,1712 2065,1647 2579,1741 3191,1683 3191,1579 2964,1628 1845,1515 1346,1608 799,1540"/>
               <Baseline points="817,1647 862,1644 907,1641 952,1641 997,1641 1041,1641 1086,1644 1131,1644 1176,1644 1220,1644 1265,1647 1310,1647 1355,1647 1400,1647 1444,1647 1489,1650 1534,1647 1579,1647 1623,1647 1668,1647 1713,1650 1758,1650 1803,1653 1847,1659 1892,1653 1937,1656 1982,1650 2026,1647 2071,1647 2116,1650 2161,1647 2206,1641 2250,1641 2295,1641 2340,1644 2385,1644 2429,1644 2474,1644 2519,1647 2564,1650 2609,1653 2653,1650 2698,1650 2743,1650 2788,1653 2832,1653 2877,1650 2922,1653 2967,1653 3012,1653 3056,1656 3101,1656 3146,1659 3191,1659 3194,1662"/>
               <TextEquiv>
                  <Unicode>Seither war ich – eben jetzt – "rückfällig", seit dem die</Unicode>
               </TextEquiv>
            </TextLine>
            <TextLine id="tr_3_tl_2" custom="readingOrder {index:11;}">
               <Coords points="819,1780 1162,1848 1757,1777 3314,1828 3314,1757 3006,1702 2583,1741 2084,1660 1159,1741 819,1667"/>
               <Baseline points="838,1779 883,1779 928,1779 973,1779 1017,1779 1062,1779 1107,1776 1152,1779 1197,1779 1241,1782 1286,1785 1331,1782 1376,1782 1420,1782 1465,1782 1510,1779 1555,1779 1600,1779 1644,1779 1689,1776 1734,1776 1779,1779 1823,1776 1868,1779 1913,1776 1958,1776 2003,1773 2047,1773 2092,1773 2137,1776 2182,1776 2226,1779 2271,1776 2316,1779 2361,1782 2406,1785 2450,1788 2495,1785 2540,1785 2585,1785 2629,1785 2674,1785 2719,1785 2764,1785 2809,1788 2853,1791 2898,1794 2943,1797 2988,1797 3032,1800 3077,1803 3122,1806 3167,1809 3212,1812 3256,1815 3301,1817 3322,1817"/>
               <TextEquiv>
                  <Unicode>Versuchung im letzten Sommer began[n]. Und es ist begreiflich,</Unicode>
               </TextEquiv>
            </TextLine>
            <TextLine id="tr_3_tl_3" custom="readingOrder {index:12;}">
               <Coords points="835,1932 2803,2010 3162,1906 2770,1825 2670,1893 1981,1809 1741,1871 1628,1816 832,1825"/>
               <Baseline points="853,1916 898,1913 943,1913 988,1913 1032,1913 1077,1916 1122,1916 1167,1913 1211,1913 1256,1913 1301,1913 1346,1913 1391,1910 1435,1910 1480,1907 1525,1907 1570,1904 1615,1904 1659,1904 1704,1907 1749,1907 1794,1907 1838,1907 1883,1907 1928,1907 1973,1904 2018,1904 2062,1907 2107,1907 2152,1910 2197,1910 2241,1910 2286,1910 2331,1913 2376,1916 2421,1916 2465,1919 2510,1919 2555,1922 2600,1922 2644,1925 2689,1928 2734,1931 2779,1931 2824,1931 2868,1934 2913,1937 2958,1937 3003,1940 3047,1943 3092,1943 3137,1949 3170,1955"/>
               <TextEquiv>
                  <Unicode>dass mich die Angst bedrückt, Ihr, – Du u. Frau Forrer</Unicode>
               </TextEquiv>
            </TextLine>
            <TextLine id="tr_3_tl_4" custom="readingOrder {index:13;}">
               <Coords points="825,2061 1294,2123 1570,2058 1764,2117 2592,2074 2845,2155 3227,2084 3227,2013 2955,1977 2599,2029 2333,1955 2155,2006 825,1961"/>
               <Baseline points="844,2056 889,2056 934,2059 979,2062 1023,2062 1068,2062 1113,2062 1158,2062 1203,2062 1247,2059 1292,2059 1337,2059 1382,2056 1426,2059 1471,2059 1516,2059 1561,2056 1606,2059 1650,2059 1695,2059 1740,2059 1785,2059 1829,2062 1874,2062 1919,2062 1964,2065 2009,2065 2053,2062 2098,2062 2143,2062 2188,2059 2232,2059 2277,2059 2322,2056 2367,2056 2412,2062 2456,2065 2501,2065 2546,2065 2591,2068 2635,2068 2680,2068 2725,2068 2770,2068 2815,2071 2859,2071 2904,2068 2949,2071 2994,2074 3038,2074 3083,2074 3128,2077 3173,2080 3218,2080 3235,2077"/>
               <TextEquiv>
                  <Unicode>seid im Grunde resigniert, u. schaut meiner Gesundung</Unicode>
               </TextEquiv>
            </TextLine>
            <TextLine id="tr_3_tl_5" custom="readingOrder {index:14;}">
               <Coords points="861,2256 1430,2317 3307,2272 3304,2159 3223,2139 2722,2175 2295,2110 2120,2184 1890,2100 1168,2172 858,2123"/>
               <Baseline points="877,2194 922,2194 967,2194 1011,2194 1056,2194 1101,2197 1146,2200 1191,2200 1235,2197 1280,2194 1325,2197 1370,2200 1414,2197 1459,2200 1504,2200 1549,2203 1594,2203 1638,2206 1683,2206 1728,2203 1773,2206 1817,2206 1862,2206 1907,2206 1952,2206 1997,2206 2041,2209 2086,2212 2131,2212 2176,2212 2221,2209 2265,2209 2310,2209 2355,2206 2400,2209 2444,2212 2489,2215 2534,2218 2579,2221 2624,2221 2668,2221 2713,2221 2758,2221 2803,2223 2847,2223 2892,2223 2937,2226 2982,2226 3027,2229 3071,2229 3116,2235 3161,2235 3206,2238 3250,2241 3295,2247 3316,2247"/>
               <TextEquiv>
                  <Unicode>meinen Vorsätzen u. Plänen skeptisch zu. Und deshalb</Unicode>
               </TextEquiv>
            </TextLine>
            <TextLine id="tr_3_tl_6" custom="readingOrder {index:15;}">
               <Coords points="896,2379 1453,2343 1796,2430 2362,2385 2502,2443 2764,2366 3117,2443 3139,2295 893,2278"/>
               <Baseline points="910,2340 955,2334 1000,2334 1044,2337 1089,2340 1134,2337 1179,2340 1223,2340 1268,2343 1313,2346 1358,2346 1403,2346 1447,2346 1492,2346 1537,2349 1582,2346 1626,2346 1671,2346 1716,2343 1761,2343 1806,2343 1850,2346 1895,2346 1940,2349 1985,2346 2029,2349 2074,2352 2119,2352 2164,2352 2209,2352 2253,2352 2298,2349 2343,2349 2388,2352 2432,2355 2477,2358 2522,2355 2567,2358 2612,2361 2656,2361 2701,2364 2746,2364 2791,2364 2835,2367 2880,2367 2925,2370 2970,2373 3015,2376 3059,2379 3104,2382 3146,2391"/>
               <TextEquiv>
                  <Unicode>habe ich so entsetzlich viel geredet u. geweint u.</Unicode>
               </TextEquiv>
            </TextLine>
            <TextLine id="tr_3_tl_7" custom="readingOrder {index:16;}">
               <Coords points="893,2524 1557,2492 1851,2563 2634,2498 2877,2599 3210,2550 3207,2427 3023,2414 890,2424"/>
               <Baseline points="907,2471 952,2468 997,2465 1041,2468 1086,2468 1131,2471 1176,2471 1220,2477 1265,2480 1310,2483 1355,2486 1400,2483 1444,2486 1489,2486 1534,2486 1579,2486 1623,2489 1668,2492 1713,2489 1758,2486 1803,2486 1847,2486 1892,2486 1937,2486 1982,2486 2026,2486 2071,2486 2116,2489 2161,2489 2206,2489 2250,2486 2295,2489 2340,2489 2385,2492 2429,2492 2474,2492 2519,2492 2564,2495 2609,2495 2653,2495 2698,2495 2743,2498 2788,2498 2832,2498 2877,2498 2922,2501 2967,2504 3012,2510 3056,2516 3101,2516 3146,2522 3191,2525 3218,2528"/>
               <TextEquiv>
                  <Unicode>versichert, – u. deshalb auch wollte ich nicht nochmals</Unicode>
               </TextEquiv>
            </TextLine>
            <TextLine id="tr_3_tl_8" custom="readingOrder {index:17;}">
               <Coords points="883,2615 1314,2683 1495,2618 3181,2676 3175,2524 2942,2618 2680,2515 2476,2612 2113,2531 883,2563"/>
               <Baseline points="901,2600 946,2597 991,2600 1035,2600 1080,2603 1125,2606 1170,2606 1214,2612 1259,2615 1304,2615 1349,2615 1394,2618 1438,2618 1483,2618 1528,2621 1573,2621 1617,2624 1662,2629 1707,2629 1752,2629 1797,2629 1841,2629 1886,2632 1931,2632 1976,2632 2020,2629 2065,2632 2110,2629 2155,2632 2200,2632 2244,2632 2289,2635 2334,2635 2379,2635 2423,2638 2468,2638 2513,2638 2558,2635 2603,2635 2647,2635 2692,2635 2737,2635 2782,2638 2826,2641 2871,2644 2916,2647 2961,2653 3006,2656 3050,2659 3095,2665 3140,2665 3185,2677 3188,2677"/>
               <TextEquiv>
                  <Unicode>in eine Klinik. Denn ich brauche Mut zum Leben</Unicode>
               </TextEquiv>
            </TextLine>
            <TextLine id="tr_1_tl_1" custom="readingOrder {index:18;}">
               <Coords points="900,2819 1168,2777 1304,2835 1421,2770 3081,2841 3078,2702 2964,2693 2887,2751 2505,2683 2259,2731 896,2683"/>
               <Baseline points="913,2755 958,2752 1003,2758 1047,2758 1092,2758 1137,2758 1182,2758 1226,2758 1271,2761 1316,2764 1361,2767 1406,2767 1450,2770 1495,2770 1540,2770 1585,2770 1629,2773 1674,2776 1719,2776 1764,2779 1809,2776 1853,2776 1898,2776 1943,2776 1988,2779 2032,2776 2077,2776 2122,2779 2167,2779 2212,2782 2256,2782 2301,2785 2346,2785 2391,2788 2435,2788 2480,2791 2525,2791 2570,2791 2615,2791 2659,2791 2704,2791 2749,2794 2794,2797 2838,2803 2883,2803 2928,2809 2973,2812 3018,2815 3062,2818 3089,2821"/>
               <TextEquiv>
                  <Unicode>u. zum Gesundsein. Das holt man sich nicht in</Unicode>
               </TextEquiv>
            </TextLine>
            <TextLine id="tr_1_tl_2" custom="readingOrder {index:19;}">
               <Coords points="877,2913 1375,3003 1634,2919 1822,2971 2210,2913 2492,2997 3113,2955 3113,2841 874,2816"/>
               <Baseline points="895,2898 940,2898 985,2901 1029,2904 1074,2907 1119,2907 1164,2907 1209,2907 1253,2907 1298,2907 1343,2907 1388,2907 1432,2910 1477,2910 1522,2907 1567,2907 1612,2907 1656,2910 1701,2913 1746,2910 1791,2910 1835,2910 1880,2910 1925,2910 1970,2910 2015,2910 2059,2910 2104,2910 2149,2910 2194,2910 2238,2910 2283,2913 2328,2913 2373,2916 2418,2919 2462,2919 2507,2919 2552,2919 2597,2919 2641,2922 2686,2922 2731,2925 2776,2928 2821,2928 2865,2931 2910,2934 2955,2937 3000,2937 3044,2937 3089,2937 3122,2940"/>
               <TextEquiv>
                  <Unicode>einer Anstalt mit ihrer Kranken-Pychose. Wen[n]</Unicode>
               </TextEquiv>
            </TextLine>
            <TextLine id="tr_1_tl_3" custom="readingOrder {index:20;}">
               <Coords points="932,3071 3104,3097 3100,2981 2728,2945 2466,3006 1592,2939 1460,3003 1016,2939 929,2984"/>
               <Baseline points="949,3050 994,3047 1038,3044 1083,3047 1128,3047 1173,3044 1217,3041 1262,3041 1307,3044 1352,3041 1397,3041 1441,3044 1486,3044 1531,3041 1576,3041 1620,3041 1665,3041 1710,3041 1755,3041 1800,3038 1844,3038 1889,3041 1934,3041 1979,3038 2023,3038 2068,3038 2113,3041 2158,3041 2203,3044 2247,3044 2292,3047 2337,3047 2382,3047 2426,3050 2471,3053 2516,3053 2561,3053 2606,3059 2650,3059 2695,3062 2740,3062 2785,3062 2829,3062 2874,3065 2919,3068 2964,3068 3009,3071 3053,3077 3098,3080 3113,3086"/>
               <TextEquiv>
                  <Unicode>ich erstens standhaft, u. zweiteres vorsichtig bin,</Unicode>
               </TextEquiv>
            </TextLine>
            <TextLine id="tr_1_tl_4" custom="readingOrder {index:21;}">
               <Coords points="903,3217 1294,3278 1463,3191 2149,3285 2317,3194 3071,3311 3068,3175 2673,3110 2421,3094 2346,3162 2016,3113 1880,3175 903,3113"/>
               <Baseline points="922,3188 967,3191 1011,3191 1056,3194 1101,3194 1146,3194 1191,3194 1235,3191 1280,3194 1325,3194 1370,3188 1414,3188 1459,3188 1504,3188 1549,3188 1594,3191 1638,3191 1683,3191 1728,3191 1773,3191 1817,3191 1862,3197 1907,3191 1952,3191 1997,3191 2041,3191 2086,3194 2131,3191 2176,3191 2221,3191 2265,3191 2310,3191 2355,3191 2400,3191 2444,3194 2489,3194 2534,3191 2579,3194 2624,3200 2668,3209 2713,3209 2758,3209 2803,3209 2847,3209 2892,3212 2937,3212 2982,3215 3027,3215 3071,3218 3080,3215"/>
               <TextEquiv>
                  <Unicode>kan[n] ich gewiss auch "auf freiem Fusse" gesund</Unicode>
               </TextEquiv>
            </TextLine>
            <TextLine id="tr_1_tl_5" custom="readingOrder {index:22;}">
               <Coords points="916,3353 971,3346 1032,3362 1084,3333 1120,3353 1155,3337 1197,3350 1256,3343 1252,3269 1162,3233 1120,3252 1091,3236 1019,3288 909,3269"/>
               <Baseline points="931,3322 976,3322 1020,3325 1065,3325 1110,3328 1155,3328 1200,3331 1244,3337 1265,3340"/>
               <TextEquiv>
                  <Unicode>werden.\:p\</Unicode>
               </TextEquiv>
            </TextLine>
            <TextLine id="tr_1_tl_6" custom="readingOrder {index:23;}">
               <Coords points="926,3489 3207,3544 3204,3469 2207,3337 922,3411"/>
               <Baseline points="943,3462 988,3459 1032,3456 1077,3456 1122,3456 1167,3456 1211,3459 1256,3459 1301,3459 1346,3462 1391,3459 1435,3459 1480,3459 1525,3462 1570,3462 1615,3465 1659,3468 1704,3468 1749,3471 1794,3471 1838,3471 1883,3477 1928,3477 1973,3477 2018,3477 2062,3480 2107,3483 2152,3486 2197,3486 2241,3486 2286,3489 2331,3492 2376,3492 2421,3495 2465,3495 2510,3498 2555,3501 2600,3501 2644,3501 2689,3504 2734,3507 2779,3507 2824,3510 2868,3507 2913,3507 2958,3510 3003,3510 3047,3516 3092,3519 3137,3525 3182,3531 3212,3540"/>
               <TextEquiv>
                  <Unicode>Aber dazu brauche ich – was Du mir mit so ganz</Unicode>
               </TextEquiv>
            </TextLine>
            <TextLine id="tr_1_tl_7" custom="readingOrder {index:24;}">
               <Coords points="945,3641 1751,3602 3333,3709 3330,3615 3133,3560 2845,3602 2427,3495 1528,3570 939,3495"/>
               <Baseline points="961,3591 1006,3585 1050,3585 1095,3588 1140,3588 1185,3588 1229,3591 1274,3591 1319,3591 1364,3591 1409,3591 1453,3597 1498,3600 1543,3594 1588,3594 1632,3594 1677,3597 1722,3600 1767,3603 1812,3603 1856,3603 1901,3606 1946,3609 1991,3606 2035,3615 2080,3615 2125,3615 2170,3615 2215,3618 2259,3621 2304,3624 2349,3624 2394,3624 2438,3627 2483,3627 2528,3630 2573,3633 2618,3633 2662,3638 2707,3638 2752,3638 2797,3638 2841,3641 2886,3641 2931,3644 2976,3647 3021,3650 3065,3656 3110,3659 3155,3665 3200,3671 3244,3677 3289,3683 3334,3692 3343,3692"/>
               <TextEquiv>
                  <Unicode>wunderbar lieber Art geholfen hast, auszudenken,</Unicode>
               </TextEquiv>
            </TextLine>
            <TextLine id="tr_1_tl_8" custom="readingOrder {index:25;}">
               <Coords points="939,3748 3094,3838 3091,3696 2570,3744 1990,3618 1595,3693 935,3638"/>
               <Baseline points="955,3734 1000,3728 1044,3728 1089,3731 1134,3731 1179,3731 1223,3731 1268,3731 1313,3731 1358,3731 1403,3734 1447,3734 1492,3734 1537,3734 1582,3734 1626,3737 1671,3746 1716,3746 1761,3746 1806,3746 1850,3746 1895,3746 1940,3746 1985,3746 2029,3746 2074,3746 2119,3746 2164,3749 2209,3755 2253,3758 2298,3758 2343,3761 2388,3761 2432,3764 2477,3767 2522,3770 2567,3770 2612,3773 2656,3779 2701,3779 2746,3779 2791,3782 2835,3782 2880,3785 2925,3788 2970,3788 3015,3794 3059,3797 3101,3806"/>
               <TextEquiv>
                  <Unicode>den Plan eines praktischen Lebens: Sils, die</Unicode>
               </TextEquiv>
            </TextLine>
            <TextLine id="tr_1_tl_9" custom="readingOrder {index:26;}">
               <Coords points="932,3890 1570,3871 1906,3961 2168,3887 2485,3964 2638,3903 3252,3942 3162,3858 2858,3819 2489,3858 2262,3783 929,3767"/>
               <Baseline points="949,3871 994,3868 1038,3865 1083,3865 1128,3865 1173,3865 1217,3868 1262,3871 1307,3868 1352,3868 1397,3868 1441,3868 1486,3868 1531,3868 1576,3868 1620,3871 1665,3871 1710,3877 1755,3877 1800,3877 1844,3877 1889,3877 1934,3877 1979,3877 2023,3877 2068,3877 2113,3877 2158,3880 2203,3883 2247,3883 2292,3886 2337,3886 2382,3889 2426,3886 2471,3889 2516,3889 2561,3889 2606,3892 2650,3895 2695,3895 2740,3892 2785,3892 2829,3895 2874,3901 2919,3901 2964,3907 3009,3910 3053,3913 3098,3919 3143,3922 3188,3922 3232,3928 3262,3934"/>
               <TextEquiv>
                  <Unicode>Arbeit, die Nähe von Frau Forrer, die Existenz von</Unicode>
               </TextEquiv>
            </TextLine>
            <TextLine id="tr_1_tl_10" custom="readingOrder {index:27;}">
               <Coords points="945,4019 1764,4006 1867,4078 1955,4023 2628,4026 3042,4104 3058,3951 2683,3909 2447,3977 2197,3903 1909,3961 1722,3900 1366,3958 1172,3884 942,3932"/>
               <Baseline points="958,4009 1003,4009 1047,4006 1092,4003 1137,4003 1182,4003 1226,4003 1271,4003 1316,4003 1361,4003 1406,4003 1450,4003 1495,4000 1540,3997 1585,3997 1629,4000 1674,3997 1719,4000 1764,4000 1809,4003 1853,4006 1898,4009 1943,4009 1988,4009 2032,4009 2077,4009 2122,4009 2167,4012 2212,4012 2256,4015 2301,4018 2346,4021 2391,4021 2435,4021 2480,4021 2525,4021 2570,4024 2615,4024 2659,4024 2704,4021 2749,4021 2794,4021 2838,4024 2883,4024 2928,4027 2973,4030 3018,4033 3062,4038 3068,4038"/>
               <TextEquiv>
                  <Unicode>Bocken, die Zugehörigkeit zu Dir, die Scheidung</Unicode>
               </TextEquiv>
            </TextLine>
            <TextLine id="tr_1_tl_11" custom="readingOrder {index:28;}">
               <Coords points="945,4142 2324,4152 2790,4233 2900,4168 3191,4236 3188,4107 2893,4055 2417,4110 1955,4032 1586,4104 1366,4029 942,4049"/>
               <Baseline points="961,4137 1006,4131 1050,4131 1095,4134 1140,4134 1185,4131 1229,4128 1274,4128 1319,4128 1364,4128 1409,4128 1453,4125 1498,4128 1543,4128 1588,4125 1632,4125 1677,4125 1722,4122 1767,4125 1812,4128 1856,4131 1901,4134 1946,4134 1991,4137 2035,4137 2080,4137 2125,4140 2170,4143 2215,4143 2259,4143 2304,4146 2349,4149 2394,4152 2438,4155 2483,4155 2528,4152 2573,4155 2618,4155 2662,4158 2707,4158 2752,4158 2797,4161 2841,4161 2886,4161 2931,4167 2976,4167 3021,4173 3065,4176 3110,4179 3155,4185 3197,4188"/>
               <TextEquiv>
                  <Unicode>von Claude, — aber auch das Gefühl, dass Du</Unicode>
               </TextEquiv>
            </TextLine>
            <TextLine id="tr_1_tl_12" custom="readingOrder {index:29;}">
               <Coords points="935,4346 2233,4269 2680,4359 3333,4282 3288,4175 2893,4168 2793,4233 935,4175"/>
               <Baseline points="952,4277 997,4265 1041,4262 1086,4262 1131,4259 1176,4259 1220,4259 1265,4256 1310,4256 1355,4256 1400,4256 1444,4256 1489,4253 1534,4253 1579,4253 1623,4253 1668,4250 1713,4250 1758,4250 1803,4253 1847,4256 1892,4256 1937,4256 1982,4259 2026,4259 2071,4259 2116,4262 2161,4265 2206,4265 2250,4265 2295,4265 2340,4268 2385,4268 2429,4268 2474,4265 2519,4259 2564,4259 2609,4259 2653,4259 2698,4256 2743,4259 2788,4259 2832,4262 2877,4265 2922,4262 2967,4262 3012,4265 3056,4265 3101,4271 3146,4274 3191,4277 3235,4277 3280,4277 3325,4280 3343,4283"/>
               <TextEquiv>
                  <Unicode>(u. Anita auch, den[n] sie ken[n]t mich fast nur durch Dich)</Unicode>
               </TextEquiv>
            </TextLine>
            <TextEquiv>
               <Unicode/>
            </TextEquiv>
         </TextRegion>
      </Page>
   </PcGts>
   <PcGts xmlns="http://schema.primaresearch.org/PAGE/gts/pagecontent/2013-07-15">
      <Metadata>
         <Creator>prov=READ-COOP:name=TrHtr:version=2.36.0:model_id=51170:date=09_01_2026_14:33</Creator>
         <Created>2026-01-09T13:11:41.178+01:00</Created>
         <LastChange>2026-01-09T14:33:50.539+01:00</LastChange>
         <TranskribusMetadata docId="13546454"
                              pageId="111846551"
                              pageNr="6"
                              status="IN_PROGRESS"
                              userId="194245"
                              imgUrl="https://files.transkribus.eu/Get?fileType=view&amp;id=FQWTPBTXRJFKMOZOAPBELOWG"
                              imageId="94484240"/>
      </Metadata>
      <Page imageFilename="letter_0424_006.jpg"
            imageWidth="3505"
            imageHeight="4442"/>
   </PcGts>
   <PcGts xmlns="http://schema.primaresearch.org/PAGE/gts/pagecontent/2013-07-15">
      <Metadata>
         <Creator>prov=READ-COOP:name=TrHtr:version=2.36.0:model_id=51170:date=09_01_2026_14:33</Creator>
         <Created>2026-01-09T13:11:41.266+01:00</Created>
         <LastChange>2026-01-23T10:04:20.412+01:00</LastChange>
         <TranskribusMetadata docId="13546454"
                              pageId="111846573"
                              pageNr="7"
                              status="IN_PROGRESS"
                              userId="194245"
                              imgUrl="https://files.transkribus.eu/Get?fileType=view&amp;id=MBEWBTCUFPPZJPSTKIUUOXXD"
                              imageId="94484290"/>
      </Metadata>
      <Page imageFilename="letter_0424_007.jpg"
            imageWidth="3505"
            imageHeight="4442">
         <TextRegion id="r_1" custom="readingOrder {index:0;}">
            <Coords points="455,309 691,309 691,417 455,417"/>
            <TextLine id="l"
                      custom="readingOrder {index:0;} textStyle {offset:0;length:1;underlined:true;}">
               <Coords points="465,417 691,337 681,309 455,389"/>
               <Baseline points="465,417 691,337"/>
               <TextEquiv>
                  <Unicode>4</Unicode>
               </TextEquiv>
            </TextLine>
            <TextEquiv>
               <Unicode/>
            </TextEquiv>
         </TextRegion>
         <TextRegion id="r" custom="readingOrder {index:1;}">
            <Coords points="913,430 3367,430 3367,2798 3262,4269 1023,4269 913,2798"/>
            <TextLine id="tr_1_tl_1" custom="readingOrder {index:0;}">
               <Coords points="906,540 1612,492 1876,567 2506,495 3007,546 3007,423 2734,390 2248,450 1699,336 1219,441 906,426"/>
               <Baseline points="922,501 955,498 1000,498 1044,498 1089,498 1134,498 1179,498 1223,495 1268,495 1313,492 1358,492 1403,492 1447,492 1492,492 1537,489 1582,489 1626,492 1671,489 1716,486 1761,486 1806,483 1850,483 1895,489 1940,483 1985,480 2029,480 2074,483 2119,483 2164,486 2209,486 2253,486 2298,486 2343,486 2388,486 2432,486 2477,486 2522,486 2567,486 2612,489 2656,489 2701,489 2746,489 2791,489 2835,489 2880,492 2925,492 2970,495 3015,498"/>
               <TextEquiv>
                  <Unicode>nicht lieb zu mir seid, wie man aus Mitleid zu</Unicode>
               </TextEquiv>
            </TextLine>
            <TextLine id="tr_1_tl_2" custom="readingOrder {index:1;}">
               <Coords points="897,636 1525,633 1621,696 1798,636 3088,669 3085,609 2824,534 1816,585 1570,504 1378,564 1246,504 897,567"/>
               <Baseline points="913,626 958,626 1003,626 1047,626 1092,626 1137,626 1182,629 1226,629 1271,629 1316,629 1363,632 1386,628 1432,629 1477,626 1522,626 1567,629 1612,629 1656,632 1701,632 1746,629 1791,632 1835,629 1880,629 1925,629 1970,629 2015,629 2059,626 2104,629 2149,632 2194,635 2238,635 2283,632 2328,632 2373,635 2418,632 2462,635 2507,635 2552,635 2597,635 2641,635 2686,635 2731,635 2776,635 2821,638 2865,638 2910,638 2955,641 3000,644 3044,647 3089,650 3092,653"/>
               <TextEquiv>
                  <Unicode>einem "hoffnungslosen Fall" eben nett ist. Sondern</Unicode>
               </TextEquiv>
            </TextLine>
            <TextLine id="tr_1_tl_3" custom="readingOrder {index:2;}">
               <Coords points="915,813 1456,780 1846,837 2062,780 2725,867 3118,834 3118,741 2221,738 1717,657 1128,744 912,660"/>
               <Baseline points="931,776 976,773 1020,773 1065,773 1110,776 1155,779 1200,779 1244,776 1289,779 1334,782 1379,779 1423,779 1468,782 1513,779 1558,782 1603,782 1647,785 1692,785 1737,782 1782,782 1826,779 1871,782 1916,782 1961,782 2006,779 2050,779 2095,779 2140,782 2185,785 2229,785 2274,785 2319,788 2364,791 2409,791 2453,791 2498,791 2543,788 2588,791 2632,794 2677,797 2722,794 2767,797 2812,800 2856,800 2901,800 2946,803 2991,806 3035,806 3080,808 3125,820"/>
               <TextEquiv>
                  <Unicode>dass sich leben darf – dass auch Ihr glaubt, ich</Unicode>
               </TextEquiv>
            </TextLine>
            <TextLine id="tr_1_tl_4" custom="readingOrder {index:3;}">
               <Coords points="948,930 3040,954 3040,828 2383,894 2188,822 2050,882 1810,816 1465,876 948,810"/>
               <Baseline points="964,928 1009,925 1053,925 1098,928 1143,934 1188,934 1232,931 1277,931 1322,934 1367,934 1412,937 1456,937 1501,937 1546,934 1591,934 1635,934 1680,934 1725,934 1770,934 1815,931 1859,931 1904,928 1949,922 1994,919 2038,919 2083,916 2128,916 2173,919 2218,919 2262,919 2307,919 2352,922 2397,925 2441,922 2486,922 2531,925 2576,925 2621,925 2665,925 2710,925 2755,925 2800,928 2844,928 2889,928 2934,931 2979,934 3024,940 3047,943"/>
               <TextEquiv>
                  <Unicode>kan[n] leben. Und oft denke ich, ich zähle doch</Unicode>
               </TextEquiv>
            </TextLine>
            <TextLine id="tr_1_tl_5" custom="readingOrder {index:4;}">
               <Coords points="942,1182 1321,1086 1438,1137 1642,1092 1774,1167 1870,1104 3175,1092 3175,1038 2968,993 2752,1038 2305,981 2179,1047 2017,987 942,999"/>
               <Baseline points="958,1083 1003,1083 1047,1083 1092,1083 1137,1083 1182,1086 1226,1086 1271,1083 1316,1083 1361,1083 1406,1086 1450,1089 1495,1086 1540,1086 1585,1089 1629,1092 1674,1089 1719,1086 1764,1083 1809,1080 1853,1083 1898,1080 1943,1080 1988,1077 2032,1077 2077,1077 2122,1080 2167,1077 2212,1077 2256,1074 2301,1074 2346,1074 2391,1074 2435,1071 2480,1068 2525,1068 2570,1068 2615,1068 2659,1071 2704,1071 2749,1071 2794,1071 2838,1074 2883,1077 2928,1077 2973,1077 3018,1080 3062,1080 3107,1083 3152,1086 3182,1089"/>
               <TextEquiv>
                  <Unicode>eigentlich für Dich nicht, wie Freddy oder Itala</Unicode>
               </TextEquiv>
            </TextLine>
            <TextLine id="tr_1_tl_6" custom="readingOrder {index:5;}">
               <Coords points="936,1261 3043,1261 3112,1252 3115,1092 2797,1191 1140,1113 936,1210"/>
               <Baseline points="952,1238 970,1235 1014,1232 1059,1235 1104,1235 1149,1241 1194,1241 1238,1238 1283,1238 1328,1238 1373,1241 1417,1247 1462,1247 1507,1244 1552,1241 1597,1238 1641,1232 1686,1232 1731,1229 1776,1226 1820,1226 1865,1226 1910,1226 1955,1229 2000,1229 2044,1229 2089,1223 2134,1223 2179,1223 2223,1220 2268,1217 2313,1217 2358,1214 2403,1214 2447,1214 2492,1217 2537,1217 2582,1214 2626,1217 2671,1220 2716,1220 2761,1220 2806,1217 2850,1217 2895,1220 2940,1220 2985,1220 3029,1220 3074,1226 3119,1229"/>
               <TextEquiv>
                  <Unicode>oder Hasi, – ich kann es so schwer ausdrücken.</Unicode>
               </TextEquiv>
            </TextLine>
            <TextLine id="tr_1_tl_7" custom="readingOrder {index:6;}">
               <Coords points="924,1408 1468,1450 2290,1381 2515,1435 2737,1375 2866,1429 3106,1393 3106,1288 2737,1282 2602,1354 2323,1276 1615,1282 1465,1363 1125,1285 924,1315"/>
               <Baseline points="940,1391 964,1391 1009,1388 1053,1385 1098,1385 1143,1385 1188,1391 1232,1388 1277,1391 1322,1391 1367,1394 1412,1394 1456,1397 1501,1400 1546,1394 1591,1391 1635,1388 1680,1385 1725,1382 1770,1379 1815,1379 1859,1379 1904,1382 1949,1379 1994,1382 2038,1385 2083,1385 2128,1385 2173,1382 2218,1382 2262,1379 2307,1382 2352,1379 2397,1376 2441,1379 2486,1379 2531,1379 2576,1379 2621,1379 2665,1379 2710,1376 2755,1373 2800,1370 2844,1367 2889,1367 2934,1367 2979,1367 3024,1364 3068,1367 3113,1373"/>
               <TextEquiv>
                  <Unicode>Aber Schau: Du erin[n]erst Dich an den Brief von</Unicode>
               </TextEquiv>
            </TextLine>
            <TextLine id="tr_1_tl_8" custom="readingOrder {index:7;}">
               <Coords points="918,1594 3094,1534 3067,1447 2713,1480 2566,1405 2218,1450 2029,1399 1522,1513 921,1450"/>
               <Baseline points="937,1537 949,1540 994,1537 1038,1537 1083,1537 1128,1537 1173,1537 1217,1537 1262,1537 1307,1540 1352,1537 1397,1537 1441,1537 1486,1537 1531,1534 1576,1531 1620,1531 1665,1528 1710,1522 1755,1522 1800,1522 1844,1522 1889,1525 1934,1525 1979,1522 2023,1522 2068,1519 2113,1519 2158,1519 2203,1516 2247,1516 2292,1513 2337,1513 2382,1516 2426,1516 2471,1513 2516,1513 2561,1513 2606,1513 2650,1513 2695,1513 2740,1513 2785,1513 2829,1510 2874,1510 2919,1510 2964,1507 3009,1507 3053,1510 3098,1510"/>
               <TextEquiv>
                  <Unicode>Klaus Mann, den ich Dir zitiert habe: sie, meine</Unicode>
               </TextEquiv>
            </TextLine>
            <TextLine id="tr_1_tl_9" custom="readingOrder {index:8;}">
               <Coords points="912,1780 1423,1675 1777,1735 3106,1660 3106,1549 2806,1633 2314,1561 2134,1642 1999,1585 1498,1588 1309,1657 915,1597"/>
               <Baseline points="931,1680 961,1677 1006,1674 1050,1674 1095,1674 1140,1677 1185,1677 1229,1680 1274,1683 1319,1680 1364,1674 1409,1674 1453,1671 1498,1671 1543,1668 1588,1665 1632,1665 1677,1665 1722,1671 1767,1671 1812,1668 1856,1668 1901,1668 1946,1668 1991,1668 2035,1668 2080,1665 2125,1665 2170,1662 2215,1662 2259,1665 2304,1662 2349,1659 2394,1656 2438,1656 2483,1656 2528,1656 2573,1656 2618,1659 2662,1659 2707,1656 2752,1656 2797,1656 2841,1656 2886,1653 2931,1650 2976,1650 3021,1650 3065,1650 3113,1660"/>
               <TextEquiv>
                  <Unicode>Freunde, "erlauben" mir das Morphium, den Ausweg</Unicode>
               </TextEquiv>
            </TextLine>
            <TextLine id="tr_1_tl_10" custom="readingOrder {index:9;}">
               <Coords points="954,1867 3292,1822 3295,1768 3013,1684 2902,1759 2647,1762 2449,1681 957,1759"/>
               <Baseline points="970,1820 973,1820 1017,1817 1062,1817 1107,1820 1152,1820 1197,1817 1241,1815 1286,1815 1331,1815 1376,1815 1420,1815 1465,1812 1510,1809 1555,1809 1600,1809 1644,1806 1689,1803 1734,1803 1779,1803 1823,1803 1868,1803 1913,1806 1958,1809 2003,1806 2047,1803 2092,1800 2137,1800 2182,1803 2226,1803 2271,1800 2316,1797 2361,1797 2406,1797 2450,1794 2495,1794 2540,1797 2585,1797 2629,1794 2674,1794 2719,1794 2764,1791 2809,1791 2853,1791 2898,1791 2943,1791 2988,1788 3032,1791 3077,1794 3122,1797 3167,1800 3212,1803 3256,1809 3301,1815"/>
               <TextEquiv>
                  <Unicode>des Hinwegträumen nicht, welches in ein Hinüber¬</Unicode>
               </TextEquiv>
            </TextLine>
            <TextLine id="tr_1_tl_11" custom="readingOrder {index:10;}">
               <Coords points="954,1990 3235,1966 3235,1852 2365,1825 1981,1912 1729,1849 1546,1936 954,1867"/>
               <Baseline points="970,1943 1006,1946 1050,1946 1095,1949 1140,1952 1185,1952 1229,1955 1274,1955 1319,1958 1364,1964 1409,1964 1453,1961 1498,1961 1543,1961 1588,1961 1632,1961 1677,1961 1722,1961 1767,1958 1812,1958 1856,1958 1901,1958 1946,1955 1991,1955 2035,1952 2080,1952 2125,1949 2170,1949 2215,1946 2259,1943 2304,1946 2349,1943 2394,1940 2438,1940 2483,1937 2528,1934 2573,1934 2618,1931 2662,1931 2707,1928 2752,1925 2797,1925 2841,1922 2886,1922 2931,1922 2976,1922 3021,1922 3065,1925 3110,1928 3155,1931 3200,1931 3244,1940"/>
               <TextEquiv>
                  <Unicode>träumen zum Sterben wird. Diese Wahl habe ich</Unicode>
               </TextEquiv>
            </TextLine>
            <TextLine id="tr_1_tl_12"
                      custom="readingOrder {index:11;} textStyle {offset:40;length:13;underlined:true;}">
               <Coords points="966,2107 2515,2077 2752,2155 3289,2146 3289,2038 3085,1990 2290,1978 2080,2041 966,1972"/>
               <Baseline points="982,2074 1026,2071 1071,2068 1116,2074 1161,2077 1206,2080 1250,2080 1295,2083 1340,2086 1385,2086 1429,2086 1474,2086 1519,2083 1564,2080 1609,2080 1653,2077 1698,2077 1743,2077 1788,2077 1832,2077 1877,2077 1922,2077 1967,2074 2012,2077 2056,2077 2101,2074 2146,2077 2191,2074 2235,2074 2280,2071 2325,2074 2370,2074 2415,2074 2459,2071 2504,2074 2549,2074 2594,2074 2638,2074 2683,2077 2728,2080 2773,2074 2818,2071 2862,2071 2907,2071 2952,2071 2997,2074 3041,2080 3086,2080 3131,2083 3176,2083 3221,2086 3265,2086 3295,2092"/>
               <TextEquiv>
                  <Unicode>nicht, das habe ich kein Recht, Euch, – Dir vor allem,</Unicode>
               </TextEquiv>
            </TextLine>
            <TextLine id="tr_1_tl_13" custom="readingOrder {index:12;}">
               <Coords points="957,2266 1552,2251 1765,2314 2182,2248 2899,2296 3130,2251 3070,2152 2929,2191 2506,2104 2230,2179 1789,2125 1645,2176 1504,2116 957,2152"/>
               <Baseline points="973,2194 1017,2194 1062,2197 1107,2197 1152,2200 1197,2206 1241,2206 1286,2206 1331,2209 1376,2212 1420,2212 1465,2212 1510,2212 1555,2209 1600,2209 1644,2209 1689,2212 1734,2209 1779,2209 1823,2209 1868,2212 1913,2209 1958,2209 2003,2212 2047,2212 2092,2212 2137,2212 2182,2212 2226,2215 2271,2215 2316,2218 2361,2218 2406,2218 2450,2221 2495,2221 2540,2221 2585,2218 2629,2218 2674,2223 2719,2223 2764,2221 2809,2221 2853,2221 2898,2223 2943,2223 2988,2229 3032,2232 3077,2235 3122,2238 3137,2244"/>
               <TextEquiv>
                  <Unicode>anzutun. Also muss ich eben den Weg finden u.</Unicode>
               </TextEquiv>
            </TextLine>
            <TextLine id="tr_1_tl_14" custom="readingOrder {index:13;}">
               <Coords points="951,2380 3358,2407 3355,2275 3076,2257 1507,2332 951,2269"/>
               <Baseline points="967,2340 1011,2337 1056,2337 1101,2340 1146,2343 1191,2343 1235,2346 1280,2346 1325,2349 1370,2349 1414,2352 1459,2352 1504,2352 1549,2355 1594,2355 1638,2355 1683,2355 1728,2349 1773,2349 1817,2349 1862,2346 1907,2346 1952,2349 1997,2346 2041,2349 2086,2349 2131,2349 2176,2349 2221,2349 2265,2352 2310,2352 2355,2355 2400,2355 2444,2358 2489,2355 2534,2355 2579,2352 2624,2355 2668,2358 2713,2358 2758,2358 2803,2358 2847,2358 2892,2361 2937,2364 2982,2364 3027,2364 3071,2367 3116,2373 3161,2376 3206,2379 3250,2385 3295,2388 3340,2397 3367,2397"/>
               <TextEquiv>
                  <Unicode>aushalten u. gesund werden u. mich wohl in meiner</Unicode>
               </TextEquiv>
            </TextLine>
            <TextLine id="tr_1_tl_15" custom="readingOrder {index:14;}">
               <Coords points="951,2494 1408,2566 1708,2494 3217,2530 3214,2461 3046,2407 2215,2371 2098,2434 951,2440"/>
               <Baseline points="967,2480 1011,2477 1056,2477 1101,2477 1146,2477 1191,2483 1235,2483 1280,2480 1325,2480 1370,2483 1414,2483 1459,2486 1504,2486 1549,2489 1594,2489 1638,2489 1683,2489 1728,2486 1773,2486 1817,2486 1862,2486 1907,2486 1952,2480 1997,2477 2041,2477 2086,2477 2131,2477 2176,2477 2221,2480 2265,2480 2310,2483 2355,2486 2400,2489 2444,2492 2489,2492 2534,2492 2579,2492 2624,2492 2668,2492 2713,2492 2758,2492 2803,2492 2847,2489 2892,2492 2937,2495 2982,2495 3027,2498 3071,2501 3116,2501 3161,2504 3206,2513 3221,2516"/>
               <TextEquiv>
                  <Unicode>Haut fühlen. Ich leugne nicht, dass es mir sehr</Unicode>
               </TextEquiv>
            </TextLine>
            <TextLine id="tr_1_tl_16"
                      custom="readingOrder {index:15;} textStyle {offset:13;length:36;underlined:true;continued:true;}">
               <Coords points="990,2671 3328,2716 3328,2581 2872,2518 1429,2608 990,2539"/>
               <Baseline points="1006,2624 1050,2621 1095,2621 1140,2624 1185,2624 1229,2624 1274,2626 1319,2626 1364,2626 1409,2629 1453,2629 1498,2629 1543,2635 1588,2635 1632,2635 1677,2632 1722,2629 1767,2626 1812,2626 1856,2626 1901,2626 1946,2624 1991,2624 2035,2624 2080,2621 2125,2618 2170,2615 2215,2615 2259,2615 2304,2615 2349,2618 2394,2618 2438,2618 2483,2626 2528,2629 2573,2626 2618,2624 2662,2624 2707,2626 2752,2624 2797,2624 2841,2621 2886,2621 2931,2624 2976,2624 3021,2624 3065,2624 3110,2629 3155,2629 3200,2632 3244,2635 3289,2638 3334,2641 3337,2641"/>
               <TextEquiv>
                  <Unicode>schwer wird. Aber ich habe mir jetzt klar gemacht</Unicode>
               </TextEquiv>
            </TextLine>
            <TextLine id="tr_1_tl_17"
                      custom="readingOrder {index:16;} textStyle {offset:0;length:23;underlined:true;continued:true;}">
               <Coords points="984,2845 1188,2860 1291,2818 1420,2863 1657,2833 2260,2875 2257,2671 1987,2710 1684,2683 1597,2731 1462,2695 1405,2734 981,2671"/>
               <Baseline points="1000,2773 1044,2770 1089,2770 1134,2770 1179,2773 1223,2776 1268,2776 1313,2776 1358,2776 1403,2776 1447,2776 1492,2776 1537,2776 1582,2776 1626,2776 1671,2779 1716,2776 1761,2773 1806,2773 1850,2773 1895,2776 1940,2773 1985,2776 2029,2776 2074,2776 2119,2776 2164,2779 2209,2779 2253,2788 2268,2788"/>
               <TextEquiv>
                  <Unicode>dass es keine Wahl gibt –</Unicode>
               </TextEquiv>
            </TextLine>
            <TextLine id="tr_2_tl_1" custom="readingOrder {index:17;}">
               <Coords points="1026,2983 3097,2935 3040,2872 2443,2806 2056,2899 1765,2839 1026,2857"/>
               <Baseline points="1044,2937 1089,2931 1134,2928 1179,2928 1223,2928 1268,2928 1313,2925 1358,2925 1403,2925 1447,2925 1492,2928 1537,2925 1582,2925 1626,2928 1671,2934 1716,2931 1761,2931 1806,2931 1850,2928 1895,2928 1940,2931 1985,2931 2029,2931 2074,2931 2119,2928 2164,2928 2209,2928 2253,2925 2298,2928 2343,2925 2388,2922 2432,2922 2477,2919 2522,2919 2567,2919 2612,2916 2656,2919 2701,2916 2746,2916 2791,2916 2835,2919 2880,2919 2925,2919 2970,2922 3015,2925 3059,2931 3104,2934"/>
               <TextEquiv>
                  <Unicode>\p\Aber, wen[n] ich es mache, u. gesünder, werde u.</Unicode>
               </TextEquiv>
            </TextLine>
            <TextLine id="tr_2_tl_2" custom="readingOrder {index:18;}">
               <Coords points="1062,3070 2815,3046 3124,3097 3121,2953 2980,2926 2860,3001 2710,2944 2275,2995 1059,2965"/>
               <Baseline points="1077,3029 1122,3027 1167,3027 1211,3027 1256,3029 1301,3032 1346,3032 1391,3029 1435,3032 1480,3032 1525,3038 1570,3041 1615,3041 1659,3044 1704,3044 1749,3044 1794,3044 1838,3044 1883,3044 1928,3044 1973,3047 2018,3047 2062,3044 2107,3050 2152,3044 2197,3041 2241,3041 2286,3041 2331,3041 2376,3041 2421,3041 2465,3044 2510,3044 2555,3044 2600,3044 2644,3041 2689,3041 2734,3041 2779,3041 2824,3044 2868,3044 2913,3050 2958,3050 3003,3053 3047,3056 3092,3062 3131,3071"/>
               <TextEquiv>
                  <Unicode>nicht mehr zu den gefährlichen Mitteln greife,</Unicode>
               </TextEquiv>
            </TextLine>
            <TextLine id="tr_2_tl_3" custom="readingOrder {index:19;}">
               <Coords points="1059,3226 1330,3178 1861,3244 1984,3184 2233,3247 2680,3184 3223,3262 3220,3073 2851,3130 2308,3076 2056,3148 1849,3067 1056,3076"/>
               <Baseline points="1074,3155 1119,3158 1164,3161 1209,3164 1253,3164 1298,3164 1343,3167 1388,3170 1432,3170 1477,3173 1522,3173 1567,3176 1612,3176 1656,3176 1701,3176 1746,3179 1791,3179 1835,3176 1880,3176 1925,3176 1970,3179 2015,3176 2059,3179 2104,3179 2149,3176 2194,3176 2238,3176 2283,3179 2328,3179 2373,3182 2418,3185 2462,3185 2507,3185 2552,3185 2597,3182 2641,3185 2686,3182 2731,3182 2776,3185 2821,3185 2865,3191 2910,3191 2955,3191 3000,3191 3044,3194 3089,3200 3134,3203 3179,3209 3224,3218 3232,3221"/>
               <TextEquiv>
                  <Unicode>bin ich dann in Deinen Augen u. Deinem Herzen</Unicode>
               </TextEquiv>
            </TextLine>
            <TextLine id="tr_2_tl_4" custom="readingOrder {index:20;}">
               <Coords points="1050,3322 1258,3304 1465,3379 1741,3319 1927,3376 1981,3349 1978,3196 1870,3244 1579,3223 1489,3265 1333,3226 1149,3268 1047,3229"/>
               <Baseline points="1068,3298 1113,3295 1158,3298 1203,3298 1247,3301 1292,3301 1337,3301 1382,3301 1426,3304 1471,3304 1516,3307 1561,3310 1606,3310 1650,3310 1695,3310 1740,3307 1785,3307 1829,3307 1874,3307 1919,3310 1964,3313 1988,3316"/>
               <TextEquiv>
                  <Unicode>ein rechter Mensch?\:p\</Unicode>
               </TextEquiv>
            </TextLine>
            <TextLine id="tr_2_tl_5" custom="readingOrder {index:21;}">
               <Coords points="1005,3448 3136,3508 3133,3391 3013,3370 1750,3391 1005,3307"/>
               <Baseline points="1023,3430 1068,3430 1113,3432 1158,3438 1203,3438 1247,3435 1292,3435 1337,3438 1382,3441 1426,3441 1471,3444 1516,3444 1561,3450 1606,3453 1650,3459 1695,3456 1740,3456 1785,3453 1829,3453 1874,3453 1919,3450 1964,3450 2009,3450 2053,3456 2098,3462 2143,3459 2188,3462 2232,3459 2277,3459 2322,3459 2367,3462 2412,3462 2456,3462 2501,3465 2546,3462 2591,3462 2635,3462 2680,3462 2725,3462 2770,3459 2815,3456 2859,3456 2904,3456 2949,3456 2994,3459 3038,3465 3083,3465 3128,3471 3137,3468"/>
               <TextEquiv>
                  <Unicode>\p\Wir beenden jetzt diese Gespräche. Ich habe Dir</Unicode>
               </TextEquiv>
            </TextLine>
            <TextLine id="tr_2_tl_6" custom="readingOrder {index:22;}">
               <Coords points="1038,3586 1903,3662 2458,3586 3160,3629 3157,3529 2950,3490 2443,3547 1888,3454 1035,3493"/>
               <Baseline points="1053,3564 1098,3561 1143,3558 1188,3561 1232,3564 1277,3561 1322,3564 1367,3567 1412,3567 1456,3570 1501,3570 1546,3573 1591,3573 1635,3579 1680,3579 1725,3579 1770,3579 1815,3576 1859,3576 1904,3576 1949,3576 1994,3576 2038,3576 2083,3579 2128,3579 2173,3579 2218,3579 2262,3579 2307,3582 2352,3585 2397,3582 2441,3585 2486,3588 2531,3588 2576,3591 2621,3588 2665,3588 2710,3588 2755,3591 2800,3591 2844,3591 2889,3591 2934,3591 2979,3591 3024,3594 3068,3597 3113,3600 3158,3606 3167,3609"/>
               <TextEquiv>
                  <Unicode>viel zugemutet, alles ist ganz klar, – u. auch</Unicode>
               </TextEquiv>
            </TextLine>
            <TextLine id="tr_2_tl_7" custom="readingOrder {index:23;}">
               <Coords points="1044,3716 3100,3770 3115,3668 1041,3638"/>
               <Baseline points="1062,3698 1107,3698 1152,3695 1197,3698 1241,3701 1286,3701 1331,3701 1376,3701 1420,3701 1465,3701 1510,3704 1555,3704 1600,3704 1644,3704 1689,3707 1734,3707 1779,3707 1823,3710 1868,3710 1913,3707 1958,3704 2003,3707 2047,3707 2092,3707 2137,3707 2182,3710 2226,3710 2271,3713 2316,3716 2361,3716 2406,3716 2450,3716 2495,3716 2540,3716 2585,3716 2629,3716 2674,3716 2719,3716 2764,3719 2809,3719 2853,3719 2898,3722 2943,3725 2988,3728 3032,3731 3077,3737 3122,3743"/>
               <TextEquiv>
                  <Unicode>das Reden über mich muss sein Ende haben,</Unicode>
               </TextEquiv>
            </TextLine>
            <TextLine id="tr_2_tl_8" custom="readingOrder {index:24;}">
               <Coords points="1044,3845 2182,3848 2422,3920 2638,3866 3085,3890 3082,3815 2794,3767 2185,3818 1969,3740 1858,3815 1044,3734"/>
               <Baseline points="1062,3830 1107,3827 1152,3827 1197,3830 1241,3833 1286,3833 1331,3830 1376,3830 1420,3830 1465,3833 1510,3836 1555,3836 1600,3836 1644,3836 1689,3836 1734,3838 1779,3838 1823,3841 1868,3841 1913,3841 1958,3838 2003,3838 2047,3838 2092,3838 2137,3841 2182,3844 2226,3844 2271,3847 2316,3847 2361,3850 2406,3850 2450,3853 2495,3853 2540,3856 2585,3856 2629,3853 2674,3856 2719,3859 2764,3859 2809,3859 2853,3862 2898,3865 2943,3868 2988,3871 3032,3874 3077,3880 3092,3886"/>
               <TextEquiv>
                  <Unicode>das fühle ich. Aber danken will ich Dir</Unicode>
               </TextEquiv>
            </TextLine>
            <TextLine id="tr_2_tl_9" custom="readingOrder {index:25;}">
               <Coords points="1044,4028 1825,3980 3253,4043 3253,3935 3067,3899 2896,3965 2308,3917 2152,3968 1978,3911 1696,3959 1378,3866 1044,3935"/>
               <Baseline points="1062,3970 1107,3967 1152,3970 1197,3973 1241,3973 1286,3979 1331,3979 1376,3976 1420,3976 1465,3979 1510,3979 1555,3979 1600,3979 1644,3979 1689,3979 1734,3979 1779,3979 1823,3982 1868,3979 1913,3979 1958,3982 2003,3982 2047,3982 2092,3982 2137,3988 2182,3991 2226,3991 2271,3994 2316,3994 2361,3994 2406,3997 2450,3997 2495,3997 2540,3997 2585,3997 2629,3997 2674,3997 2719,3997 2764,3997 2809,3997 2853,4000 2898,4003 2943,4003 2988,4003 3032,4006 3077,4006 3122,4009 3167,4012 3212,4021 3256,4027 3262,4030"/>
               <TextEquiv>
                  <Unicode>dass Du da wirst in diesen schweren Wochen –\:p\</Unicode>
               </TextEquiv>
            </TextLine>
            <TextLine id="tr_2_tl_10" custom="readingOrder {index:26;}">
               <Coords points="1041,4154 1387,4100 1582,4148 1783,4109 1948,4178 2239,4136 2218,4001 2161,4031 2092,3992 1990,4040 1927,3998 1879,4049 1804,4025 1702,4076 1567,4016 1495,4070 1324,4016 1158,4073 1041,4031"/>
               <Baseline points="1059,4113 1104,4107 1149,4107 1194,4104 1238,4104 1283,4101 1328,4098 1373,4098 1417,4101 1462,4101 1507,4104 1552,4104 1597,4104 1641,4104 1686,4101 1731,4101 1776,4104 1820,4104 1865,4107 1910,4107 1955,4110 2000,4110 2044,4110 2089,4113 2134,4116 2179,4119 2223,4125 2244,4128"/>
               <TextEquiv>
                  <Unicode>Du liebes Mameli! – Deine</Unicode>
               </TextEquiv>
            </TextLine>
            <TextLine id="tr_2_tl_11" custom="readingOrder {index:27;}">
               <Coords points="2569,4280 2638,4268 2719,4283 2848,4256 2977,4277 2977,4181 2950,4172 2875,4202 2749,4169 2710,4202 2632,4166 2569,4175"/>
               <Baseline points="2585,4259 2629,4256 2674,4253 2719,4253 2764,4250 2809,4250 2853,4253 2898,4253 2943,4256 2985,4259"/>
               <TextEquiv>
                  <Unicode>An[n]emarie</Unicode>
               </TextEquiv>
            </TextLine>
            <TextEquiv>
               <Unicode/>
            </TextEquiv>
         </TextRegion>
      </Page>
   </PcGts>
   <PcGts xmlns="http://schema.primaresearch.org/PAGE/gts/pagecontent/2013-07-15">
      <Metadata>
         <Creator>prov=READ-COOP:name=TrHtr:version=2.36.0:model_id=51170:date=09_01_2026_14:33</Creator>
         <Created>2026-01-09T13:11:41.367+01:00</Created>
         <LastChange>2026-01-09T14:33:50.845+01:00</LastChange>
         <TranskribusMetadata docId="13546454"
                              pageId="111846574"
                              pageNr="8"
                              status="IN_PROGRESS"
                              userId="194245"
                              imgUrl="https://files.transkribus.eu/Get?fileType=view&amp;id=IHVLZEXWYCBCGAJSWMGSINIG"
                              imageId="94484291"/>
      </Metadata>
      <Page imageFilename="letter_0424_008.jpg"
            imageWidth="3505"
            imageHeight="4442"/>
   </PcGts>
   <PcGts xmlns="http://schema.primaresearch.org/PAGE/gts/pagecontent/2013-07-15">
      <Metadata>
         <Creator>prov=READ-COOP:name=TrHtr:version=2.36.0:model_id=51170:date=09_01_2026_14:33</Creator>
         <Created>2026-01-09T13:11:41.456+01:00</Created>
         <LastChange>2026-01-09T14:33:51.020+01:00</LastChange>
         <TranskribusMetadata docId="13546454"
                              pageId="111846552"
                              pageNr="9"
                              status="IN_PROGRESS"
                              userId="194245"
                              imgUrl="https://files.transkribus.eu/Get?fileType=view&amp;id=RONWOZXGYJEDLAJKVIYRGHAI"
                              imageId="94484241"/>
      </Metadata>
      <Page imageFilename="letter_0424_009.jpg"
            imageWidth="2680"
            imageHeight="1920">
         <TextRegion id="tr_1">
            <Coords points="689,762 2278,762 2278,1610 689,1610"/>
            <TextLine id="tr_1_tl_1" custom="readingOrder {index:1;}">
               <Coords points="676,898 944,960 1151,865 2276,831 2278,733 2218,698 1697,811 1618,763 1451,777 1314,666 1125,791 795,638 682,638"/>
               <Baseline points="689,862 710,859 755,856 800,853 845,851 889,842 934,839 979,836 1024,839 1068,836 1113,836 1158,839 1203,839 1248,839 1292,839 1337,839 1382,839 1427,839 1472,839 1516,842 1561,842 1606,842 1651,842 1696,842 1740,842 1785,842 1830,839 1875,836 1920,833 1964,830 2009,827 2054,824 2099,821 2143,821 2188,818 2233,818 2278,812"/>
               <TextEquiv>
                  <Unicode>Brief v. Annman an mich</Unicode>
               </TextEquiv>
            </TextLine>
            <TextLine id="tr_1_tl_2" custom="readingOrder {index:2;}">
               <Coords points="1264,1616 1475,1598 1546,1622 1723,1578 1894,1634 2097,1568 2101,1465 2035,1453 1821,1501 1715,1451 1548,1489 1270,1479"/>
               <Baseline points="1275,1597 1295,1600 1340,1597 1385,1597 1430,1594 1475,1594 1519,1591 1564,1588 1609,1582 1654,1579 1699,1576 1743,1573 1788,1576 1833,1573 1878,1573 1922,1573 1967,1567 2012,1564 2057,1564 2102,1564"/>
               <TextEquiv>
                  <Unicode>25. Mai 1938.</Unicode>
               </TextEquiv>
            </TextLine>
         </TextRegion>
      </Page>
   </PcGts>
   <PcGts xmlns="http://schema.primaresearch.org/PAGE/gts/pagecontent/2013-07-15">
      <Metadata>
         <Creator>prov=READ-COOP:name=TrHtr:version=2.36.0:model_id=51170:date=09_01_2026_14:33</Creator>
         <Created>2026-01-09T13:11:41.544+01:00</Created>
         <LastChange>2026-01-09T18:17:57.181+01:00</LastChange>
         <TranskribusMetadata docId="13546454"
                              pageId="111846575"
                              pageNr="10"
                              status="IN_PROGRESS"
                              userId="194245"
                              imgUrl="https://files.transkribus.eu/Get?fileType=view&amp;id=JUEPHNRDWDARVCSEOYUNIJEL"
                              imageId="94484292"/>
      </Metadata>
      <Page imageFilename="letter_0424_010.jpg"
            imageWidth="2680"
            imageHeight="1920"/>
   </PcGts>
</validation-wrapper>
