3485 4421
2736 234 3009 415 1928 [fremde Hand]
672 610 1678 837 Lieber Ernst Merz,
663 778 3023 1022 Dein Brief war für mich eine grosse
669 949 2808 1170 Freude, ich war so erfüllt von
692 1104 3039 1335 den Gedanken die Du aussprichst,
702 1276 3293 1447 sie sind den meinen nahe verwandt.
659 1460 2891 1668 Wen[ ich nur an mich glauben
649 1609 3300 1829 würde – ich bin in allen Dingen die
663 1783 3098 2037 mich angehen von einer grossen Un¬
666 1961 3006 2133 sicherheit, weil ich mir in[erlich oft
738 2143 3293 2330 arm, kleinlich u. kraftles verkom[e.
672 2291 3003 2522 Wir Frauen sind viel weniger fähig
735 2456 3089 2706 zu Geimeinschaft u. geistiger Arbeit
705 2617 3158 2868 als ihr. Oft durchlaufe ich die
742 2822 2996 2996 Reihe meiner Freundin[en, u. da
768 2986 3161 3240 finde ich wohl Frauen, eigengesetzlich,
761 3164 3240 3448 in ihrer Kraft u. Güte – aber unter
785 3408 2489 3679 den Jungen sind keine.
699 3613 2944 3880 Etwas wollte ich Dir noch sagen.
725 3778 3151 4054 Viele sagen dass alle Frauen denen
808 386 3156 591 ich nahe komme mich lieben müssen.
817 594 3027 805 Und darin, denke ich oft, kann
802 741 3036 1039 vielleicht eine grosse Kraft liegen.
785 943 2922 1104 Nie aber bin ich Führende, im[er
793 1080 2263 1335 beeinflusst, nachgebend –
773 1294 2646 1458 Das kan[ überwunden werden.
1613 1446 3004 1663 Den[och überschätzest Du
773 1610 2813 1841 mich. Und Viele Andere, beinahe
767 1792 2333 1985 alle meine Freunde, tun es.
776 1938 2772 2120 ich bin sehr schwach. Das aber
767 2120 2819 2307 weiss ich: wenn ich die Aufgabe
785 2248 2966 2436 einmal erken[en werde, dann werde
823 2380 2922 2638 ich auch stark genug sein sie zu
826 2556 1060 2723 tun.
834 2658 3127 2846 ich möchte Dich bald sehen u. einmal
846 2758 3194 3009 ganz einfach erzählen, damit Du weisst
922 2913 3018 3080 was ich in mir "Schwäche" nen[e.
890 3042 2392 3285 Herzliche Grüsse von Annemarie.
