<?xml version="1.0" encoding="UTF-8"?>
<validation-wrapper>
   <PcGts xmlns="http://schema.primaresearch.org/PAGE/gts/pagecontent/2013-07-15">
      <Metadata>
         <Creator>prov=READ-COOP:name=TrHtr:version=2.30.0:model_id=265149:date=07_08_2025_23:47</Creator>
         <Created>2025-08-06T11:14:59.720+02:00</Created>
         <LastChange>2025-08-15T07:50:14.923+02:00</LastChange>
         <TranskribusMetadata docId="9940540"
                              pageId="101355980"
                              pageNr="1"
                              status="IN_PROGRESS"
                              userId="194245"
                              imgUrl="https://files.transkribus.eu/Get?id=LITNCSKEJRYXXEUDWTYZLCIZ&amp;fileType=view"
                              imageId="85007665"/>
      </Metadata>
      <Page imageFilename="letter_0238_001.jpg"
            imageWidth="5249"
            imageHeight="6685">
         <TextRegion orientation="0.0" id="tr_1" custom="readingOrder {index:0;}">
            <Coords points="847,637 847,6127 4798,6127 4798,637"/>
            <TextLine id="tr_1_tl_1"
                      custom="readingOrder {index:0;} textStyle {offset:0;length:7;underlined:true;}">
               <Coords points="880,761 1005,799 1162,789 1206,823 1325,746 1497,780 1502,574 1440,531 1325,550 1296,526 1182,579 1019,493 890,488"/>
               <Baseline points="907,764 936,756 966,748 996,744 1026,742 1056,740 1086,738 1115,736 1145,734 1175,732 1205,730 1235,728 1265,730 1295,732 1324,734 1354,734 1384,734 1414,734 1444,734 1474,734 1504,734"/>
               <TextEquiv>
                  <Unicode>Sonntag</Unicode>
               </TextEquiv>
            </TextLine>
            <TextLine id="tr_1_tl_2" custom="readingOrder {index:1;}">
               <Coords points="856,1311 2832,1196 3717,1349 4042,1201 4621,1234 4621,1067 2846,1139 2559,1009 856,1153"/>
               <Baseline points="883,1253 1070,1244 1257,1231 1445,1227 1632,1220 1820,1217 2007,1211 2194,1211 2382,1212 2569,1211 2757,1205 2944,1198 3131,1194 3319,1199 3506,1199 3694,1205 3881,1192 4068,1193 4256,1193 4443,1198 4631,1223"/>
               <TextEquiv>
                  <Unicode>\p\E. – ich wollte Dich anrufen, habe aber</Unicode>
               </TextEquiv>
            </TextLine>
            <TextLine id="tr_1_tl_3" custom="readingOrder {index:2;}">
               <Coords points="875,1473 1780,1598 2124,1449 4722,1478 4726,1258 3119,1359 2454,1234 1976,1368 1435,1234 875,1383"/>
               <Baseline points="901,1462 1092,1444 1283,1438 1474,1438 1666,1443 1857,1444 2048,1444 2240,1438 2431,1444 2622,1444 2814,1426 3005,1421 3196,1420 3387,1420 3579,1414 3770,1418 3961,1408 4153,1410 4344,1412 4535,1424 4727,1450"/>
               <TextEquiv>
                  <Unicode>das Ferngespräche eben noch in andere</Unicode>
               </TextEquiv>
            </TextLine>
            <TextLine id="tr_1_tl_4" custom="readingOrder {index:3;}">
               <Coords points="856,1698 1253,1660 1560,1803 1799,1674 2071,1780 2239,1670 2832,1760 3310,1631 4181,1713 4535,1626 4540,1440 3741,1569 3301,1464 2885,1579 2143,1449 1775,1607 1335,1459 861,1493"/>
               <Baseline points="883,1683 1066,1664 1249,1654 1432,1660 1616,1661 1799,1663 1982,1659 2165,1663 2349,1659 2532,1659 2715,1662 2898,1658 3082,1641 3265,1635 3448,1625 3631,1617 3815,1611 3998,1600 4181,1604 4364,1605 4548,1617"/>
               <TextEquiv>
                  <Unicode>Richtung abgelenkt, weil das Telefon</Unicode>
               </TextEquiv>
            </TextLine>
            <TextLine id="tr_1_tl_5"
                      custom="readingOrder {index:4;} textStyle {offset:32;length:1;strikethrough:true;}">
               <Coords points="923,1909 3703,1813 3942,1890 4329,1832 4334,1684 3923,1727 3602,1626 2751,1799 2478,1693 2081,1837 1741,1732 1588,1842 928,1713"/>
               <Baseline points="949,1880 1118,1868 1288,1868 1457,1874 1627,1876 1796,1864 1966,1868 2135,1866 2305,1860 2474,1861 2644,1856 2813,1856 2983,1845 3152,1844 3322,1834 3491,1822 3661,1814 3830,1808 4000,1809 4169,1815 4339,1832"/>
               <TextEquiv>
                  <Unicode>doch eine barbarische Sache sei D,</Unicode>
               </TextEquiv>
            </TextLine>
            <TextLine id="tr_1_tl_6" custom="readingOrder {index:5;}">
               <Coords points="909,2090 2574,2047 2937,2162 3660,2028 4305,2153 4497,1957 914,1923"/>
               <Baseline points="937,2077 1115,2071 1293,2069 1471,2059 1649,2059 1827,2054 2005,2066 2184,2069 2362,2052 2540,2046 2718,2041 2896,2041 3074,2035 3252,2035 3431,2034 3609,2023 3787,2023 3965,2029 4143,2023 4321,2035 4500,2065"/>
               <TextEquiv>
                  <Unicode>Du aber bist wenn möglich ausgegangen</Unicode>
               </TextEquiv>
            </TextLine>
            <TextLine id="tr_1_tl_7" custom="readingOrder {index:6;}">
               <Coords points="933,2239 2593,2267 2794,2368 3215,2244 4186,2248 4191,2138 3784,2157 3554,2052 2880,2177 2550,2076 2014,2186 1842,2076 1435,2181 938,2143"/>
               <Baseline points="960,2238 1122,2238 1284,2238 1446,2237 1608,2226 1770,2225 1932,2230 2094,2232 2256,2226 2418,2220 2581,2220 2743,2230 2905,2232 3067,2230 3229,2226 3391,2226 3553,2215 3715,2208 3877,2200 4039,2197 4202,2214"/>
               <TextEquiv>
                  <Unicode>u. es bliebe nichts zurück als das</Unicode>
               </TextEquiv>
            </TextLine>
            <TextLine id="tr_1_tl_8" custom="readingOrder {index:7;}">
               <Coords points="866,2511 4420,2454 4334,2224 3956,2330 3291,2234 2803,2368 2593,2267 2138,2373 871,2311"/>
               <Baseline points="895,2471 1081,2459 1267,2455 1453,2445 1640,2429 1826,2429 2012,2423 2198,2429 2385,2423 2571,2422 2757,2417 2943,2411 3130,2411 3316,2405 3502,2401 3688,2389 3875,2392 4061,2399 4247,2416 4434,2441"/>
               <TextEquiv>
                  <Unicode>Missbehagen ungeklärter Sehnsucht –</Unicode>
               </TextEquiv>
            </TextLine>
            <TextLine id="tr_1_tl_9" custom="readingOrder {index:8;}">
               <Coords points="899,2703 3014,2583 3540,2693 3774,2578 4372,2660 4377,2492 904,2540"/>
               <Baseline points="925,2662 1098,2656 1271,2656 1444,2650 1617,2644 1790,2626 1963,2620 2136,2615 2309,2603 2482,2608 2656,2598 2829,2592 3002,2584 3175,2587 3348,2578 3521,2584 3694,2581 3867,2573 4040,2585 4213,2603 4387,2620"/>
               <TextEquiv>
                  <Unicode>Aber – weil ich mich inzwischen</Unicode>
               </TextEquiv>
            </TextLine>
            <TextLine id="tr_1_tl_10" custom="readingOrder {index:9;}">
               <Coords points="938,2889 2459,2789 4411,2837 4506,2641 2669,2736 2315,2626 1402,2818 1158,2708 942,2765"/>
               <Baseline points="966,2870 1143,2859 1321,2857 1498,2847 1676,2839 1854,2826 2031,2810 2209,2793 2386,2792 2564,2787 2742,2786 2919,2781 3097,2781 3274,2782 3452,2788 3630,2787 3807,2787 3985,2775 4162,2769 4340,2781 4518,2793"/>
               <TextEquiv>
                  <Unicode>sehr entschieden wieder der ver¬</Unicode>
               </TextEquiv>
            </TextLine>
            <TextLine id="tr_1_tl_11" custom="readingOrder {index:10;}">
               <Coords points="976,3200 2473,2980 3334,2990 3573,3100 4602,3019 4650,2803 3736,2947 3023,2803 2272,2947 981,2909"/>
               <Baseline points="1002,3097 1184,3055 1367,3048 1549,3038 1732,3032 1915,3024 2097,3014 2280,3002 2463,2981 2645,2978 2828,2978 3011,2978 3193,2982 3376,2990 3559,3001 3741,2997 3924,2996 4107,2990 4289,2979 4472,2984 4655,3002"/>
               <TextEquiv>
                  <Unicode>fänglichsten alles Künste, der Musik</Unicode>
               </TextEquiv>
            </TextLine>
            <TextLine id="tr_1_tl_12" custom="readingOrder {index:11;}">
               <Coords points="938,3315 2827,3176 4664,3272 4664,3033 4234,2985 3918,3138 3191,3023 2636,3143 1894,3033 1650,3157 1473,3076 938,3191"/>
               <Baseline points="966,3270 1151,3251 1336,3237 1522,3224 1707,3223 1892,3211 2078,3193 2263,3193 2448,3186 2634,3186 2819,3175 3004,3177 3190,3190 3375,3181 3560,3178 3746,3185 3931,3187 4116,3193 4302,3187 4487,3204 4673,3229"/>
               <TextEquiv>
                  <Unicode>ergeben habe u. mit meinem Vetter</Unicode>
               </TextEquiv>
            </TextLine>
            <TextLine id="tr_1_tl_13" custom="readingOrder {index:12;}">
               <Coords points="914,3492 2291,3396 2923,3516 3239,3396 4722,3473 4722,3296 4401,3219 3554,3325 2607,3181 1182,3382 918,3320"/>
               <Baseline points="943,3461 1132,3448 1322,3438 1511,3432 1701,3429 1890,3419 2080,3400 2269,3385 2459,3384 2648,3378 2838,3384 3027,3390 3217,3396 3406,3384 3596,3384 3785,3384 3975,3383 4164,3396 4354,3409 4543,3429 4733,3461"/>
               <TextEquiv>
                  <Unicode>Richard Nachmittage u. Abende dabei</Unicode>
               </TextEquiv>
            </TextLine>
            <TextLine id="tr_1_tl_14" custom="readingOrder {index:13;}">
               <Coords points="947,3755 1115,3631 1617,3703 2995,3554 3707,3554 4138,3727 4588,3640 4592,3454 2688,3502 2291,3396 1760,3550 947,3506"/>
               <Baseline points="972,3634 1153,3623 1334,3617 1516,3614 1697,3608 1879,3589 2060,3571 2242,3573 2423,3571 2605,3569 2786,3563 2967,3557 3149,3551 3330,3551 3512,3551 3693,3551 3875,3563 4056,3574 4238,3581 4419,3593 4601,3611"/>
               <TextEquiv>
                  <Unicode>zubringen, bin ich innerlich zu finster [?]</Unicode>
               </TextEquiv>
            </TextLine>
            <TextLine id="tr_1_tl_15" custom="readingOrder {index:14;}">
               <Coords points="957,3827 1937,3904 2157,3760 3224,3736 3444,3880 3612,3760 4119,3765 4253,3884 4396,3803 4592,3956 4784,3908 4784,3674 4138,3727 3617,3564 3320,3703 2942,3569 2698,3683 1115,3631 957,3755"/>
               <Baseline points="984,3796 1174,3784 1365,3792 1556,3788 1746,3778 1937,3766 2128,3760 2318,3754 2509,3748 2700,3742 2891,3734 3081,3732 3272,3739 3463,3750 3653,3742 3844,3748 4035,3755 4225,3778 4416,3786 4607,3810 4798,3843"/>
               <TextEquiv>
                  <Unicode>leise selbstzerstörerischen Gedanken gelangt</Unicode>
               </TextEquiv>
            </TextLine>
            <TextLine id="tr_1_tl_16" custom="readingOrder {index:15;}">
               <Coords points="947,3985 2071,4057 3607,3942 4769,4057 4769,3908 3856,3774 3478,3880 3282,3750 2956,3856 2244,3779 1937,3904 947,3837"/>
               <Baseline points="972,3975 1162,3964 1352,3969 1542,3969 1732,3972 1922,3963 2112,3957 2303,3952 2493,3945 2683,3932 2873,3920 3063,3919 3253,3921 3443,3927 3634,3931 3824,3944 4014,3957 4204,3958 4394,3978 4584,4001 4775,4040"/>
               <TextEquiv>
                  <Unicode>die der verantwortungsbewusste Mensch</Unicode>
               </TextEquiv>
            </TextLine>
            <TextLine id="tr_1_tl_17" custom="readingOrder {index:16;}">
               <Coords points="1000,4195 3803,4138 4296,4272 4750,4238 4750,4138 4439,4018 4286,4124 4066,4018 3865,4095 3047,3999 2660,4128 2311,3980 1961,4109 1717,3985 1000,4095"/>
               <Baseline points="1026,4172 1212,4166 1399,4160 1586,4160 1773,4166 1960,4172 2147,4163 2333,4160 2520,4160 2707,4160 2894,4143 3081,4142 3268,4148 3455,4142 3641,4136 3828,4142 4015,4142 4202,4153 4389,4169 4576,4182 4763,4202"/>
               <TextEquiv>
                  <Unicode>u. wahre Weise ebenso von sich fern¬</Unicode>
               </TextEquiv>
            </TextLine>
            <TextLine id="tr_1_tl_18" custom="readingOrder {index:17;}">
               <Coords points="976,4368 2205,4458 3707,4339 4248,4516 4435,4387 4655,4430 4626,4186 3951,4291 2995,4167 1937,4320 976,4186"/>
               <Baseline points="1002,4345 1185,4345 1368,4340 1551,4350 1735,4346 1918,4363 2101,4357 2284,4355 2468,4351 2651,4349 2834,4345 3017,4345 3201,4345 3384,4341 3567,4339 3750,4337 3934,4345 4117,4363 4300,4367 4483,4380 4667,4393"/>
               <TextEquiv>
                  <Unicode>hält wie irgendwelche anderen Gifte –</Unicode>
               </TextEquiv>
            </TextLine>
            <TextLine id="tr_1_tl_19" custom="readingOrder {index:18;}">
               <Coords points="918,4669 1626,4568 2191,4588 2339,4707 2502,4588 4033,4568 4253,4755 4631,4669 4559,4420 4310,4535 3038,4420 2870,4535 2607,4391 1674,4487 914,4372"/>
               <Baseline points="943,4595 1128,4572 1313,4566 1498,4571 1683,4566 1868,4566 2053,4560 2238,4566 2423,4560 2608,4570 2793,4578 2978,4576 3163,4583 3348,4584 3533,4572 3718,4566 3903,4560 4088,4568 4273,4597 4458,4609 4643,4631"/>
               <TextEquiv>
                  <Unicode>(Wobei mir einfällt dass ich von Gert [vermutlich Gertrud Feiß, Freundin von KM aus Odenwald-Zeit (siehe KMTagebuch 31-33, S. 210), Umgang mit Hans Feist, ev. morphiumsüchtig]</Unicode>
               </TextEquiv>
            </TextLine>
            <TextLine id="l" custom="readingOrder {index:19;}">
               <Coords points="938,4664 1861,4578 4057,4626 4506,4640 4736,4736 4741,4865 4363,4937 942,4808"/>
               <Baseline points="966,4775 1060,4757 1154,4752 1248,4756 1342,4752 1436,4758 1530,4765 1624,4769 1718,4767 1812,4763 1906,4766 2000,4769 2094,4769 2188,4769 2282,4769 2376,4769 2470,4764 2564,4763 2658,4763 2752,4769 2847,4775 3032,4775 3122,4775 3212,4775 3303,4775 3393,4775 3484,4775 3574,4769 3665,4763 3755,4757 3846,4764 3936,4769 4027,4770 4117,4776 4208,4788 4298,4799 4389,4805 4479,4813 4570,4831 4660,4849 4751,4870"/>
               <TextEquiv>
                  <Unicode>einen freundlichen u. an ernsthaften</Unicode>
               </TextEquiv>
            </TextLine>
            <TextLine id="tr_1_tl_22" custom="readingOrder {index:20;}">
               <Coords points="995,5033 1756,5133 2339,4994 3291,5123 3975,5013 4511,5104 4506,4879 4076,4822 3038,4817 2789,4946 2483,4798 2014,4932 1655,4769 995,4798"/>
               <Baseline points="1020,5001 1195,4984 1370,4989 1545,4983 1720,4983 1896,4984 2071,4987 2246,4985 2421,4985 2596,4983 2772,4992 2947,5001 3122,5007 3297,5013 3472,5019 3648,5007 3823,5013 3998,5013 4173,5020 4348,5039 4524,5061"/>
               <TextEquiv>
                  <Unicode>Vorschlägen reichen Brief bekom[m]en</Unicode>
               </TextEquiv>
            </TextLine>
            <TextLine id="tr_1_tl_23" custom="readingOrder {index:21;}">
               <Coords points="823,5267 914,5296 1043,5291 1196,5377 1430,5387 1430,5114 1378,5128 1311,5085 1292,5104 1182,5042 1100,5080 1009,5056 890,5095 823,5076"/>
               <Baseline points="847,5234 876,5232 906,5230 936,5228 966,5228 996,5228 1026,5228 1055,5226 1085,5224 1115,5222 1145,5222 1175,5222 1205,5222 1235,5220 1264,5218 1294,5216 1324,5220 1354,5224 1384,5228 1414,5237 1444,5246"/>
               <TextEquiv>
                  <Unicode>habe)\:p\</Unicode>
               </TextEquiv>
            </TextLine>
            <TextLine id="tr_1_tl_24" custom="readingOrder {index:22;}">
               <Coords points="909,5530 1870,5420 2354,5439 2641,5597 3234,5439 3798,5535 4253,5463 4372,5564 4612,5516 4612,5276 3597,5396 3124,5176 2220,5143 909,5401"/>
               <Baseline points="937,5455 1121,5449 1305,5443 1489,5431 1673,5424 1857,5418 2041,5413 2225,5417 2409,5419 2593,5433 2778,5434 2962,5440 3146,5440 3330,5437 3514,5439 3698,5427 3882,5430 4066,5425 4250,5430 4434,5442 4619,5449"/>
               <TextEquiv>
                  <Unicode>\p\Also, weil ich bei Gert schon angelangt</Unicode>
               </TextEquiv>
            </TextLine>
            <TextLine id="tr_1_tl_25" custom="readingOrder {index:23;}">
               <Coords points="952,5707 1014,5717 1095,5688 1158,5702 1220,5664 1292,5712 1378,5702 1387,5530 1354,5540 1316,5525 1296,5540 1234,5506 1172,5511 1124,5482 1033,5559 957,5554"/>
               <Baseline points="984,5658 1009,5655 1035,5652 1061,5650 1087,5649 1112,5647 1138,5645 1164,5644 1190,5642 1215,5640 1241,5640 1267,5640 1293,5640 1318,5641 1344,5642 1370,5644 1396,5646"/>
               <TextEquiv>
                  <Unicode>bin –\:p\</Unicode>
               </TextEquiv>
            </TextLine>
            <TextLine id="tr_1_tl_26" custom="readingOrder {index:24;}">
               <Coords points="933,5865 4348,5898 4272,5764 3124,5764 2937,5664 2665,5755 2397,5602 2071,5736 933,5702"/>
               <Baseline points="960,5837 1129,5837 1299,5831 1469,5827 1639,5819 1809,5813 1979,5815 2148,5819 2318,5820 2488,5826 2658,5837 2828,5841 2998,5848 3168,5855 3337,5861 3507,5858 3677,5849 3847,5849 4017,5850 4187,5861 4357,5879"/>
               <TextEquiv>
                  <Unicode>Es ist doch recht seltsam dass man</Unicode>
               </TextEquiv>
            </TextLine>
            <TextLine id="tr_1_tl_27" custom="readingOrder {index:25;}">
               <Coords points="952,6066 2387,6023 2798,6171 3813,6080 4420,6185 4415,5937 4133,5865 3267,5984 3119,5894 2789,5984 947,5908"/>
               <Baseline points="978,6034 1150,6016 1323,6016 1495,6007 1668,6004 1840,6004 2013,6001 2185,6004 2358,6012 2530,6024 2703,6045 2875,6046 3048,6047 3220,6052 3393,6058 3565,6058 3738,6064 3910,6064 4083,6070 4255,6070 4428,6082"/>
               <TextEquiv>
                  <Unicode>mit den besten u. jedenfalls leiden¬</Unicode>
               </TextEquiv>
            </TextLine>
         </TextRegion>
      </Page>
   </PcGts>
   <PcGts xmlns="http://schema.primaresearch.org/PAGE/gts/pagecontent/2013-07-15">
      <Metadata>
         <Creator>prov=READ-COOP:name=TrHtr:version=2.30.0:model_id=265149:date=07_08_2025_23:47</Creator>
         <Created>2025-08-06T11:14:59.838+02:00</Created>
         <LastChange>2026-02-23T11:37:09.956+01:00</LastChange>
         <TranskribusMetadata docId="9940540"
                              pageId="101355997"
                              pageNr="2"
                              status="IN_PROGRESS"
                              userId="210611"
                              imgUrl="https://files.transkribus.eu/Get?fileType=view&amp;id=HNCDAEFYLQXKDFLAWPOPXPON"
                              imageId="85007716"/>
      </Metadata>
      <Page imageFilename="letter_0238_002.jpg"
            imageWidth="5249"
            imageHeight="6685">
         <TextRegion orientation="0.0" id="tr_2" custom="readingOrder {index:0;}">
            <Coords points="769,765 769,5870 4798,5870 4685,3131 4660,1138 4798,765"/>
            <TextLine id="tr_2_tl_1" custom="readingOrder {index:0;}">
               <Coords points="832,955 1295,1069 1719,891 2586,872 2916,1019 3177,872 4309,1015 4787,896 4787,758 4236,699 837,808"/>
               <Baseline points="859,943 1066,923 1273,913 1480,901 1688,889 1895,883 2102,877 2310,864 2517,859 2724,864 2932,860 3139,859 3346,859 3554,870 3761,855 3968,869 4176,859 4383,867 4590,867 4798,895"/>
               <TextEquiv>
                  <Unicode>schaftlichsten seiner Gefühle so gänzlich</Unicode>
               </TextEquiv>
            </TextLine>
            <TextLine id="tr_2_tl_2" custom="readingOrder {index:1;}">
               <Coords points="891,1221 1901,1128 2832,1182 3127,1098 3773,1157 3777,1015 3551,955 2566,1039 2379,916 1985,896 1315,1084 896,1079"/>
               <Baseline points="925,1169 1067,1165 1210,1163 1352,1163 1495,1154 1638,1145 1780,1132 1923,1126 2066,1122 2208,1119 2351,1104 2494,1100 2636,1092 2779,1092 2922,1095 3064,1098 3207,1092 3350,1092 3492,1092 3635,1088 3778,1098"/>
               <TextEquiv>
                  <Unicode>unmotivierte Umwege macht –</Unicode>
               </TextEquiv>
            </TextLine>
            <TextLine id="tr_2_tl_3" custom="readingOrder {index:2;}">
               <Coords points="803,1448 4250,1354 4250,1271 3837,1157 2118,1276 1596,1172 1369,1320 808,1285"/>
               <Baseline points="829,1390 1000,1378 1172,1378 1343,1376 1515,1372 1687,1368 1858,1342 2030,1342 2201,1342 2373,1332 2545,1320 2716,1319 2888,1319 3059,1322 3231,1319 3403,1325 3574,1323 3746,1313 3917,1320 4089,1331 4261,1348"/>
               <TextEquiv>
                  <Unicode>\p\dass ich, gerade heraus, auf keinen</Unicode>
               </TextEquiv>
            </TextLine>
            <TextLine id="tr_2_tl_4" custom="readingOrder {index:3;}">
               <Coords points="808,1640 3039,1517 3797,1542 3965,1665 4437,1482 3418,1458 3221,1349 2655,1458 1842,1384 1625,1517 813,1433"/>
               <Baseline points="835,1611 1015,1585 1196,1581 1376,1581 1557,1571 1737,1559 1918,1539 2098,1529 2279,1517 2459,1516 2640,1517 2821,1510 3001,1516 3182,1522 3362,1522 3543,1527 3723,1516 3904,1532 4084,1539 4265,1545 4446,1569"/>
               <TextEquiv>
                  <Unicode>fremden Menschen so recht eingehen</Unicode>
               </TextEquiv>
            </TextLine>
            <TextLine id="tr_2_tl_5"
                      custom="readingOrder {index:4;} textStyle {offset:24;length:4;strikethrough:true;}">
               <Coords points="862,1812 4487,1788 4487,1674 3551,1699 3221,1542 2881,1670 2064,1576 1384,1709 862,1665"/>
               <Baseline points="889,1790 1069,1774 1250,1778 1430,1778 1611,1765 1791,1754 1972,1743 2152,1742 2333,1737 2513,1730 2694,1730 2875,1741 3055,1742 3236,1741 3416,1747 3597,1753 3777,1748 3958,1760 4138,1760 4319,1760 4500,1766"/>
               <TextEquiv>
                  <Unicode>kann u. ihn immer schon Dein um</Unicode>
               </TextEquiv>
            </TextLine>
            <TextLine id="tr_2_tl_6" custom="readingOrder {index:5;}">
               <Coords points="837,2113 2546,1936 3497,1960 3610,2054 4339,1940 4339,1773 3329,1891 2960,1758 2664,1886 2487,1783 1936,1891 1689,1768 842,1881"/>
               <Baseline points="865,2017 1039,1999 1213,1987 1387,1987 1562,1976 1736,1970 1910,1969 2085,1959 2259,1943 2433,1936 2608,1933 2782,1930 2956,1927 3130,1927 3305,1927 3479,1935 3653,1933 3828,1934 4002,1933 4176,1933 4351,1939"/>
               <TextEquiv>
                  <Unicode>Deinet Willen [sic] irgendwie hasse u. zur Rede</Unicode>
               </TextEquiv>
            </TextLine>
            <TextLine id="tr_2_tl_7" custom="readingOrder {index:6;}">
               <Coords points="921,2172 1458,2266 1714,2123 2408,2113 2664,2241 3246,2093 3782,2113 4117,2261 4536,2162 4541,1990 3610,2054 3393,1955 2980,2068 2172,1945 1497,2103 1290,2000 926,2054"/>
               <Baseline points="949,2166 1138,2155 1327,2160 1517,2151 1706,2122 1896,2118 2085,2118 2274,2112 2464,2108 2653,2112 2843,2106 3032,2105 3222,2095 3411,2097 3600,2103 3790,2106 3979,2110 4169,2112 4358,2118 4548,2130"/>
               <TextEquiv>
                  <Unicode>stelle, ihn also wegen meiner unzweifel¬</Unicode>
               </TextEquiv>
            </TextLine>
            <TextLine id="tr_2_tl_8" custom="readingOrder {index:7;}">
               <Coords points="818,2403 3448,2290 4511,2418 4511,2270 4231,2167 3718,2256 3093,2128 2660,2246 2384,2113 1724,2118 1463,2305 1261,2177 818,2167"/>
               <Baseline points="847,2351 1030,2345 1214,2351 1398,2340 1582,2330 1766,2297 1950,2297 2133,2299 2317,2301 2501,2295 2685,2286 2869,2286 3053,2289 3237,2286 3420,2284 3604,2296 3788,2292 3972,2302 4156,2304 4340,2320 4524,2333"/>
               <TextEquiv>
                  <Unicode>haften Sehnsucht nach Dir mit Unge¬</Unicode>
               </TextEquiv>
            </TextLine>
            <TextLine id="tr_2_tl_9" custom="readingOrder {index:8;}">
               <Coords points="818,2556 1384,2660 1551,2531 2797,2477 3019,2625 3891,2482 4304,2625 4418,2600 4423,2423 4157,2334 3782,2418 3482,2285 3113,2423 1837,2305 822,2472"/>
               <Baseline points="847,2548 1026,2542 1205,2542 1385,2536 1564,2524 1743,2518 1923,2512 2102,2500 2281,2494 2461,2483 2640,2471 2819,2465 2999,2471 3178,2483 3357,2471 3537,2471 3716,2477 3895,2477 4075,2477 4254,2483 4434,2500"/>
               <TextEquiv>
                  <Unicode>rechtigkeit u. Abweisung quäle u. ihm</Unicode>
               </TextEquiv>
            </TextLine>
            <TextLine id="tr_2_tl_10" custom="readingOrder {index:9;}">
               <Coords points="862,2743 2142,2719 2443,2827 2595,2704 3221,2733 3349,2694 3354,2615 3177,2541 2921,2625 2669,2517 2231,2591 1630,2536 1384,2660 1226,2586 862,2669"/>
               <Baseline points="889,2739 1012,2733 1136,2733 1259,2733 1383,2727 1506,2725 1630,2725 1753,2727 1877,2718 2000,2715 2124,2709 2248,2709 2371,2703 2495,2701 2618,2697 2742,2691 2865,2691 2989,2691 3112,2685 3236,2685 3360,2691"/>
               <TextEquiv>
                  <Unicode>ungerechte Vorwürfe mache –\:p\</Unicode>
               </TextEquiv>
            </TextLine>
            <TextLine id="tr_2_tl_11" custom="readingOrder {index:10;}">
               <Coords points="773,2975 1231,2930 1537,3068 1857,2935 4329,2945 4477,2925 4482,2689 3773,2679 3531,2822 3211,2699 2758,2847 2605,2704 1226,2876 778,2797"/>
               <Baseline points="799,2954 983,2937 1167,2925 1352,2930 1536,2942 1721,2942 1905,2935 2090,2930 2274,2924 2459,2918 2643,2912 2827,2909 3012,2894 3196,2894 3381,2890 3565,2880 3750,2876 3934,2881 4119,2888 4303,2894 4488,2918"/>
               <TextEquiv>
                  <Unicode>\p\Wohingegen ich doch gerade diese Leute</Unicode>
               </TextEquiv>
            </TextLine>
            <TextLine id="tr_2_tl_12" custom="readingOrder {index:11;}">
               <Coords points="744,3196 1285,3122 1556,3280 1807,3122 2403,3201 3344,3088 3876,3216 4078,3098 4546,3142 4546,2975 4029,2901 3763,3034 3433,2906 2945,3058 2610,2921 744,3083"/>
               <Baseline points="769,3145 958,3128 1148,3110 1337,3109 1527,3116 1716,3120 1906,3117 2095,3115 2285,3103 2474,3103 2664,3103 2854,3103 3043,3102 3233,3090 3422,3083 3612,3077 3801,3085 3991,3085 4180,3091 4370,3091 4560,3115"/>
               <TextEquiv>
                  <Unicode>notwendig in Anspruch nehme für alle</Unicode>
               </TextEquiv>
            </TextLine>
            <TextLine id="tr_2_tl_13"
                      custom="readingOrder {index:12;} textStyle {offset:0;length:5;strikethrough:true;}">
               <Coords points="798,3482 2256,3285 2566,3443 2797,3319 3024,3428 3881,3448 4447,3374 4447,3172 3807,3162 3600,3275 3211,3122 2482,3226 1867,3127 1546,3270 798,3191"/>
               <Baseline points="823,3336 1004,3312 1186,3300 1368,3305 1550,3301 1731,3305 1913,3288 2095,3287 2277,3281 2458,3285 2640,3312 2822,3310 3004,3298 3185,3290 3367,3294 3549,3308 3731,3330 3912,3327 4094,3309 4276,3315 4458,3336"/>
               <TextEquiv>
                  <Unicode>jenen in Unordnung geratenen Gefühle</Unicode>
               </TextEquiv>
            </TextLine>
            <TextLine id="tr_2_tl_14" custom="readingOrder {index:13;}">
               <Coords points="852,3556 3472,3536 4265,3738 4718,3654 4654,3403 4162,3521 2797,3319 2453,3452 2162,3300 1985,3452 1473,3349 852,3433"/>
               <Baseline points="877,3527 1069,3508 1262,3507 1454,3488 1647,3491 1839,3495 2032,3497 2224,3497 2417,3503 2609,3505 2802,3512 2994,3511 3187,3498 3379,3497 3572,3503 3764,3513 3957,3540 4149,3570 4342,3573 4534,3592 4727,3617"/>
               <TextEquiv>
                  <Unicode>die ich aus tausend Hem[m]ungen gerade</Unicode>
               </TextEquiv>
            </TextLine>
            <TextLine id="tr_2_tl_15" custom="readingOrder {index:14;}">
               <Coords points="837,3832 1620,3891 1911,3768 2197,3876 2428,3748 3270,3891 4058,3773 4058,3615 3930,3590 3324,3669 2640,3536 1655,3649 1418,3502 837,3576"/>
               <Baseline points="865,3754 1033,3729 1201,3724 1370,3719 1538,3718 1706,3708 1875,3700 2043,3700 2211,3700 2380,3701 2548,3706 2717,3700 2885,3705 3053,3702 3222,3706 3390,3706 3558,3712 3727,3718 3895,3725 4064,3742"/>
               <TextEquiv>
                  <Unicode>Dir E.- niemals zumuten würde –\:p\ [vertical space]</Unicode>
               </TextEquiv>
            </TextLine>
            <TextLine id="tr_2_tl_16" custom="readingOrder {index:15;}">
               <Coords points="808,4127 2054,4240 2458,4078 4359,4098 4329,3891 4063,4024 3295,3915 2359,3974 1975,3861 1610,4043 990,3925 808,3999"/>
               <Baseline points="835,4118 1011,4106 1188,4103 1365,4097 1541,4096 1718,4101 1895,4094 2071,4098 2248,4094 2425,4076 2602,4076 2778,4073 2955,4065 3132,4064 3308,4064 3485,4070 3662,4082 3838,4076 4015,4088 4192,4094 4369,4100"/>
               <TextEquiv>
                  <Unicode>\p\Und es gelingt mir obendrein nicht,</Unicode>
               </TextEquiv>
            </TextLine>
            <TextLine id="tr_2_tl_17"
                      custom="readingOrder {index:16;} textStyle {offset:13;length:10;underlined:true;}">
               <Coords points="867,4373 2167,4304 2334,4452 2664,4349 2832,4457 3487,4314 3649,4413 4063,4295 4063,4127 3866,4211 3610,4098 2448,4132 2049,4245 1763,4176 1625,4255 1325,4122 867,4206"/>
               <Baseline points="895,4309 1053,4309 1212,4315 1371,4304 1530,4299 1688,4297 1847,4297 2006,4297 2165,4297 2323,4291 2482,4289 2641,4285 2800,4279 2958,4282 3117,4285 3276,4290 3435,4274 3593,4273 3752,4276 3911,4282 4070,4285"/>
               <TextEquiv>
                  <Unicode>vor Dir eine abgeklärte Figur</Unicode>
               </TextEquiv>
            </TextLine>
            <TextLine id="tr_2_tl_18" custom="readingOrder {index:17;}">
               <Coords points="857,4634 931,4654 1010,4595 1177,4595 1310,4526 1384,4565 1507,4536 1665,4625 1886,4511 2167,4546 2137,4304 2000,4329 1872,4423 1625,4354 1345,4432 857,4393"/>
               <Baseline points="883,4518 947,4509 1012,4500 1077,4504 1142,4503 1206,4500 1271,4500 1336,4500 1401,4500 1465,4500 1530,4500 1595,4503 1660,4506 1724,4506 1789,4506 1854,4508 1919,4511 1983,4502 2048,4497 2113,4494 2178,4494"/>
               <TextEquiv>
                  <Unicode>zu machen!! –)\:p\ [vertical space]</Unicode>
               </TextEquiv>
            </TextLine>
            <TextLine id="tr_2_tl_19" custom="readingOrder {index:18;}">
               <Coords points="837,5009 1069,4905 2261,4851 3024,4900 3305,5063 3413,4969 4137,4920 4137,4748 2246,4698 2049,4792 1162,4753 837,4841"/>
               <Baseline points="865,4918 1029,4900 1193,4894 1357,4894 1521,4894 1685,4894 1849,4888 2014,4876 2178,4870 2342,4865 2506,4864 2670,4870 2834,4876 2998,4881 3163,4876 3327,4876 3491,4876 3655,4861 3819,4860 3983,4871 4148,4888"/>
               <TextEquiv>
                  <Unicode>Adieu E. – ist dieser Brief besser</Unicode>
               </TextEquiv>
            </TextLine>
            <TextLine id="tr_2_tl_20" custom="readingOrder {index:19;}">
               <Coords points="941,5260 1202,5117 4053,5137 4053,4984 3413,4969 3295,5063 2861,4886 2093,4900 1561,5073 1295,4940 941,4959"/>
               <Baseline points="966,5127 1120,5111 1275,5103 1430,5108 1585,5103 1740,5093 1895,5089 2050,5084 2205,5079 2360,5079 2515,5083 2669,5073 2824,5077 2979,5079 3134,5086 3289,5097 3444,5097 3599,5097 3754,5097 3909,5107 4064,5127"/>
               <TextEquiv>
                  <Unicode>geraten als ein Telefongespräch?</Unicode>
               </TextEquiv>
            </TextLine>
            <TextLine id="tr_2_tl_21" custom="readingOrder {index:20;}">
               <Coords points="980,5378 3546,5294 3822,5452 3999,5334 4428,5388 4428,5152 3925,5142 3777,5260 3300,5127 2635,5235 2453,5112 2290,5235 1862,5107 980,5225"/>
               <Baseline points="1008,5324 1179,5307 1351,5306 1522,5296 1694,5290 1866,5285 2037,5276 2209,5278 2380,5284 2552,5283 2724,5287 2895,5276 3067,5276 3238,5282 3410,5282 3582,5292 3753,5304 3925,5306 4096,5315 4268,5320 4440,5336"/>
               <TextEquiv>
                  <Unicode>Sollte ich mir das einbilden? Zurück</Unicode>
               </TextEquiv>
            </TextLine>
            <TextLine id="l_2" custom="readingOrder {index:21;}">
               <Coords points="975,5634 985,5378 1197,5324 1349,5314 1881,5280 3546,5294 4078,5437 4078,5531 3842,5570"/>
               <Baseline points="1008,5515 1070,5506 1132,5500 1195,5498 1257,5502 1320,5503 1382,5502 1444,5497 1507,5493 1569,5485 1632,5473 1694,5469 1756,5465 1819,5461 1881,5461 1944,5464 2006,5470 2068,5478 2131,5468 2193,5465 2256,5473 2351,5479 2437,5462 2524,5455 2611,5455 2698,5455 2785,5455 2872,5450 2958,5449 3045,5454 3132,5455 3219,5455 3306,5455 3393,5459 3480,5461 3566,5468 3653,5473 3740,5479 3827,5488 3914,5496 4001,5508 4088,5527"/>
               <TextEquiv>
                  <Unicode>zur Musik. — Sei umarmt von</Unicode>
               </TextEquiv>
            </TextLine>
            <TextLine id="tr_2_tl_24" custom="readingOrder {index:22;}">
               <Coords points="2359,5861 2458,5812 2600,5851 2709,5816 2837,5880 3004,5816 3206,5890 3413,5915 3526,5856 3694,5910 3782,5856 3768,5580 3649,5560 3393,5629 3132,5531 2856,5605 2566,5595 2413,5536 2339,5575"/>
               <Baseline points="2375,5759 2445,5745 2516,5741 2587,5743 2658,5747 2728,5747 2799,5751 2870,5759 2941,5767 3011,5772 3082,5782 3153,5787 3224,5792 3294,5797 3365,5801 3436,5806 3507,5807 3577,5812 3648,5819 3719,5819 3790,5825"/>
               <TextEquiv>
                  <Unicode>Deinem Kind A. –</Unicode>
               </TextEquiv>
            </TextLine>
         </TextRegion>
         <TextRegion id="r" custom="readingOrder {index:1;}">
            <Coords points="4715,3098 4705,1342 4749,1105 4815,414 5111,414 5111,3401 4815,3401"/>
            <TextLine id="l_1" custom="readingOrder {index:0;}">
               <Coords points="5021,3049 5041,450 5011,450 4991,3049"/>
               <Baseline points="5021,3049 5041,450"/>
               <TextEquiv>
                  <Unicode>Wie lange ist Klaus</Unicode>
               </TextEquiv>
            </TextLine>
            <TextLine id="l" custom="readingOrder {index:1;}">
               <Coords points="4888,3109 4833,1156 4803,1157 4858,3110"/>
               <Baseline points="4888,3109 4833,1156"/>
               <TextEquiv>
                  <Unicode>in Berlin? Seine Adresse?</Unicode>
               </TextEquiv>
            </TextLine>
            <TextEquiv>
               <Unicode/>
            </TextEquiv>
         </TextRegion>
      </Page>
   </PcGts>
</validation-wrapper>
