3485 4384
2350 237 3267 519 Gasthof Bucherer
2106 483 3286 693 [Bleistift, ggfls. Handschrift d. Mutter] Juli 1931] Walchensee
690 920 3059 1163 \p\Mein liebstes Mameli ! Deine beiden
700 1052 3112 1361 Briefe Waren eine ungeahnte Freude
687 1285 3069 1518 für mich, weil es dir besser geht
693 1489 3303 1646 u. weil Du so liebe schreibst. Du kan[n]st
664 1627 3290 1837 mir glauben dass ich alles tun werde
680 1794 3175 2051 um mein Leben, meinen Beruf, meine
661 1955 3207 2258 Bekan[n]ten mit Euch in Einklang zu
723 2123 3217 2392 bringen – wie ich es schon an Papa
670 2310 1738 2524 geschrieben habe –\:p\
700 2498 3069 2695 Mein Roman wird sicher recht, ich
720 2672 3237 2895 mache mich mit neuem Mut daran.
690 2836 3201 3073 Wir haben uns vor der Hitze u. auch
697 3027 2905 3309 vor der gespan[n]ten Atmosphäre in
684 3178 3125 3480 Münchens Nähe hier her geflüchtet,
707 3391 3253 3671 Erika ist für kurze Zeit hier bevor
802 3605 3345 3927 sie mit zu ihren Eltern auf eine Ostseeinsel
697 3822 3303 4114 fährt. Im August muss sie in München
670 3983 3319 4312 spielen. Sie hilft mir sehr, ich las ihr
677 370 3065 628 heute einige Kapitel vor, sie findet es
736 586 3095 831 reifer, "erwachsener" als "Bernhard",
726 765 3265 1044 doch sagt sie dass ich daran noch sehr
729 906 3134 1161 viel arbeiten müsse. Das Buch Das
707 1070 3127 1341 Buch wird sicher lange nicht fertig
707 1207 1158 1439 werden.
674 1443 3239 1685 \p\Als ich vorgestern Eva Herrman[n] zu Sibille
658 1596 3245 1861 Binder u. wieder zurück brachte, traf ich
654 1737 3245 2025 in Salzburg Frau Repper von Bismarck [eigtl. Elsa 'Jack' von Reppert-Bismarck], die
690 1927 3196 2156 junge, sehr begabte Malerin. Sie ist recht
631 2113 3265 2329 kränklich, aber sehr lieb u. möchte gern
661 2244 3219 2512 Sachen von mir illustrieren [Sie hat die Einbandillustration von lyrische Novelle gemacht]. Herr Kommer
654 2476 3114 2679 an Agent aus New York, ist auch sehr
641 2633 3173 2826 dafür u. würde wahrscheinlich ein
651 2797 3203 3039 Buch von uns herausbringen. Dies ist
631 2944 3046 3183 aber erst ein Plan. Derselben Kommer
618 3127 3147 3432 brachte uns + bei nach Leopoldskron,
661 3327 3225 3621 das war ganz herrliche. Warst Du nicht
622 3468 3173 3785 auch mit Em[m]y dort? Ganz Salzburg war
608 3667 2224 3880 überhaupt entzückend!\:p\
576 3801 3147 4253 Aber jetzt wird wieder ruhig gearbeitet,
360 267 606 391 2
897 469 3132 664 von Erika geht eine so sichere Ruhe
888 648 3229 837 aus, es ist sehr gut, in ihrer Nähe
906 784 1372 960 zu sein.
850 922 3176 1190 \p\Die Stimmung ist gedrückt, Bruno Frank
821 1073 3188 1341 erklärte mir in München die Situation,
831 1294 3170 1467 das ist alles sehr schwer – u. es scheint
790 1369 3299 1652 doch, dass die Nazi grosse Schuld tragen.
743 1567 3022 1832 Hier oben wird viel diskutiert, in
815 1741 3317 2021 unserer Nähe wohnt ein reizender junger
837 1873 3314 2147 Engländer der sehr klug ist, so haben
755 2071 2801 2307 wir eine kleine, angeregte Runde.\:p\
708 2250 3204 2556 Sobald Du willst dass ich Mutting [? ev. ein Pferd?] begleite
768 2373 3138 2660 oder doch in München verfrachte, so
737 2575 3223 2842 telegraphiere mir. Telefon: Walchensee 7 –
755 2719 3166 2962 Und zum 12. Aug. kann ich selbstver¬
711 2874 3198 3141 ständlich heim. Ganz vielleicht würde
752 3091 3192 3311 ich noch einmal 8 Tage, Ende August,
743 3242 3210 3475 fortmüssen: falls nämlich die Gelegenheit
737 3402 3195 3683 sich ergibt, erstens das Buch mit Frau
762 3538 3292 3821 von Bismarck zu machen, bevor sie nach
762 3695 3210 3969 New York muss — zweitens dass ich über
774 3865 3229 4186 Salzburg für eine größere Zeitg. schreiben
674 446 2977 684 könnte. Du verstehst dass dies eine
730 616 3075 870 einzigartige Sache für mich wäre.
739 779 3026 1010 Doch würde ich dann gleich wieder
743 948 2990 1182 heim kom[m]en, u. wenn möglich das
759 1143 3345 1453 Schweizerbuch machen bis Ende September.
762 1358 2854 1612 Dies die Aussichten, zu Euer
769 1560 1502 1827 Orientierung. [vertical space]
638 1925 3254 2254 \p\Gestern schickte mir Ricki Hallgarten Fredis
746 2075 3150 2391 Bild aus der Schweiz. Ill. – Dass Hasi
730 2319 3140 2629 nicht nach Aachen gehen soll, begreife
717 2495 1261 2658 ich sehr.\:p\
652 2648 2713 2919 Und jetzt viele liebe, sehr liebe
697 2785 2713 3114 Grüsse am Em[m]y, Dich, Paps,
697 2974 2622 3280 die liebe Meme u. Hasiman[n]
1261 3251 2619 3518 von Deinem treuen
2775 3342 2893 3564 Zwerg
578 346 1115 539 Schweiz
566 755 2220 979 Frau Renée Schwarzenbach
996 998 2271 1208 Bocken bei Horgen
1685 1224 2327 1376 (K. Zürich)
430 1080 1453 1335 Alp Blümlisberg
1403 1393 1537 1523 ob
1562 1358 2016 1648 Schwyz
1104 201 1429 495 Walchensee
1238 440 1317 484 31
1227 491 1371 552 9-10
130 701 457 842 Horgen
270 965 360 1004 VIII
154 811 428 928 18. VII. 31 · 13
171 905 495 1136 (Zürich)
245 1463 1278 1611 Restaurant u. Pension Bucherer
477 1574 1035 1706 Dorf Walchensee
257 1671 1274 1778 Fremdenzimmer, Seeterrasse, Eigener Badestrand
253 1772 1272 1895 Haltestelle der Motorpost / / Fernruf Nr. 7
