3512 4502
109 540 2930 806 j'ai vu Jutti et Gundi Dimanche,  com le jours
242 372 2864 652 que je vous ai écrit de Meilen. Franz est
221 238 1998 498 déjà en service militaire, je
428 147 2997 354 lui ai envoyé les photos –
1950 794 2462 828 Mardi matin
712 712 1728 985 Chère Jaqueline.
705 946 3070 1195 je vous réponds encore vite votre
743 1153 2920 1381 lettre que j'ai eu ce matin –
764 1342 3014 1584 je suis si contente que vous avez
740 1504 3025 1795 Suzanne. que vous avez vu
747 1710 3105 2015 Suzanne, et encore que vous avez
747 1875 3123 2145 déjuné chez Knum? où j'étais
705 2078 3218 2352 Si souvent l'hiver passé. Vraiment
792 2285 2906 2541 je commence d'avoir le mal
750 2475 3193 2741 du pays – je voudrais retourner
697 2632 2934 2962 à Paris!  Oui, je me cogne
722 2797 2976 3144 tout le temps la tête, contre
680 3025 3176 3347 des opinions, contre des annonces
859 3253 3063 3530 que Mme Riedel chante ... contre
754 3494 3102 3764 mille et une choses, comme vous
810 3708 3214 3961 l'avez remarqué dans mes dernières
757 3926 3347 4301 deux lettres. Mais je suis quand'même
813 4083 3232 4374 contente. Je travaillerai. Donc
896 304 2028 592 je ferai des progrès.
608 553 2778 844 [space]Imaginez-vous: Demain, j'ai un
689 757 2985 1015 rendez-vous avec le rédacteur
705 947 2875 1200 littéraire de la "Neue Zürcher
653 1129 2991 1407 Zeitung" –  je lui ai envoyé un
689 1352 2755 1562 article sur Sisenstein, (le
673 1504 2762 1801 régisseur russe,) et le filme
650 1707 3130 1982 soviétique et il m'a ten invité
792 1889 3243 2144 de venir le voir et de travailler
757 2108 2684 2399 parfois pour le Journal!
692 2370 2160 2574 j'étais si contente –
634 2710 3201 3053 [space]Avec Tania j'espère que tout s'arrange
779 2959 3137 3208 pour le mieux. Un peu d'effort
721 3111 3150 3389 de sa part, et tout est en ordre.
1740 3370 3101 3635 [space]Jacqueline, j'aime les
666 3564 3098 3777 perspectives que vous m'ouvrez dans
686 3735 3240 3955 votre lettre. J'en suis rechauffée, c'est
656 3906 3163 4113 vrai – ! Pardon que je ne vous envoie
660 4058 3256 4275 pas encore les négations, ce sera pour la
1769 4175 3030 4349 prochaine fois. – Beaucoup de bonnes pensées –
2765 4262 3289 4378 An[emarie
