2851 3591
340 318 971 434 ANNEMARIE SCHWARZENBACH
568 395 766 523 DR. PHIL.
1835 347 2252 494 16 Décembre
624 802 1775 983 Mon Claude, mon aimé cheri –
624 925 2532 1190 en rentrant ce soir (j’ai passé en venant de
624 1014 2312 1241 la Perse 10 jours à Berlin et 2 avec Erika)
621 1108 2392 1356 j’ai trouvé tes lettres. Mon pauvre amour
607 1260 2486 1503 mon petit garçon, tu ne sais pas à quel point
629 1385 2423 1645 je suis abattue et triste et près de toi avec
641 1539 2440 1751 toute ma tendresse et ma force d'affection
626 1643 2536 1949 de pensée, de désir de savoir te soulager.
617 1782 2428 2014 Il ne faut pas que cette lettre soit longue.
638 1893 2563 2178 Claude, je sais tout. Et je sais, en ce moment,
665 2004 2375 2233 que je suis à toi. Il ne faut pas cette
686 2127 2520 2414 petite phrase dans ta derniers lettres – que,
696 2283 2508 2510 pour toi, ce ne sera plus la même chose – – –
686 2380 2548 2633 Non, non, nous, Claude : tu te trompes. Que
715 2481 2483 2772 sais-tu donc de mon mariage, des raisons,
689 2640 2486 2890 des sentiments? Je t'expliquerai un jour.
691 2717 2582 3028 Aujourd’ hui, mon garçon, il faut seulement
747 2845 1814 3095 que tu te reposes en moi,
730 2989 2079 3237 parce que je sais tu en as besoin.
350 310 980 476 ANNEMARIE SCHWARZENBACH
573 412 782 511 DR. PHIL.
1169 279 1397 315 – 2 –
600 635 2531 806 Et voilà que je te parles de moi. Ce n'est donc pas
623 739 2605 930 de l’égoïsme, c’est la seule chose à t'en parler,
640 859 2546 1045 comme tu as perdu ta mère aimée et je n’ose
628 955 2449 1166 pas y toucher –, et tu crois perdre moi et
667 1094 2633 1290 je ne veux pas te perdre. Chéri, nous avons devant
630 1181 2613 1412 nous un avenir, pénible évidemment, mais qui
613 1290 1335 1461 vaudra la peine.
598 1397 2250 1581 Alors – Il faut que tu viennes à Sils,
635 1546 2186 1687 aussi vite que possible, en Janvier.
610 1640 2362 1831 Hörst Du: ich bestehe darauf, ich bitte Dich
613 1742 2516 1930 darum. On sera seuls (quelques amies à moi
600 1861 2578 2047 à Sils ou St. Moritz, mais pas dans la maison)
598 2007 2052 2179 – Comme Erika ne vient pas, ni Klaus.
625 2149 2479 2350 Tu comprends: Sie komt nicht. Ich habe das
645 2253 2439 2464 Haus für sie gemacht. Sie komt nicht, u. ich
660 2387 2447 2580 werde sie nicht sehen. Voilà ce qui est arrivé:
628 2456 2628 2727 Il y a eu des scandals nationalistes, provoqués
667 2608 2447 2806 par des amis, des cousins, des cliques de
658 2712 2528 2945 Zürich – provoqué par la haine de ma famille
710 2819 2605 3077 contre Erika, cela a pris des formes affreuses,
690 2968 2342 3164 très désagréables pour ma famille sans
672 3094 2514 3278 doute, mais ruineuses pour l'existence de
705 3176 1987 3370 Erika et ses jeunes artistes.
617 494 2228 751 – Quant à moi – j'étais en Perse. Auf der
610 617 2310 855 Flucht. Je voulais éviter, et je n’ai rien
615 775 932 913 évité –
615 893 2198 1099 Erika m'a donc posé la question. Et
642 976 2244 1218 toutes mes faiblesses, toutes peur, toute
634 1099 2288 1361 hésitation, se vengent en ce moment,
637 1247 1971 1479 aussi cruellement que possible.
593 1620 2332 1930 Je tâcherai quand'même de vivre. Peut-être
613 1748 2315 2048 de marier Claude, m'aidera. Mais, en ce
637 1893 2291 2145 moment je te répète ce que tu viens de
630 2024 2090 2337 m’écrire: ne m’abandonne pas
600 2155 2557 2583 Télégraphie-moi ton arrivée, à Sils-Baselgia,
593 2341 2467 2654 Engadine. J’i serai à partir du 4 Janvier.
615 2453 2274 2751 Je viendrai te prendre à la gare de
646 2554 2431 2920 St. Moritz. Il faut que tu ais confiance
719 2707 2472 3036 en moi, même si maintenant tu pense
685 2852 2390 3116 que ce soit une faute de venir à Sils.
632 2983 2429 3261 Tu verras que j'ai raison. Fais Viens pour
639 3104 1724 3310 moi, pour toi. Je t’attends
1942 3298 2312 3409 Anemarie
