2343 3569
332 227 823 447 Hotel "Central"
163 334 250 434 N.V.
278 438 866 550 Kruiskade 32 – Rotterdam
280 522 862 592 120 Kamers – Stroomend water
289 582 875 674 Centrale verwarming – Badkamers
389 625 772 704 Garage 200 Auto's
282 689 862 808 Telefoon 26350 (3 lijnen)
404 766 738 849 H. PHILIPSEN
1074 409 2111 567 Rotterdam, ……… 193
1379 586 2077 761 28. März [1935]
518 870 2239 1050 Liebes Mameli, ich habe von Claude Bourdet
509 988 2139 1166 den Brief der Suisse-Italie erhalten, u.
498 1097 2143 1236 bin etwas fassungslos, weil man mich
496 1172 2207 1343 darin auffordert, nur eine Doppelkabine
498 1288 2160 1431 reservieren zu lassen – soll das heissen,
498 1365 2218 1563 dass Du Dich anders entschlossen hast?
494 1495 2152 1658 Und warum den[n] nur? Ich habe für
477 1551 2156 1756 die "Gerusalem[m]e" am 18. telegraphiert –
496 1677 2175 1867 es macht 5 Tage Unterschied, so dass
466 1762 2162 1972 Claude etwas später von Teheran weg¬
479 1874 2177 2053 muss (es kollidiert nämlich mit der
483 1972 2134 2152 Ankunft seines Ministers) – auch wäre
481 2070 2190 2244 ich für das erste Schiff am 10. kaum
473 2184 2092 2336 fertig geworden. Wie Du siehst, sitze
490 2316 2158 2457 ich noch in Holland, – da tatsächlich
471 2406 1985 2566 in Paris der morgige Feiertag sowie
503 2479 2122 2669 Samstag-Son[n]tag dazwischen kom[m]en,
505 2605 2060 2797 hätte es keinen Sin[n] gehabt, heute
488 2720 2068 2924 hinnzufahren. In Paris gehen ich dan[n]
473 2821 2171 3026 Montag früh sofort zur Anprobe, u. wen[n]
477 2979 2038 3140 alles Klappt, kann ich Montag abend
494 3056 2032 3251 abfahren. Andererseits möchte ich
498 3189 2139 3351 aber auch im Institut Pasteur noch
498 3304 2075 3478 mich gegen Cholera impfen lassen.
411 211 1925 392 Und wen[n] ich erst am 18. abfahre,
413 304 2022 487 ist es ja gleich, ob ich am 2. April
399 442 2115 596 oder erst am 3. oder 4. ankom[m]e. (Das,
411 553 2051 698 der 4., Don[n]erstag, wäre allerdings das
401 617 2181 843 späteste). Bitte erwarte mich auf jeden
415 764 2162 933 Fall erst auf ein Telegram von mir.
399 897 2184 1059 Du wirst nun vielleicht finden, mir liege
413 959 2115 1149 nichts daran, so lange als möglich in
404 1056 2153 1263 Bocken zu sein — aber Mama, ich sage
394 1173 2160 1382 Dir ehrlich dass ich etwas Angst davor
399 1310 2068 1500 habe – u. zwar erneut auf den
373 1393 2162 1576 Brief vom Reisebureau hin. Findst Du
411 1514 2219 1700 es denn so falsch, dass Margot mit kom[m]t?
370 1626 1973 1766 Mama, das ist doch gegen Dein
392 1719 2215 1930 besseres Wissen! Du ken[n]st mich zu gut,
389 1852 2170 2034 um nicht zu wissen, dass trotz aller
347 1984 2151 2117 Freude, Clande zu haben, die Heirat
354 2079 2098 2246 u. vor allem das einsame Leben in
339 2189 2082 2324 Teheran, verbunden mit dem Gesell¬
351 2286 2215 2488 schaftlichen Zwang, für mich ein schwerer
323 2419 2224 2583 Entschluss ist – u. dass die Sicherheit, einen
316 2538 2219 2701 Menschen aus meinem gewohnten Freundes¬
328 2644 2072 2844 kreis, u. dazu von Margots Art, neben
339 2784 2132 2960 mir zu haben mich beruhigt. – Aber
330 2901 2025 3079 als ich jetzt von Sils kam, war ja
347 3010 1987 3186 alles seit Samaden nicht besser
351 3121 2013 3347 geworden, sondern schlim[m]er: oder
900 124 1105 160 –2–
1031 607 2142 771 glaubst Du, dass ich den
1027 735 2149 915 stillschweigenden Boykott
417 855 2074 997 gegen mich nicht fühle? Ach Mama –
399 949 2158 1122 als ob es nicht möglich wäre, sich
397 1040 2199 1220 gegenseitig sein Leben anzuerken[n]en u.
390 1184 2220 1357 sich doch mit ein wenig Entgegenkom[m]en
374 1250 1941 1419 zu verstehen – so war es doch in
370 1366 2094 1565 Samaden ausgemacht? Statt dessen
372 1510 1987 1690 verschliesst der Dich mehr als je u.
349 1636 1992 1795 machst uns beide dadurch nicht
360 1754 865 1909 glücklicher –
342 1891 1987 2071 Vielleicht hätte ich Dir das nicht
340 2014 2044 2176 schreiben sollen – vielleicht, wird es
360 2147 2085 2341 in den nächsten 14 Tagen zu Hause
349 2274 2005 2420 auch besser werden, u. Du wirst
308 2414 2058 2594 sehen dass es mir nicht gleichgültig
342 2525 2044 2708 ist wie Du Dich zu mir einstellst.
338 2680 2039 2840 Bitte, telegraphiere [add from above: (Karte genügt auch)] und vielleicht zu
349 2797 2044 3009 Claude Bourdet, 47 Av. d'Jena, ob
363 2904 2067 3114 Du wirklich vor hast, nicht nach
374 3045 1953 3271 Beyrouth zu fahren, u. warum – –
439 333 1849 480 Sonst, falls Dir der 18. zu spät
476 437 1828 609 ist, kannst Du einfach noch
466 555 1749 745 umbestellen auf den 13., ich
449 711 1836 880 werde mich schon einrichten. [vertical space]
445 996 1996 1210 Also auf Dienstag, oder spätesten
470 1167 1786 1356 Don[n]erstag. Und alles Liebe
1096 1293 1316 1449 Dein
1379 1506 1653 1682 Zwer
