3575 5519
1881 359 2411 568 13 Dez 30
824 1139 2205 1413 Ma petite Jaqueline.
812 1392 2985 1631 Votre lettre me demandait une
830 1587 2976 1843 réponse, pardonnez si je vous
786 1731 3056 2049 ai fait attendre. Le jour finit
815 1902 3011 2214 tard, je tombe dans mon lit.
798 2270 3064 2561 [space] Je suis contente que vous êtes dans
807 2446 2973 2714 votre Atelier "bohème" avec de
827 2614 2190 2891 gentilles camarades.
807 2811 3067 3123 Et l'idée de votre confoederation
768 2958 3138 3297 (avec Luc) me plaît énormément.
812 3126 2950 3480 Est-ce que vous avez continué de
839 3303 2788 3612 faire des projets pour cela ?
845 3453 1704 3709 Ecrivez-moi.
807 3677 2917 3989 Je ne suis pas trop heureuse. J'ai
851 3845 2794 4098 un peu peur du travail et
807 3974 3067 4336 d'être seule ici. Mais il faudra
804 4136 3003 4477 du courage. Nous en avons tous
842 4286 2540 4636 besoin. (ça va, chez vous??)
1160 4530 2835 4834 je t'embrasse et j'espère
1178 4681 2293 4887 que tu vas bien!
2193 4978 2920 5219 Annemarie
