5240 7336
1083 444 3406 654 Bocken, der siebente [sic] ist es nun schon –
1093 1122 4895 1332 \p\Klaus, mein Ohne-Vaterland – die Eri fand es schon dass, was von
1113 1308 5002 1454 Dir kam, ein wenig bedrückt klinge: nun meine ich es auch, und bin
1108 1420 4519 1518 recht betrübt. Obschon Herr de Margerie mir schrieb, nach
1127 1488 4870 1640 Frankreich solltest Du jedenfalls reisen dürfen – meinst Du, man
1103 1596 4870 1742 soll für die Schweiz etwas Aehnliches versuchen? Dann schreibe
1108 1703 4812 1830 nur gleich, wie und was. Nein, es ist nicht schön ohne Pass – wie
1108 1810 4870 2001 konnte ich mich schon über mein Auto aufregen, welches seiner¬
1108 1908 4690 2040 seits doch auch ohne Papiere ganz gut am Hohentwiel in der
1118 2006 4875 2147 Garage steht. Und dabei kann ich ihm nun ein Schweizerpässlein
1118 2123 4895 2255 kaufen, es lohnt sich doch die Mühe – wie komme ich am Ende dazu
1118 2216 5017 2377 in den Nazi-Autoclub zu treten,bin ich etwa den Leuten so unver¬
1113 2338 1610 2474 dächtig?\:p\
1113 2381 4817 2591 \p\Was Du von Paris sagst, und von Holland, ist ja nur eine resi¬
1137 2562 4875 2699 gnierte kleine Randbemerkung. Jch denke nun manchmal, die Leute
1127 2635 4773 2786 haben es, wie sie es verdienen – selbst die Deutschen. Und dann
1127 2743 4636 2879 wäre ich gleich wieder gern in Persien. Von dort bekam ich
1127 2865 4865 3001 kürzlich einen ganz hochgestimmten Ehe-Antrag, aber was solls,
1113 2908 5036 3079 man hätte doch zuviel Heimweh – besonders wenn Du dann Brasilianer
1127 3050 5007 3240 wirst – mehr Raum und grössere Distanzen bietet uns die Erde dann
1132 3162 2362 3314 wirklich nicht mehr.\:p\
1127 3182 4909 3406 \p\Ich glaube, es war sehr lieb und vorsichitg [recte: vorsichtig] von Dir, mein Stück¬
1118 3357 4821 3479 chen über die männliche Miss Bell zurückzubehalten. Nun musst
1113 3436 4890 3572 Du es, leider, aber noch mehr und länger zurückstellen – oder ich
1127 3538 4929 3719 kann in Persien nicht mehr bei meiner Frau von Blücher wohnen,
1127 3680 4768 3826 es würde dem Minister, ihrem Mann, ganz einfach die Stellung
1118 3762 1557 3904 kosten.\:p\
1118 3797 4943 4065 \p\Ja, das sind die dummen, von Jdiotengehirnen ersonnen, neudeut¬
1118 3992 3587 4104 schen Gewissensfragen. Es ist ekelhaft ...\:p\
1103 4089 4719 4207 \p\Maria Waser schrieb im [sic] der Neuen Schweizer Rundschau einen
1127 4172 4768 4304 besonnenen, mutigen Artikel [siehe "Lebendiges Schweizertum", https://doi.org/10.5169/seals-758430]. Ach, er war eigentlich nur gerade
1127 4294 1566 4431 normal!\:p\
1137 4319 4880 4534 \p\Was mich betrifft, so bin ich auch nicht recht hochgestimmt. So
1127 4480 4729 4626 rasch bin ich zudem nicht reisefertig, weil ich vorher mein
1122 4553 4821 4758 Orient-Manuskript [Winter in Vorderasien] bereinigen und den Schweizer Verlagen vor¬
1118 4685 4934 4841 zeigen will. Sag doch der Eri, ob sie mir gleich die Adresse des
1132 4802 4870 4929 Baslers schreiben möchte, der den "Onkel Muck" erscheinen lässt.
1127 4900 4821 5031 Du kennst die Plage, Klaus, mit einem unfertigen, lückenhaften,
1137 5002 4768 5139 launenhaften Manuskript. Lieber einen neuen Roman schreiben –
1127 5114 4836 5231 natürlich möchte ich das lieber. Und darum beeile ich
1127 5197 4197 5368 mich mit dem lästigen Geschäft soviel als möglich.\:p\
1127 5295 4558 5441 Auf Dein Buch [Flucht in den Norden] bin ich nun gespannt und ungeduldig. Ob der
1137 5378 4792 5553 Aminoff noch ein Freund von Dir ist? Und verheiratet, mit wem
1137 5505 4797 5641 denn schon? Wie lang bemisst Du die Lebensdauer der "Sammlung",
1137 5602 4792 5773 wird es dem Queri Weissbart nicht zu teuer? Ja, nun meine ich
1132 5734 4895 5866 auch, die "Geschwister Oppenheim", und insbesonder was über den
1132 5802 5007 5973 Schulkonflikt darin steht, seien zu mancher Aufklärung geeignet
1142 5919 4714 6071 – Jch habe ja, sechs Monate lang, nichts gelesen, das geht mir
1127 5998 5017 6178 noch nach und kostet mich manche Nachtstunde. Jch habe nun einen
1041 904 4684 1036 jungen Gelehrten, der mir gern beweisen will dass er bereits
1031 998 4774 1136 Rezepte jeder Art ausstellen darf. Jch zögere es heraus, meiner
1036 1112 4731 1240 Charakterschwäche wegen, und weil E.- meinte, es sei klüger und
1050 1202 4845 1358 gesünder so. Immerhin träumte ich dann heute nacht recht inten¬
1031 1306 4788 1481 siv, ich hätte dann die Gelegenheit verpasst, ja, und es war mir
1022 1415 1419 1552 arg ...
1022 1438 4589 1656 \p\Schreibt bald wie es in Holland mit der Gottesmühle weiter
1060 1613 4613 1788 geht. Jch verstehe keinen holländischen Radio-Vortrag – warum
1055 1727 4036 1850 verstehen die Holländer dann die jüdische Diktion?\:p\
1036 1822 4556 1945 \p\Grüsse bitte die Theres, den Landshoff, den Magnus, die Eri –
1031 1883 4793 2086 Jch muss jetzt nach Winterthur fahren, und nachmittags treffen
1036 2034 4116 2153 die lieben Eltern und der junge Heros aus Rom ein.\:p\
1031 2124 4627 2228 \p\ – Ich telefoniere häufig mit Berlin, aber eigentlich nur mit
1022 2228 4622 2361 der Baronin Thyssen-Bornemizca, die nun auch in die Schweiz
1022 2290 4802 2474 reist. Gibt es irgend jemanden draussen dem etwas zu bestellen
1041 2427 4632 2545 ist, dann schreib es bald. Ohnehin hoffe ich, über München zu
1036 2555 3520 2678 fahren und Eure Grosseltern zu besuchen –\:p\
1448 3033 3525 3250 – ja, ich glaube an Dein gutes Herz –
3118 3336 3492 3548 Miro –
