5195 7281
2801 332 3980 568 Kreuzlingen, am 30. Juli
1405 977 4553 1189 \p\Klaus, mein sehr Lieber, auch das Aufsätzchen über den Hans hat
890 1174 4384 1295 mich sehr gefreut, wenn auch mit den gleichen nachgerade zum Wahnsinn
890 1237 4649 1420 ausartenden Betrübnissen erfüllt. Ja, es gab sogar hier – sogar in dieser Um¬
890 1391 4562 1516 gebung – einige Tage, da begann das Leben zu klingen und zu leuchten – dann
890 1477 4644 1627 seit der herben Enttäuschung – seitdem ich genau weiss dass ich nichts tun
910 1593 4504 1728 kann als warten – seitdem die zärtlich zuredenenden, von Vorwürfen freien
890 1684 4644 1848 Briefe der Eltern mich auch noch \g\verpflichten\:g\ – seitdem die Tage
905 1824 4582 1944 endlos werden, die Müdigkeit durch die Hitze gesteigert, der Saladin abge¬
905 1882 4658 2055 schlossen, die Untätigkeit chronisch und verdienstvoll wird (denn eben für
905 2012 4658 2161 die träge Ruhe wird man ja so gelobt) will mir oft scheinen ich sehe Euch
900 2151 1497 2296 nicht mehr.\:p\
910 2166 4745 2377 \p\Dabei hat aber gestern meine Mama telefoniert sie werde bestimmt noch diese
905 2353 4755 2498 – die vierte – Woche den Wagen schicken. Aber ich glaube erst, wenn der Wagen da
910 2435 4553 2580 steht, ganz wie mit einem Check von "LIFE" – und heimlich fürchte ich mich
910 2560 4572 2700 man habe mich durch die allzu grosse Beherrschung – die unsinnige – \g\nach
905 2695 4500 2820 d[e]r relativ\:g\ ja ganz harmlosen "Kur" – schon müde und flügellahm gemacht.\:p\
2170 2762 4707 2907 \p\Ach, wir werden es schon zuwege bringen, das Leben.
905 2883 4779 3056 Wir werden Pläne machen. Jch habe derer viele, und sie sind alle nützlich und
919 2979 4538 3210 vertretbar. Jhr werdet doch noch in Sils sein, Ende der Woche – ich hoffe
929 3118 1964 3272 bestimmt, dem sei so –\:p\
910 3167 4678 3374 \p\Wir haben hier unter mac[n]chen Abgebrühten und Flachköpfen (es tut mir leid
929 3321 4543 3460 dass ich auch Binswanger trotz der hübschen Anekdote für abgebrüht und
914 3402 4726 3571 recht wenig menschlich erklären muss) – eine alte dicke Aerztin, Russin, Frau
212 3302 852 3562 Antifaschistin,
453 3406 761 3582 gescheit
548 3445 892 3618 u. human
919 3537 4707 3682 Dr. [handschriftliche Ergänzung]Rorschach, die mir manchen Trost bietet. Sie meint, ich sei entkräftet wie
914 3638 4673 3802 ein Sechzehnjähriger (denn ich gehe hier in Hosen spazieren) und es könne
914 3739 4721 3927 auf lange Sicht durch den Zeitverlust kein Schade entstehen. Gut denn also –
934 3850 4740 4004 wenn ich Euch noch antreffe – denn wie sehr, wie ausgesprochen Jhr meinem Her¬
910 3966 4504 4134 zen am nächsten steht, das hat mich auch diese einsame Erfahrung wieder
934 4091 1867 4225 gründlich gelehrt.\:p\
938 4110 4625 4312 \p\Von der Theres kam heute ein Brief – sie scheint sachlich-nett zu schalten
914 4269 4557 4466 und zu walten in dem netten Häuschen – Aber: meinen Schreibtisch wirst Du
919 4437 3359 4543 mir ja doch abtreten müssen –das siehst Du ein.\:p\
967 4466 4649 4673 \p\Alles weitere mündlich und bald. Seid sehr gegrüsst, zärtlich umarmt – ich
934 4620 4375 4774 glaube, allerhand muss doch unverändert in mir geblieben sein, und es
929 4740 1583 4918 gehört Euch.\:p\
2628 4851 3075 5087 à toi
3066 5072 3537 5313 Miro
563 5501 3292 5765 PS. Die "Fürstin" wohnte traurig-drollig
553 5717 3090 5977 einfach im gleichen Zim[m]er wie ich hier! –
2494 390 3576 596 Kreuzlingen Mittwoch
1238 857 4594 1027 \p\Liebster Klaus, \g\seid\:g\ Jhr oben in Sils, fahrt Jhr gerade über den
1252 1004 4585 1151 gähnend aufgerissenen Kerenzer Berg? – Jch bekam gestern nacht Dein
1252 1100 4580 1243 Geschichtchen über die jungen Dichter in Spnaien in die Hände – und
1256 1215 4736 1348 es wurde Anlass zu Befriedigung dass Jhr dort wart Freude dass Du es
1252 1339 4732 1490 so schlicht und objektiv – dadurch selbstverständlich und real – erzählt
1252 1458 4622 1577 hast – und es wurde Anlass zu einem neuen Meer entsetzlichen Kummers
1275 1550 4833 1683 – was habe ich getan, dachte ich, was tue ich, was habe ich Unersetzliches
1252 1678 4736 1811 eingebüsst ... um eingesperrt im Jrrenhaus, ausgeliefert den bösen oder
1256 1756 4741 1903 \g\etwas\:g\ freundlicheren Zufällen der Aerzte-Meinung zu sein, die auf
1265 1871 4759 2013 meine Eltern niederprasselt, während ich dazu mich nicht äussern darf.
1265 1999 4704 2137 Gestern kamen die ersten Druckbogen meines Buchs, und – zu meiner ange¬
1252 2095 4686 2210 nehmen Ueberraschung – Korrekturfahnen eines langen Aufsatzes, der nun
1256 2201 4723 2329 doch im Geographical Magazine erscheint. Es fehlt nicht an Arbeit, aber
1252 2306 4732 2453 hier arbeiten ist fast so sonderbar und kindisch, wie wenn ich es auf
1265 2393 4732 2572 der Légation de France versuchte. Was tut's wenn ich statt dessen nur
1252 2513 4319 2673 meinen Milchbrei esse? – Nein, man muss unter Freunden sein ...\:p\
2077 2609 4704 2769 \p\So kam denn, überraschend, gestern, meine Mama – und zum
1256 2728 4741 2875 ersten Mal musste ich von Dr. Binswanger ehrlich enttäuscht sein. Denn
1261 2838 4796 2971 statt zu sprechen und sprchen zu lassen (er tut dies nie) – liess er in
1252 2971 4736 3095 knapper Schärfe seine Meinung auf die Frau los, die da sass, und nicht
1275 3086 4846 3214 wusste, und seine Meinung lautete: Mit mir zu reden sei sinnlos. Entzogen
1256 3187 4897 3310 sei ich allerdings, seit guten vierzehn Tagen. \g\Aber:\:g\ ich müsse weg von
1252 3297 4805 3411 meinen Freunden weg von allem, in klösterliche Einsamkeit, um mich ganz
1265 3384 4755 3521 wieder zu finden, und dies dauere Monate. Alles Andere (selbst – was ich
1270 3485 4658 3618 ablehnen würde – die "Erlaubnis" hier mit einem anderen Patienten zu
1265 3608 4796 3751 verkehren) sei Ansteckung (für meine Umgebung für mich Flickschusterei
1265 3723 4897 3842 und er gebe seinen Segen \g\nicht\:g\ dazu .... So scharf redete er dass ich
1270 3838 4819 3957 kaum fragen konnte, warum ich in seinen Augen vom rechten Wege abgekom¬
1252 3920 4686 4058 men pestkrank isolierungsbedürftig sei warum nicht etwa das normale
1265 4030 4860 4172 Leben versucht werden dürfe – \g\wenn\:g\ ich von der Spritze doch frei sei –
1265 4136 4745 4287 Auch nahm er höchst geschickt alles vorweg: Jhre Tochter, sagte er, wird
1265 4259 4640 4406 Antworten wissen – es hat keinen Sinn mitihr zu reden – sie wird die
1284 4360 4223 4484 lange Massnahme nicht begreifen – hören Sie nicht darauf ....\:p\
1270 4402 4800 4599 \p\Kurz obwohl ich gleichbleibend lächelnd versuchte ihm doch eine Frage
1270 4562 4796 4713 zu stellen, – war alle Mühe verloren, und es klang eben so wie zuweilen
1265 4677 4755 4810 meine Familie spricht: ich wolle alle und alles bloss einseifen bloss
1270 4787 4892 4938 hineinlegen und betrügen hart anfassen müsse man mich ... und da kann ich
1270 4920 4787 5034 mir dann ehrlich und vergeblich das Köpfchen zerbrechen –\g\wo\:g\ der gelbe
1270 5011 3315 5149 Fleck–der \g\ganz\:g\ prinzipielle–sitze ...\:p\
1270 5080 4805 5259 \p\Als ich dann mit meiner Mama ins Gärtchen durfte erschreckte sie doch
1265 5195 4878 5351 ein wenig was sie sehen musste – die grausige Atmosphäre der armen Traum¬
1265 5342 4842 5474 gefährten in der ich lebe. Aber: nun hat sie in Bausch und Bogen den aus
1265 5452 4755 5585 USA heimgekehrten Papa informiert, den ich seit weiss wann nicht sah
1275 5557 4823 5685 und der nun geneigt ist in mir nur noch das enttäuschende und gefähr¬
1325 5649 4874 5800 dete kranke Stück zu sehen. Als ich sagte: wenn \g\er\:g\ über mein Hierblei¬
1265 5754 4943 5915 ben beschliesse, müsse \g\ich\:g\ ihn auch sprechen dürfen hohnlachte der Arzt
1275 5883 4800 6016 ganz gutartig – ja das ist es, was einem krank macht und verzweifelt: was
1265 6002 4842 6130 man auch vorbringt ist sinn–und wertlos und verhallt ungehört. Mama war
1275 6089 4800 6222 dann so weit sehr traurig und überzeugt sogar, mir zu versprechen dass\fml\\:p\
1149 394 4508 577 \fml\\p\scharfen und langen Jsolierungen zu hintertreiben. Sie wolle schon
1149 567 4718 709 sehen und glauben dass ich nun wieder als Einer leben dürfe und solle,
1158 705 4768 815 der auf seinen Füssen stehen muss–denn ich muss es ja doch, eines Tages–
1167 796 4663 920 und der Q[u] alen hier sind viele. Ach rührende und tieftraurige Begehen¬
1149 828 4764 1039 heiten–mir wollen die Traumgefährten schon als recht \g\flach\:g\ erschei¬
1158 1011 4842 1130 nen neben dem Leiden dass ich hier mitansehe, immer schweigend so will es
1153 1121 1684 1263 die Regel.\:p\
1167 1162 4553 1364 \p\Dann las ich gestern nacht noch Dein Aufsätzchen. Jch weiss nun ein
1158 1350 4585 1460 bischen was "Spanien" für Euch bedeutete was es war und ist – und die
1181 1428 4796 1574 Qual vergeblich hier um die Rückkehr ins Leben bitten zu müssen brachte
1158 1556 4645 1693 mir schreckliche Angst Trauer und Reue. Jch warte Mamas schnellen Be¬
1158 1634 4768 1794 richt ab, – ja, sehr wahrscheinlich doch bin ich in wenigen Tagen in Sils –
1158 1748 4636 1908 nach \g\Zürich\:g\ soll ich erst gar nicht –also berichtet wie lange Jhr
1167 1881 3565 1991 bleiben könnt damit ich Euch treffe und umarme.\:p\
1167 1977 4686 2137 \p\Es ist sieben Uhr morgens es regnet. Ein neuer Tag. Leb wohl schick mir
1162 2082 3931 2229 alles was Du über dort schreibst grüsse und küste Eri –\:p\
2691 2201 4544 2370 und auch Golo soll wieder schreiben–
3281 2352 3588 2517 à toi
3533 2508 3977 2755 Miro [handschriftlich]
