5240 7335
2925 379 4085 676 Moskau – 28. Mai
1084 1165 4627 1453 \p\Liebster Klaus, wenigstens mitteilen muss ich es
1117 1429 4579 1649 Dir doch: dass, von der Not getrieben, Bechers
1156 1573 4666 1860 Vorschlag annahm u. zynisch Dein Honorar für
1127 1741 4747 2062 den letzten Beitrag in der "Int. Lit." einstreichen
1117 1942 4325 2278 u. für Speis u. Trank verausgaben werde –
1117 2124 4809 2460 Er, Becher, darf es Dir ja doch nicht auszahlen,
1247 2302 4742 2618 – ausserdem wäre, so würde es zu einem sehr
1117 2474 4723 2839 geringes Betrag zusam[m]enschmelzen – Während, wen[n]
1175 2676 4747 3006 man Rubel kauft, – das Einzige was einem seit
1146 2858 4800 3126 der "Normalisierung" zu tun übrig bleibt – man für
1156 3141 4771 3385 100 Schw. Franken ganze 120 Rubel erhält – deren
1218 3275 4656 3563 Kaufwert aber im[m]er noch einem französischen
1184 3486 4800 3769 Franc entspricht! Mein Gepäckträger verlangte
1232 3659 4656 3870 also 12 Rubel, das sind 10 Schw. Frs. – an die
1223 3802 4790 4181 Benutzung von Taxis oder das Verzehren einer
1247 4057 4862 4292 richtigen Mahlzeit ist nicht zu denken, Hotel–
1232 4215 4958 4555 Zim[m]er kosten im Metropol bis zu 140!! Rubel –
1218 4411 5064 4709 während ich hier bei Becher in Savoy, es wiederum
1251 4637 4800 4891 fertig gebracht habe, dem Direktor meine Armut
1242 4915 4426 5087 so zu schildern, dass ich nur 18 zahle ...\:p\
1242 5011 4958 5385 \p\Kurz u. gut: ich gedenke Deiner, ohnehin in diesen
1261 5207 4934 5567 Gegenden besonders häufig u. zärtlich, u. nun auch
1266 5390 3098 5658 als meines Lebensretters –\:p\
1251 5538 4910 5840 \p\Nebenbei ist mir, was meine Mission hier betrifft, noch
1275 5754 4992 5999 nichts gelungen. Von vorgestern nacht bis heute um 10 Uhr
1304 5927 4574 6195 war ich von Talinn unterwegs – die Reise ohne
1271 6037 4742 6305 die Blindenführung von Inturist ein Kunststück –
1328 6262 4608 6512 hier weder Kolzow noch die lustig-sonderliche
1323 6459 4675 6684 Maria (die Wort-Redaktion war aber hilfbereit,
1328 6603 4570 6828 erin[n]erte sich meiner, u. sie möchten gern wieder
1280 6775 2738 7077 etwas von Dir haben)\:p\
1013 480 4455 776 \p\Besonders nett kom[m]t mir Becher diesmal vor, – ich
1062 645 4586 931 werde den Abend mit ihm verbringen u. die beiden
1008 843 4402 1125 letzten Num[m]ern der "Internationalen" gefallen mir
1008 994 4697 1241 eigentlich sehr, – vielleicht gerade weil er sich keines¬
989 1154 4324 1406 wegs auf deutscher Mitarbeiter beschränkt, eine
1033 1352 4634 1634 Absicht die Du ja in beschränkterem Masse auch bei
1062 1532 4600 1750 der Sam[m]lung durchzuführen versuchtest: es scheint
1076 1677 4503 1987 mir, dass man durch die Tatschen der deutschen
1071 1837 4586 2196 Emigration, – weiterhin durch das Spanien-Problem,
1120 2041 4717 2366 durch die wachsende Bedeutung von Amerika u.s.w.
1163 2288 1362 2385 auf
1125 2201 4363 2467 sich den Bepriff der "deutschen Literatur" für
1086 2346 4678 2695 heute u. also für eine aktuelle Zeitschrift abgewöhnen
1086 2550 4712 2831 muss. Wen[n] man sich nicht bewusst auf ein Aufgabe
1071 2729 4523 3035 der Pietät beschränken will. Besonders auch, weil
1091 2976 4920 3180 unsere Wirksamkeit in u. für Deutschland augenblicklich
1096 3102 4663 3345 die aussichtsloseste ist: nicht als ob in Deutschland
1096 3330 4639 3529 die Dinge etwa besonders schlim[m], festgefahren u.
1105 3461 4673 3805 hoffnungslos lägen – im Gegenteil, da geht enorm
1105 3674 4460 3931 viel vor, aber eben in[n]erhalb Deutschlands, –
1105 3810 4644 4130 u. merkwürdig stark von ganz anderen Kreisen
1115 3965 4513 4305 aus als denen, auf die wir aus Gründen der
1100 4130 4600 4435 Sympathie rechnen, – aus Kreisen, die ihrerseits auf die
1115 4300 4426 4658 Emigranten nicht setzen. Wir müssen darüber
1125 4474 5027 4794 einmal lange reden. Ich werde ja wegen Michel u. Barbara
1173 4697 4673 4944 in Berlin möglichst versuchen, (habe es auch schon
1154 4862 4518 5095 vorbereitet), Leute zu sehen, die der Partei nahe
1129 5037 4498 5298 stehen oder standen. Aber schon Danzig u. der
1173 5211 4353 5502 folgende Aufenthalt waren äusserst lehrreich –\:p\ [space]
1207 5424 4581 5793 \p\Ich muss nun wieder den Hochtouristen [gemeint sind die Bergsteiger um Saladin] nachjagen –
1202 5633 5003 6016 (eigentlich ist diese Angelegenheit ganz scheusslich mühsam,
1241 5817 4237 6113 aber das habe ich mir nun eben eingebrockt)
1226 6055 4605 6365 Da Baa u. der Michel grosse Pläne haben, werden
1270 6258 4305 6496 wir keinesfalls vor 1. Juli in Zürich sein –
1270 6433 4426 6685 vergiss nicht, mir nach Saltsjö-Durnäs zu
1241 6583 4246 6879 berichten, auch über Eri – adieu, ich bin
2889 6767 3970 7019 stets die Deine:\:p\
4091 6869 4445 7126 Miro
