3656 4655
2123 441 2951 585 9 Juillet [mit Bleistift ergänzt: 1929?]
659 538 933 649 BOCKEN
526 610 1067 708 OB HORGEN, ZÜRICHSEE.
749 1018 2084 1187 Ma chère Dominique:
743 1174 2407 1374 Ta première lettre était
761 1343 2564 1525 vaiment très chique, j'ai
677 1505 2556 1713 en tant de plaisir devoir
702 1636 2661 1825 comme l'air du Val Richer
690 1792 2525 1966 a éveillé ton esprit, et
708 1974 2695 2148 non pas l'esprit seul, mais
741 2102 2771 2341 quelque chose dont je ne sais
718 2289 2720 2495 pas le nom. C'est comme un
728 2461 2782 2666 matin de printemps, comme
761 2636 2479 2846 un grand coup de vent,
702 2756 2546 3010 comme le sommet d'une
731 2928 2548 3194 montaigne dans le soleil.
731 3079 2689 3369 C'est une sorte de jou ou
705 3266 2774 3520 de force ou de bonne humeur,
684 498 2663 746 et c'est bien ca ce que tu as
712 701 2663 958 appelé un "Gediente fottes"[unklar]
1590 872 2803 1035 Voilà. Et main¬
632 1021 2820 1241 tenant tu veux retourner au
646 1153 2800 1416 cinéma, avec toute ton energie?
669 1336 2740 1604 Tu as, au fond, de la chance
752 1576 2746 1756 parceque moi je ne sais pas
664 1722 2677 1922 ce qui je veux faire. Et j'ai
669 1899 2585 2128 peur du temps qui passe si
664 2074 938 2234 vite.
606 2262 2565 2417 Mais maintenant nous avons
618 2400 2909 2651 des vacances. Toi tu veux savoir
629 2597 2748 2806 beaucoup de choses et en même
709 2737 2748 3000 temps (dans ta 2e lettre) tu
664 2934 2697 3140 me déteste. Pour que ça te
766 3106 2771 3355 passe j'ai attendu 2 jours
738 3303 2748 3535 avec ma réponse. Est-ce que
2147 341 3250 587 ça t'a passé??
2158 582 4206 849 Un Touring-Club n'existe que
2245 729 4302 1008 pour des Automobilistes. Mais
2240 893 4294 1166 pour tout renseignement adresse
2245 1057 4362 1297 toi à moi, parceque je peux les
2237 1224 4359 1431 avoir. Les "Hütten" n'existent
2264 1428 4280 1620 que pour des excursions plus
2338 1560 4318 1773 hautes. Là où vous allez vous
2283 1729 4337 1961 promener il y a partout des
2278 1871 4127 2092 petits auberges, très bien et
2256 2059 4091 2264 simples, b mais aussi des
2231 2229 2581 2393 hôtels.
3447 2171 4157 2343 ainsi que Tania
2259 2327 4343 2524 Maman t'envoie ses amitiés [ainsi...]. Moi
2302 2507 4255 2720 je les envoie à tout le monde,
2393 2647 4165 2843 c'est à dire de ta famille
2264 2816 3564 3002 Merci pour l’étoffe.
2267 2925 4334 3163 Et voilà tout pour le moment.
2281 3078 4384 3335 je t'embrasse, même si tu es encore
2245 3226 4438 3436 en état de déstester toute l'humanité
3780 3406 4324 3518 An[emarie
