2536 3566
1257 271 2183 440 Hotel Roches Fleuries, Le Lavandou
1528 409 1785 510 4 Mai 33
461 794 2449 895 Mon cher vieux, Erika m'a raconté par quelle malchance formidable
440 898 2366 994 et véritablement digne de vous et moi nous avons manqué de nous
435 1025 2418 1119 rencontrér dans ce beau pays – et encore: il \g\fallait\:g\ nous voir
435 1093 1967 1226 comme il y a des choses bien serieuses à discuter :
435 1197 2444 1312 \p\jch habe Jhnen schon vom Plan einer Zeitschrift geschrieben, die zw [sic]
435 1301 2389 1411 zwar ausgesprochen unpolitisch gemeint ist, aber doch unvermeid¬
435 1411 2249 1504 lich als ein Organ der Opposition gelten wird weil sie von
406 1517 2371 1614 den neuen Emigierten und ihren Freunden – kurz von der europäisch
435 1598 2215 1738 denkenden literarischen Jugend gemacht wird die sich darin
406 1715 2446 1837 verantwortungsvoll äussern soll – Jnzwischen haben Klaus Mann und ich
406 1817 2446 1913 die Sache erstmals besprochen und erwogen – wir glauben dass es sich
403 1936 2381 2030 lohnt und machen lässt – dass es aber Zeit, Anstrengung und dévoue¬
398 2001 2485 2105 ment erfordert. Wir wollen die Zeitschrift deutsch-französisch machen
406 2124 2446 2233 – d.h. wenn möglich mit Beiträgen in französicher Sprache. Als dritten
406 2236 2303 2329 Herausgeber müssen wir deshalb und aus Prinzip einen Franzosen
403 2329 2327 2465 gewinnen – ich glaube Sie könnten sehr gut mit uns arbeiten – aber:
398 2431 2272 2563 haben Sie Zeit und genug Jnteresse? Die Zeitschrift würde wohl
403 2530 2407 2639 in Zuerich-Paris erscheinen – um im Juli oder spätestens ersten Aug.
403 2629 2452 2766 die erste Nummer herauszubringen müssten wir – Klaus Mann, Sie und ich
414 2720 2275 2860 sowie der noch zu findende geschäftliche Leiter ab Mitte Juni
403 2826 2308 2959 zusammen in derselben Stadt (Zuerich?) sitzen – und mindestens die
414 2917 2360 3035 ersten Monate dafür restlos opfern – Voilà le projet – mon cher, vous
403 3058 2446 3123 savéz que je tiens beaucoup à votre secour – écrivez moi si vite que
403 3131 2389 3238 possible comme je pars d'ici le 12 mai – Und bestehen Sie rasch Jhr
398 3232 635 3355 Examen –\:p\
1114 3264 1291 3417 j'espère
1785 3331 2223 3456 Annemarie
124 460 154 2997 [Handshift - Klaus Mann] J'espère aussi ... Ich freue mich sehr darauf, Sie endlich kennenzulernen
202 526 243 2975 (nun schon so viel von Ihnen gehört habend) – und ich möchte gerne,
268 1508 338 2943 dass etwas aus der Zusammenarbeit wird.
279 1342 313 1414 Ihr
305 611 338 1144 Klaus Mann
