<?xml version="1.0" encoding="UTF-8"?>
<validation-wrapper>
   <PcGts xmlns="http://schema.primaresearch.org/PAGE/gts/pagecontent/2013-07-15">
      <Metadata>
         <Creator>prov=READ-COOP:name=TrHtr:version=2.30.2:model_id=265149:date=19_08_2025_23:04</Creator>
         <Created>2025-08-19T22:49:22.651+02:00</Created>
         <LastChange>2025-08-26T09:07:50.730+02:00</LastChange>
         <TranskribusMetadata docId="10179142"
                              pageId="101904929"
                              pageNr="1"
                              status="IN_PROGRESS"
                              userId="194245"
                              imgUrl="https://files.transkribus.eu/Get?id=SKQJOSJQGVUQDDSPYDYEGMDY&amp;fileType=view"
                              imageId="85473857"/>
      </Metadata>
      <Page imageFilename="letter_0279_001.jpg"
            imageWidth="7065"
            imageHeight="4625">
         <TextRegion id="r" custom="readingOrder {index:0;}">
            <Coords points="3764,2411 3997,493 6949,493 6949,2447 6925,4467 3764,4467"/>
            <TextLine id="tr_2_tl_1" custom="readingOrder {index:0;}">
               <Coords points="4615,589 6037,582 6033,431 5997,417 5685,435 5577,381 5437,442 4611,427"/>
               <Baseline points="4636,543 4726,549 4816,549 4905,549 4995,543 5085,549 5174,549 5264,549 5354,549 5443,543 5533,543 5622,543 5712,549 5802,549 5891,555 5981,555 6047,555"/>
               <TextEquiv>
                  <Unicode>CHESA DR RURPANNER</Unicode>
               </TextEquiv>
            </TextLine>
            <TextLine id="tr_2_tl_3" custom="readingOrder {index:1;}">
               <Coords points="5990,736 6073,740 6127,700 6181,729 6267,725 6306,700 6339,722 6525,715 6615,740 6615,575 6436,549 6385,578 6331,553 6306,578 6202,571 6155,596 5990,578"/>
               <Baseline points="6011,693 6100,699 6190,693 6280,699 6369,693 6459,699 6549,699 6620,693"/>
               <TextEquiv>
                  <Unicode>SAMADEN</Unicode>
               </TextEquiv>
            </TextLine>
            <TextLine id="tr_2_tl_5" custom="readingOrder {index:2;}">
               <Coords points="5987,848 6026,840 6048,858 6076,840 6094,858 6130,840 6206,865 6249,844 6295,876 6364,851 6407,862 6403,725 6349,733 6328,718 6295,733 6234,711 6191,747 6091,725 6055,754 5983,743"/>
               <Baseline points="6005,812 6094,806 6184,806 6274,812 6363,812 6417,818"/>
               <TextEquiv>
                  <Unicode>ENGADIN</Unicode>
               </TextEquiv>
            </TextLine>
            <TextLine id="tr_2_tl_6" custom="readingOrder {index:3;}">
               <Coords points="5671,1024 5976,1006 6055,1074 6155,1063 6270,1117 6432,1117 6515,1074 6507,923 6396,966 6310,901 6184,948 6062,887 5918,944 5768,862 5663,858"/>
               <Baseline points="5688,979 5778,979 5867,979 5957,985 6047,991 6136,991 6226,997 6316,1003 6405,1009 6495,1015 6519,1009"/>
               <TextEquiv>
                  <Unicode>Samstag abend</Unicode>
               </TextEquiv>
            </TextLine>
            <TextLine id="tr_2_tl_7" custom="readingOrder {index:4;}">
               <Coords points="4342,1232 6651,1293 6572,1196 6335,1160 5843,1199 5373,1110 5232,1174 4335,1045"/>
               <Baseline points="4362,1213 4451,1201 4541,1201 4630,1201 4720,1201 4810,1201 4899,1201 4989,1201 5079,1207 5168,1213 5258,1213 5348,1213 5437,1218 5527,1218 5616,1218 5706,1224 5796,1224 5885,1230 5975,1230 6065,1236 6154,1242 6244,1248 6333,1254 6423,1260 6513,1260 6602,1266 6656,1272"/>
               <TextEquiv>
                  <Unicode>\p\Ja, lieber Klaus, – ich bin mir, diesmal, des</Unicode>
               </TextEquiv>
            </TextLine>
            <TextLine id="tr_2_tl_8" custom="readingOrder {index:5;}">
               <Coords points="4378,1401 5319,1336 6917,1447 6576,1289 4773,1300 4629,1217 4374,1232"/>
               <Baseline points="4397,1326 4487,1338 4577,1338 4666,1338 4756,1338 4846,1338 4935,1338 5025,1338 5114,1338 5204,1338 5294,1332 5383,1338 5473,1338 5563,1344 5652,1350 5742,1350 5832,1356 5921,1356 6011,1356 6100,1356 6190,1368 6280,1374 6369,1374 6459,1380 6549,1380 6638,1392 6728,1398 6817,1416 6907,1428 6925,1428"/>
               <TextEquiv>
                  <Unicode>ganzen Ernstes bewusst: in Persien, im verlorenen</Unicode>
               </TextEquiv>
            </TextLine>
            <TextLine id="tr_2_tl_9" custom="readingOrder {index:6;}">
               <Coords points="4367,1480 4776,1526 5308,1454 5839,1555 5990,1487 6874,1559 6870,1426 6597,1476 6069,1368 4367,1415"/>
               <Baseline points="4385,1458 4475,1463 4565,1463 4654,1463 4744,1463 4834,1458 4923,1452 5013,1452 5103,1458 5192,1458 5282,1458 5371,1458 5461,1463 5551,1469 5640,1469 5730,1469 5820,1469 5909,1469 5999,1469 6088,1475 6178,1481 6268,1481 6357,1487 6447,1493 6537,1499 6626,1505 6716,1517 6806,1523 6883,1541"/>
               <TextEquiv>
                  <Unicode>Hochtal, am Ende der Welt, hatte ich zum ersten</Unicode>
               </TextEquiv>
            </TextLine>
            <TextLine id="tr_2_tl_10" custom="readingOrder {index:7;}">
               <Coords points="4371,1584 5498,1602 5915,1699 6849,1656 6845,1559 6658,1516 6572,1577 6181,1501 5886,1555 5699,1490 5534,1551 5405,1476 5261,1541 4367,1494"/>
               <Baseline points="4391,1577 4481,1577 4571,1577 4660,1577 4750,1577 4840,1583 4929,1583 5019,1583 5109,1583 5198,1589 5288,1589 5377,1589 5467,1595 5557,1601 5646,1601 5736,1607 5826,1607 5915,1607 6005,1601 6094,1607 6184,1607 6274,1613 6363,1619 6453,1619 6543,1625 6632,1631 6722,1637 6812,1649 6859,1655"/>
               <TextEquiv>
                  <Unicode>Mal einen der seltenen Augenblicke fast hell¬</Unicode>
               </TextEquiv>
            </TextLine>
            <TextLine id="tr_2_tl_11" custom="readingOrder {index:8;}">
               <Coords points="4371,1720 4751,1709 4934,1788 5042,1724 6195,1753 6457,1835 6762,1785 6734,1652 5915,1702 5803,1620 5559,1674 5383,1602 4371,1612"/>
               <Baseline points="4391,1703 4481,1697 4571,1703 4660,1708 4750,1708 4840,1708 4929,1708 5019,1714 5109,1714 5198,1714 5288,1720 5377,1720 5467,1720 5557,1726 5646,1732 5736,1732 5826,1738 5915,1738 6005,1738 6094,1738 6184,1738 6274,1744 6363,1744 6453,1756 6543,1756 6632,1768 6722,1780 6770,1780"/>
               <TextEquiv>
                  <Unicode>seherischer Klarheit, wobei man sich plötzlich</Unicode>
               </TextEquiv>
            </TextLine>
            <TextLine id="tr_2_tl_12" custom="readingOrder {index:9;}">
               <Coords points="4389,1871 6784,1925 6780,1785 6579,1770 6461,1835 5861,1745 5003,1810 4500,1713 4389,1778"/>
               <Baseline points="4409,1828 4499,1828 4589,1828 4678,1834 4768,1840 4858,1840 4947,1840 5037,1840 5126,1840 5216,1846 5306,1846 5395,1846 5485,1846 5575,1846 5664,1846 5754,1852 5843,1858 5933,1864 6023,1858 6112,1858 6202,1858 6292,1864 6381,1870 6471,1876 6561,1882 6650,1888 6740,1900 6794,1906"/>
               <TextEquiv>
                  <Unicode>deutlich im komplizierten Netz der Umwelt u.</Unicode>
               </TextEquiv>
            </TextLine>
            <TextLine id="tr_2_tl_13"
                      custom="readingOrder {index:10;} textStyle {offset:18;length:4;strikethrough:true;}">
               <Coords points="4406,2000 5322,1975 5437,2033 5541,1972 5678,2047 6030,1982 6859,2079 6856,1964 6331,1889 6033,1950 5588,1857 5182,1925 4999,1849 4827,1932 4403,1875"/>
               <Baseline points="4421,1953 4511,1953 4601,1959 4690,1959 4780,1965 4869,1965 4959,1965 5049,1965 5138,1965 5228,1965 5318,1965 5407,1971 5497,1971 5587,1971 5676,1971 5766,1971 5855,1977 5945,1977 6035,1983 6124,1983 6214,1989 6304,1983 6393,1995 6483,1995 6572,2007 6662,2019 6752,2025 6841,2037 6865,2031"/>
               <TextEquiv>
                  <Unicode>seines Schicksals lgbu sieht, u. dieser Netz und</Unicode>
               </TextEquiv>
            </TextLine>
            <TextLine id="tr_2_tl_14" custom="readingOrder {index:11;}">
               <Coords points="4403,2126 5347,2104 5617,2173 5803,2104 6116,2198 6342,2122 6938,2216 6935,2126 6741,2043 6579,2097 6105,1982 5624,2058 5315,1979 4399,2029"/>
               <Baseline points="4421,2085 4511,2085 4601,2085 4690,2085 4780,2091 4869,2091 4959,2091 5049,2091 5138,2091 5228,2091 5318,2097 5407,2091 5497,2097 5587,2097 5676,2097 5766,2097 5855,2103 5945,2109 6035,2103 6124,2109 6214,2115 6304,2115 6393,2127 6483,2133 6572,2133 6662,2145 6752,2157 6841,2163 6931,2181 6949,2187"/>
               <TextEquiv>
                  <Unicode>Ursachen u. Folgen, Vergangenheit, Gegenwart u. Zukunft</Unicode>
               </TextEquiv>
            </TextLine>
            <TextLine id="tr_2_tl_15" custom="readingOrder {index:12;}">
               <Coords points="4439,2230 6328,2248 6489,2334 6723,2334 6719,2158 5509,2198 4435,2104"/>
               <Baseline points="4457,2216 4547,2216 4636,2216 4726,2216 4816,2216 4905,2216 4995,2216 5085,2210 5174,2210 5264,2216 5354,2216 5443,2222 5533,2222 5622,2222 5712,2222 5802,2228 5891,2228 5981,2234 6071,2246 6160,2240 6250,2246 6339,2246 6429,2246 6519,2252 6608,2258 6698,2270 6728,2276"/>
               <TextEquiv>
                  <Unicode>"begreift["]. Nur hatte ich damals das Gefühl,</Unicode>
               </TextEquiv>
            </TextLine>
            <TextLine id="tr_2_tl_16" custom="readingOrder {index:13;}">
               <Coords points="4442,2359 4572,2428 4992,2428 5699,2352 6888,2478 6884,2374 6608,2320 4439,2234"/>
               <Baseline points="4463,2342 4553,2342 4642,2348 4732,2342 4822,2342 4911,2348 5001,2342 5091,2342 5180,2336 5270,2342 5359,2342 5449,2342 5539,2342 5628,2348 5718,2354 5808,2360 5897,2366 5987,2366 6077,2372 6166,2378 6256,2378 6345,2390 6435,2390 6525,2396 6614,2408 6704,2420 6794,2426 6883,2437 6889,2437"/>
               <TextEquiv>
                  <Unicode>verschleppt worden zu sein, wen[n] nicht gegen, so</Unicode>
               </TextEquiv>
            </TextLine>
            <TextLine id="tr_4_tl_1" custom="readingOrder {index:14;}">
               <Coords points="4432,2500 5570,2474 6838,2557 6834,2485 6453,2435 4428,2381"/>
               <Baseline points="4451,2479 4541,2467 4630,2467 4720,2473 4810,2473 4899,2473 4989,2473 5079,2467 5168,2467 5258,2467 5348,2461 5437,2467 5527,2467 5616,2467 5706,2467 5796,2479 5885,2479 5975,2485 6065,2491 6154,2497 6244,2503 6333,2515 6423,2521 6513,2527 6602,2527 6692,2539 6782,2551 6847,2563"/>
               <TextEquiv>
                  <Unicode>doch ohne meinen Willen. Und entsprechend</Unicode>
               </TextEquiv>
            </TextLine>
            <TextLine id="tr_4_tl_2" custom="readingOrder {index:15;}">
               <Coords points="4432,2640 5416,2607 5584,2683 5807,2618 6802,2704 6798,2582 6482,2546 6260,2607 5333,2492 5003,2571 4428,2514"/>
               <Baseline points="4451,2605 4541,2599 4630,2593 4720,2599 4810,2599 4899,2599 4989,2599 5079,2605 5168,2599 5258,2599 5348,2605 5437,2605 5527,2605 5616,2611 5706,2611 5796,2617 5885,2623 5975,2623 6065,2623 6154,2629 6244,2629 6333,2635 6423,2641 6513,2653 6602,2647 6692,2653 6782,2665 6812,2671"/>
               <TextEquiv>
                  <Unicode>schien nur die Rettung von aussen möglich:</Unicode>
               </TextEquiv>
            </TextLine>
            <TextLine id="tr_4_tl_3" custom="readingOrder {index:16;}">
               <Coords points="4450,2780 4902,2726 6917,2837 6913,2722 6701,2683 6518,2726 5735,2629 5279,2704 4446,2632"/>
               <Baseline points="4469,2730 4559,2718 4648,2718 4738,2724 4828,2724 4917,2724 5007,2724 5097,2730 5186,2736 5276,2736 5365,2736 5455,2736 5545,2748 5634,2742 5724,2742 5814,2748 5903,2748 5993,2748 6083,2754 6172,2754 6262,2760 6351,2766 6441,2766 6531,2772 6620,2778 6710,2784 6800,2796 6889,2808 6925,2814"/>
               <TextEquiv>
                  <Unicode>jemand müsse mir helfen, mich nach Hause</Unicode>
               </TextEquiv>
            </TextLine>
            <TextLine id="tr_4_tl_4" custom="readingOrder {index:17;}">
               <Coords points="4424,2902 6884,2948 6881,2816 6568,2780 6148,2851 5976,2783 5807,2851 5617,2790 4424,2805"/>
               <Baseline points="4445,2868 4535,2862 4625,2862 4714,2862 4804,2862 4893,2862 4983,2862 5073,2862 5162,2868 5252,2868 5342,2868 5431,2868 5521,2868 5610,2868 5700,2868 5790,2874 5879,2874 5969,2880 6059,2880 6148,2886 6238,2886 6328,2892 6417,2898 6507,2910 6596,2910 6686,2916 6776,2921 6865,2927 6889,2927"/>
               <TextEquiv>
                  <Unicode>holen u. wieder an den richtigen Ort stellen</Unicode>
               </TextEquiv>
            </TextLine>
            <TextLine id="tr_4_tl_5" custom="readingOrder {index:18;}">
               <Coords points="4432,3017 4514,2992 4730,3045 4931,2995 5236,3042 5380,2988 5556,3038 5882,3024 5882,2927 5739,2887 5484,2923 5308,2869 5135,2920 4432,2898"/>
               <Baseline points="4451,2981 4541,2981 4630,2987 4720,2981 4810,2987 4899,2987 4989,2987 5079,2987 5168,2987 5258,2981 5348,2987 5437,2987 5527,2987 5616,2987 5706,2993 5796,2999 5885,2999 5891,2999"/>
               <TextEquiv>
                  <Unicode>im Netz der Schicksalswege.\:p\</Unicode>
               </TextEquiv>
            </TextLine>
            <TextLine id="tr_4_tl_6" custom="readingOrder {index:19;}">
               <Coords points="4428,3160 5829,3117 6658,3229 6902,3193 6899,3067 6310,3096 6080,2981 5531,3088 5347,3009 4640,3081 4424,3006"/>
               <Baseline points="4445,3131 4535,3125 4625,3119 4714,3119 4804,3119 4893,3119 4983,3113 5073,3113 5162,3113 5252,3113 5342,3113 5431,3113 5521,3113 5610,3113 5700,3113 5790,3113 5879,3113 5969,3119 6059,3119 6148,3119 6238,3119 6328,3125 6417,3131 6507,3137 6596,3143 6686,3155 6776,3161 6865,3172 6907,3184"/>
               <TextEquiv>
                  <Unicode>Diesmal ist es anders. Den[n] ich habe mich "gehen</Unicode>
               </TextEquiv>
            </TextLine>
            <TextLine id="tr_4_tl_7" custom="readingOrder {index:20;}">
               <Coords points="4414,3286 4809,3264 4898,3329 5150,3254 5674,3297 5915,3232 6744,3340 6744,3243 6076,3150 5793,3196 5710,3135 5207,3121 5085,3196 4676,3221 4414,3167"/>
               <Baseline points="4433,3268 4523,3262 4613,3256 4702,3256 4792,3250 4881,3250 4971,3250 5061,3244 5150,3244 5240,3238 5330,3232 5419,3232 5509,3232 5598,3232 5688,3238 5778,3232 5867,3232 5957,3238 6047,3238 6136,3238 6226,3244 6316,3250 6405,3256 6495,3262 6584,3268 6674,3280 6752,3286"/>
               <TextEquiv>
                  <Unicode>lassen", ganz freiwillig u. offenen Auges, –</Unicode>
               </TextEquiv>
            </TextLine>
            <TextLine id="tr_4_tl_8" custom="readingOrder {index:21;}">
               <Coords points="4442,3408 4837,3444 5347,3361 5627,3448 6242,3397 6809,3458 6805,3286 6637,3347 6181,3257 5599,3325 5146,3254 4812,3347 4439,3300"/>
               <Baseline points="4457,3376 4547,3376 4636,3382 4726,3382 4816,3376 4905,3376 4995,3370 5085,3370 5174,3364 5264,3358 5354,3358 5443,3358 5533,3364 5622,3358 5712,3358 5802,3364 5891,3364 5981,3370 6071,3370 6160,3370 6250,3376 6339,3382 6429,3382 6519,3394 6608,3400 6698,3411 6788,3423 6817,3435"/>
               <TextEquiv>
                  <Unicode>u. sehr deutlich weiss ich deshalb, dass ich</Unicode>
               </TextEquiv>
            </TextLine>
            <TextLine id="tr_4_tl_9" custom="readingOrder {index:22;}">
               <Coords points="4421,3552 4924,3501 6809,3545 6809,3458 6116,3405 5671,3455 5452,3376 4421,3444"/>
               <Baseline points="4439,3507 4529,3507 4619,3507 4708,3513 4798,3507 4887,3501 4977,3501 5067,3495 5156,3495 5246,3495 5336,3501 5425,3495 5515,3495 5604,3495 5694,3495 5784,3495 5873,3495 5963,3495 6053,3501 6142,3501 6232,3495 6322,3501 6411,3501 6501,3519 6590,3519 6680,3531 6770,3537 6817,3543"/>
               <TextEquiv>
                  <Unicode>mich selbst entschliessen, mir selbst helfen</Unicode>
               </TextEquiv>
            </TextLine>
            <TextLine id="tr_4_tl_10" custom="readingOrder {index:23;}">
               <Coords points="4439,3656 5250,3631 5380,3695 5462,3627 6145,3631 6755,3706 6755,3573 6385,3598 6094,3512 5915,3577 5577,3505 4748,3591 4439,3545"/>
               <Baseline points="4457,3609 4547,3615 4636,3627 4726,3627 4816,3627 4905,3627 4995,3627 5085,3627 5174,3627 5264,3621 5354,3627 5443,3621 5533,3621 5622,3621 5712,3621 5802,3627 5891,3627 5981,3627 6071,3627 6160,3627 6250,3633 6339,3633 6429,3639 6519,3645 6608,3651 6698,3656 6764,3662"/>
               <TextEquiv>
                  <Unicode>muss. Ich habe gar keine Wahl, u. es ist</Unicode>
               </TextEquiv>
            </TextLine>
            <TextLine id="tr_4_tl_11" custom="readingOrder {index:24;}">
               <Coords points="4435,3796 6766,3810 6762,3713 6611,3695 4432,3656"/>
               <Baseline points="4451,3752 4541,3758 4630,3758 4720,3758 4810,3758 4899,3758 4989,3758 5079,3758 5168,3758 5258,3758 5348,3758 5437,3758 5527,3758 5616,3752 5706,3752 5796,3758 5885,3758 5975,3758 6065,3764 6154,3764 6244,3770 6333,3776 6423,3782 6513,3782 6602,3782 6692,3794 6776,3794"/>
               <TextEquiv>
                  <Unicode>höchste Zeit. Nicht wegen der drei Monate</Unicode>
               </TextEquiv>
            </TextLine>
            <TextLine id="tr_4_tl_12" custom="readingOrder {index:25;}">
               <Coords points="4424,3904 4924,3968 5013,3911 6798,3943 6741,3807 6015,3792 5879,3868 5254,3764 4934,3861 4730,3767 4424,3803"/>
               <Baseline points="4445,3890 4535,3890 4625,3890 4714,3895 4804,3895 4893,3895 4983,3890 5073,3890 5162,3895 5252,3895 5342,3895 5431,3901 5521,3901 5610,3901 5700,3901 5790,3901 5879,3901 5969,3901 6059,3895 6148,3901 6238,3907 6328,3907 6417,3913 6507,3913 6596,3919 6686,3919 6776,3931 6806,3937"/>
               <TextEquiv>
                  <Unicode>kleinbürgerlichen Lasters – Das ist schlim[m]</Unicode>
               </TextEquiv>
            </TextLine>
            <TextLine id="tr_4_tl_13" custom="readingOrder {index:26;}">
               <Coords points="4396,4123 4995,4037 5390,4123 5552,4047 6647,4083 6615,3983 6231,3925 5732,3979 5035,3929 4740,4008 4665,3932 4396,3965"/>
               <Baseline points="4415,4015 4505,4027 4595,4033 4684,4039 4774,4039 4864,4033 4953,4033 5043,4027 5132,4033 5222,4033 5312,4039 5401,4039 5491,4039 5581,4039 5670,4039 5760,4039 5849,4039 5939,4039 6029,4039 6118,4039 6208,4039 6298,4045 6387,4051 6477,4051 6567,4051 6656,4063 6662,4057"/>
               <TextEquiv>
                  <Unicode>genug, aber physisch zu überstehen wie</Unicode>
               </TextEquiv>
            </TextLine>
            <TextLine id="tr_4_tl_14" custom="readingOrder {index:27;}">
               <Coords points="4450,4191 6683,4202 6683,4105 6608,4083 6313,4137 5987,4040 5355,4134 5232,4069 4985,4126 4809,4065 4690,4137 4450,4087"/>
               <Baseline points="4469,4182 4559,4176 4648,4176 4738,4182 4828,4170 4917,4164 5007,4164 5097,4164 5186,4170 5276,4170 5365,4170 5455,4176 5545,4170 5634,4164 5724,4164 5814,4164 5903,4170 5993,4164 6083,4170 6172,4176 6262,4176 6351,4176 6441,4182 6531,4176 6620,4176 6692,4182"/>
               <TextEquiv>
                  <Unicode>die Wunden am Amerika-Bein [?] oder</Unicode>
               </TextEquiv>
            </TextLine>
            <TextLine id="tr_4_tl_16" custom="readingOrder {index:28;}">
               <Coords points="4485,4310 4949,4385 5182,4302 6619,4327 6619,4198 6274,4270 5778,4177 4726,4277 4485,4213"/>
               <Baseline points="4505,4296 4595,4296 4684,4302 4774,4302 4864,4302 4953,4302 5043,4302 5132,4302 5222,4302 5312,4302 5401,4302 5491,4296 5581,4296 5670,4296 5760,4296 5849,4296 5939,4302 6029,4302 6118,4308 6208,4308 6298,4314 6387,4314 6477,4320 6567,4320 6626,4320"/>
               <TextEquiv>
                  <Unicode>eine andere erlittene Unbill. Nein, der</Unicode>
               </TextEquiv>
            </TextLine>
            <TextLine id="l" custom="readingOrder {index:29;}">
               <Coords points="4612,4399 4661,4406 4769,4327 5153,4399 5606,4299 6651,4371 6651,4468 6353,4514 5879,4442 5164,4435 5042,4511 4612,4494"/>
               <Baseline points="4612,4434 4648,4439 4666,4439 4756,4439 4846,4439 4935,4439 5025,4439 5114,4439 5204,4433 5294,4433 5383,4433 5473,4439 5563,4433 5652,4439 5742,4439 5832,4439 5921,4439 6011,4433 6100,4433 6190,4445 6280,4445 6369,4457 6459,4445 6549,4451 6638,4457 6656,4457"/>
               <TextEquiv>
                  <Unicode> Schwerpunkt der Entschliessung ist</Unicode>
               </TextEquiv>
            </TextLine>
            <TextEquiv>
               <Unicode/>
            </TextEquiv>
         </TextRegion>
         <TextRegion id="r_287" custom="readingOrder {index:1;}">
            <Coords points="143,3009 723,320 3513,320 3519,3009 3519,4503 143,4503"/>
            <TextLine id="tr_1_tl_1" custom="readingOrder {index:0;}">
               <Coords points="722,399 1009,478 1440,381 3433,503 3430,356 3218,277 3135,352 2417,345 2194,237 2036,312 1340,259 718,330"/>
               <Baseline points="740,388 830,388 920,382 1009,382 1099,382 1189,382 1278,382 1368,376 1458,376 1547,370 1637,370 1726,376 1816,370 1906,376 1995,376 2085,382 2175,382 2264,388 2354,388 2443,394 2533,400 2623,412 2712,418 2802,424 2892,430 2981,436 3071,442 3161,448 3250,460 3340,478 3429,489 3441,495"/>
               <TextEquiv>
                  <Unicode>ein moralischer: Andere können sich's vielleicht</Unicode>
               </TextEquiv>
            </TextLine>
            <TextLine id="tr_1_tl_2" custom="readingOrder {index:1;}">
               <Coords points="743,553 1128,596 1487,521 1911,621 2496,539 3387,636 3383,510 3006,445 1943,496 1541,391 743,470"/>
               <Baseline points="764,519 854,519 944,519 1033,519 1123,525 1213,519 1302,519 1392,519 1481,519 1571,519 1661,525 1750,525 1840,525 1930,531 2019,525 2109,531 2198,531 2288,531 2378,531 2467,531 2557,537 2647,543 2736,549 2826,555 2916,561 3005,561 3095,573 3184,585 3274,597 3364,615 3394,615"/>
               <TextEquiv>
                  <Unicode>eher leisten als ich – meine Labilität und</Unicode>
               </TextEquiv>
            </TextLine>
            <TextLine id="tr_1_tl_3" custom="readingOrder {index:2;}">
               <Coords points="722,686 1322,675 1433,769 1666,686 1889,743 2004,675 2176,743 2604,686 3110,801 3365,765 3369,672 2661,567 2334,657 2187,582 2040,639 995,532 718,578"/>
               <Baseline points="740,657 830,663 920,663 1009,663 1099,663 1189,663 1278,663 1368,663 1458,663 1547,669 1637,675 1726,675 1816,669 1906,675 1995,675 2085,675 2175,681 2264,675 2354,681 2443,681 2533,681 2623,687 2712,699 2802,699 2892,711 2981,717 3071,723 3161,740 3250,752 3340,764 3382,770"/>
               <TextEquiv>
                  <Unicode>Instinktlosigkeit gegenüber meinen Kräften,</Unicode>
               </TextEquiv>
            </TextLine>
            <TextLine id="tr_1_tl_4" custom="readingOrder {index:3;}">
               <Coords points="707,873 1666,815 3167,930 3164,819 3038,776 2902,826 2474,707 2252,804 1889,733 1735,786 1580,707 1436,769 1225,679 1020,776 704,693"/>
               <Baseline points="729,806 818,806 908,806 997,806 1087,806 1177,806 1266,806 1356,806 1446,812 1535,812 1625,812 1714,818 1804,824 1894,824 1983,818 2073,818 2163,824 2252,830 2342,836 2432,836 2521,830 2611,836 2700,842 2790,848 2880,854 2969,860 3059,866 3149,878 3178,878"/>
               <TextEquiv>
                  <Unicode>meine ohnedies schwache Vitalität, der</Unicode>
               </TextEquiv>
            </TextLine>
            <TextLine id="tr_1_tl_5" custom="readingOrder {index:4;}">
               <Coords points="715,959 2604,970 3175,1103 3286,1052 3282,955 2905,876 711,873"/>
               <Baseline points="734,956 824,956 914,950 1003,950 1093,950 1183,950 1272,950 1362,950 1452,950 1541,950 1631,950 1720,950 1810,950 1900,950 1989,950 2079,950 2169,950 2258,956 2348,956 2437,962 2527,962 2617,968 2706,973 2796,985 2886,991 2975,997 3065,1009 3155,1021 3244,1039 3292,1033"/>
               <TextEquiv>
                  <Unicode>nicht sehr kräftige Wille zur Selbsterhaltung:</Unicode>
               </TextEquiv>
            </TextLine>
            <TextLine id="tr_1_tl_6" custom="readingOrder {index:5;}">
               <Coords points="707,1095 3462,1192 3405,1074 3196,1110 3017,1020 2830,1092 2568,973 1788,1059 1257,941 1041,1024 704,984"/>
               <Baseline points="729,1093 818,1087 908,1087 997,1087 1087,1093 1177,1093 1266,1093 1356,1087 1446,1087 1535,1087 1625,1093 1714,1099 1804,1105 1894,1099 1983,1099 2073,1099 2163,1099 2252,1099 2342,1099 2432,1105 2521,1105 2611,1105 2700,1111 2790,1117 2880,1129 2969,1135 3059,1147 3149,1159 3238,1165 3328,1177 3417,1189 3471,1201"/>
               <TextEquiv>
                  <Unicode>das sind Faktoren, die die Morphium-Versuchung</Unicode>
               </TextEquiv>
            </TextLine>
            <TextLine id="tr_1_tl_7" custom="readingOrder {index:6;}">
               <Coords points="707,1250 1257,1304 1688,1239 2058,1340 2568,1253 3361,1372 3354,1214 2877,1138 2579,1225 2306,1117 1810,1203 704,1120"/>
               <Baseline points="729,1224 818,1224 908,1224 997,1224 1087,1230 1177,1230 1266,1230 1356,1230 1446,1230 1535,1230 1625,1236 1714,1236 1804,1242 1894,1242 1983,1242 2073,1248 2163,1248 2252,1248 2342,1248 2432,1248 2521,1248 2611,1254 2700,1260 2790,1260 2880,1272 2969,1278 3059,1290 3149,1302 3238,1320 3328,1338 3370,1344"/>
               <TextEquiv>
                  <Unicode>unterstützen u. sie gefährlicher machen. Und</Unicode>
               </TextEquiv>
            </TextLine>
            <TextLine id="tr_1_tl_8" custom="readingOrder {index:7;}">
               <Coords points="704,1390 2851,1426 2984,1512 3390,1512 3383,1372 3218,1340 2837,1390 2230,1278 2018,1357 1832,1250 1128,1322 700,1268"/>
               <Baseline points="723,1380 812,1374 902,1374 991,1374 1081,1380 1171,1386 1260,1392 1350,1386 1440,1386 1529,1386 1619,1386 1708,1386 1798,1386 1888,1392 1977,1392 2067,1398 2157,1398 2246,1398 2336,1398 2426,1398 2515,1404 2605,1410 2694,1410 2784,1416 2874,1422 2963,1428 3053,1440 3143,1458 3232,1463 3322,1475 3394,1487"/>
               <TextEquiv>
                  <Unicode>deshalb habe ich keine Wahl. Den[n] dem Ent¬</Unicode>
               </TextEquiv>
            </TextLine>
            <TextLine id="tr_1_tl_9" custom="readingOrder {index:8;}">
               <Coords points="725,1537 2909,1569 3160,1659 3182,1501 2776,1433 2571,1508 2320,1415 1788,1490 1505,1397 1275,1483 1070,1397 722,1415"/>
               <Baseline points="746,1511 836,1505 926,1505 1015,1505 1105,1511 1195,1511 1284,1517 1374,1517 1463,1517 1553,1523 1643,1523 1732,1529 1822,1529 1912,1529 2001,1529 2091,1535 2181,1541 2270,1535 2360,1541 2449,1547 2539,1553 2629,1553 2718,1553 2808,1559 2898,1565 2987,1571 3077,1577 3166,1589 3190,1595"/>
               <TextEquiv>
                  <Unicode>schluss u. Willen zum Leben steht als</Unicode>
               </TextEquiv>
            </TextLine>
            <TextLine id="tr_1_tl_10" custom="readingOrder {index:9;}">
               <Coords points="733,1709 991,1648 1336,1749 1454,1663 1544,1724 1817,1659 3426,1760 3422,1616 3293,1605 729,1537"/>
               <Baseline points="752,1643 842,1643 932,1643 1021,1649 1111,1649 1201,1655 1290,1649 1380,1649 1469,1649 1559,1655 1649,1655 1738,1661 1828,1661 1918,1661 2007,1661 2097,1661 2187,1667 2276,1667 2366,1667 2455,1673 2545,1673 2635,1679 2724,1685 2814,1685 2904,1691 2993,1703 3083,1708 3172,1720 3262,1726 3352,1738 3435,1750"/>
               <TextEquiv>
                  <Unicode>zweite Möglichkeit etwas gegenüber, was keine</Unicode>
               </TextEquiv>
            </TextLine>
            <TextLine id="tr_1_tl_11" custom="readingOrder {index:10;}">
               <Coords points="743,1835 2596,1814 3092,1911 3114,1742 2209,1778 1483,1681 1329,1749 1146,1677 740,1691"/>
               <Baseline points="764,1792 854,1786 944,1786 1033,1786 1123,1786 1213,1786 1302,1786 1392,1786 1481,1786 1571,1786 1661,1786 1750,1786 1840,1792 1930,1792 2019,1792 2109,1798 2198,1804 2288,1804 2378,1810 2467,1810 2557,1816 2647,1816 2736,1822 2826,1828 2916,1840 3005,1846 3095,1858 3125,1858"/>
               <TextEquiv>
                  <Unicode>Möglichkeit ist, sondern eine schlichte</Unicode>
               </TextEquiv>
            </TextLine>
            <TextLine id="tr_1_tl_12" custom="readingOrder {index:11;}">
               <Coords points="740,1946 3164,2008 3160,1896 2945,1932 2589,1814 1918,1896 1573,1824 1436,1882 740,1839"/>
               <Baseline points="758,1936 848,1936 938,1930 1027,1930 1117,1924 1207,1930 1296,1924 1386,1924 1475,1924 1565,1918 1655,1924 1744,1924 1834,1924 1924,1924 2013,1930 2103,1930 2192,1930 2282,1936 2372,1936 2461,1936 2551,1942 2641,1947 2730,1953 2820,1959 2910,1965 2999,1971 3089,1983 3172,1989"/>
               <TextEquiv>
                  <Unicode>Selbst-Verurteilung, die ich nicht mehr</Unicode>
               </TextEquiv>
            </TextLine>
            <TextLine id="tr_1_tl_13" custom="readingOrder {index:12;}">
               <Coords points="758,2112 2248,2072 3340,2155 3336,2043 3167,1997 2686,2040 2277,1946 1867,2025 1724,1950 1612,2043 930,1939 754,1997"/>
               <Baseline points="776,2073 866,2073 956,2079 1045,2079 1135,2079 1224,2073 1314,2073 1404,2073 1493,2073 1583,2073 1673,2073 1762,2067 1852,2073 1942,2067 2031,2067 2121,2067 2210,2067 2300,2067 2390,2073 2479,2079 2569,2079 2659,2085 2748,2085 2838,2097 2927,2103 3017,2109 3107,2121 3196,2127 3286,2139 3346,2139"/>
               <TextEquiv>
                  <Unicode>bemänteln u. bagatellisieren darf: krank</Unicode>
               </TextEquiv>
            </TextLine>
            <TextLine id="tr_1_tl_14" custom="readingOrder {index:13;}">
               <Coords points="779,2241 2528,2223 2780,2352 2909,2252 3437,2298 3433,2198 2043,2094 1340,2180 1049,2090 779,2122"/>
               <Baseline points="800,2210 890,2216 979,2222 1069,2216 1159,2216 1248,2216 1338,2216 1428,2216 1517,2216 1607,2210 1697,2210 1786,2216 1876,2216 1965,2216 2055,2216 2145,2222 2234,2222 2324,2216 2414,2216 2503,2216 2593,2222 2682,2222 2772,2234 2862,2246 2951,2252 3041,2258 3131,2258 3220,2264 3310,2276 3400,2282 3447,2288"/>
               <TextEquiv>
                  <Unicode>zu sein, den abseitigen Däm[m]erungs-Traum</Unicode>
               </TextEquiv>
            </TextLine>
            <TextLine id="tr_1_tl_15" custom="readingOrder {index:14;}">
               <Coords points="772,2395 2449,2359 3132,2492 3229,2413 3444,2453 3444,2352 3053,2345 2927,2248 2776,2349 2607,2234 769,2277"/>
               <Baseline points="788,2366 878,2360 968,2360 1057,2360 1147,2360 1236,2354 1326,2354 1416,2354 1505,2360 1595,2354 1685,2354 1774,2354 1864,2354 1953,2360 2043,2360 2133,2366 2222,2366 2312,2366 2402,2360 2491,2366 2581,2360 2671,2366 2760,2372 2850,2378 2939,2384 3029,2384 3119,2396 3208,2402 3298,2408 3388,2426 3453,2432"/>
               <TextEquiv>
                  <Unicode>mehr lieben als das Leben. Und Leben heisst</Unicode>
               </TextEquiv>
            </TextLine>
            <TextLine id="tr_1_tl_16" custom="readingOrder {index:15;}">
               <Coords points="743,2532 2862,2528 3419,2661 3415,2471 3185,2438 3038,2503 2069,2374 1523,2464 1113,2381 740,2431"/>
               <Baseline points="764,2497 854,2491 944,2491 1033,2491 1123,2491 1213,2491 1302,2491 1392,2491 1481,2497 1571,2497 1661,2497 1750,2497 1840,2497 1930,2497 2019,2497 2109,2503 2198,2509 2288,2509 2378,2509 2467,2509 2557,2509 2647,2509 2736,2515 2826,2521 2916,2527 3005,2533 3095,2545 3184,2557 3274,2563 3364,2581 3423,2587"/>
               <TextEquiv>
                  <Unicode>doch für mich: Meinen Mann stehen gerade</Unicode>
               </TextEquiv>
            </TextLine>
            <TextLine id="tr_1_tl_17" custom="readingOrder {index:16;}">
               <Coords points="758,2686 1921,2647 2230,2740 2464,2658 3056,2693 3376,2812 3509,2765 3462,2629 3322,2690 2043,2514 1918,2611 1436,2532 1103,2600 754,2510"/>
               <Baseline points="776,2635 866,2635 956,2635 1045,2635 1135,2635 1224,2635 1314,2635 1404,2635 1493,2635 1583,2635 1673,2635 1762,2641 1852,2641 1942,2647 2031,2641 2121,2641 2210,2647 2300,2653 2390,2653 2479,2659 2569,2659 2659,2665 2748,2671 2838,2671 2927,2682 3017,2688 3107,2700 3196,2712 3286,2718 3376,2730 3465,2748 3513,2754"/>
               <TextEquiv>
                  <Unicode>heute, verfügbar u. fähig sein, ein zuverlässiger</Unicode>
               </TextEquiv>
            </TextLine>
            <TextLine id="tr_1_tl_18" custom="readingOrder {index:17;}">
               <Coords points="776,2783 3264,2884 3261,2780 2995,2787 2848,2704 2719,2769 1814,2654 1483,2747 772,2654"/>
               <Baseline points="794,2766 884,2766 973,2766 1063,2766 1153,2772 1242,2772 1332,2778 1422,2778 1511,2778 1601,2784 1691,2790 1780,2790 1870,2790 1959,2790 2049,2802 2139,2802 2228,2802 2318,2802 2408,2802 2497,2802 2587,2802 2677,2808 2766,2814 2856,2820 2945,2826 3035,2838 3125,2850 3214,2862 3274,2868"/>
               <TextEquiv>
                  <Unicode>Freund im Persönlichen, ein zuverlässiges</Unicode>
               </TextEquiv>
            </TextLine>
            <TextLine id="tr_1_tl_19" custom="readingOrder {index:18;}">
               <Coords points="769,2963 1638,2934 1957,3017 2848,2959 3214,3063 3325,3002 3322,2873 3167,2934 1695,2837 1551,2898 765,2794"/>
               <Baseline points="788,2898 878,2898 968,2898 1057,2904 1147,2904 1236,2910 1326,2916 1416,2921 1505,2927 1595,2927 1685,2927 1774,2927 1864,2933 1953,2933 2043,2939 2133,2945 2222,2945 2312,2945 2402,2945 2491,2951 2581,2951 2671,2951 2760,2951 2850,2951 2939,2957 3029,2963 3119,2969 3208,2981 3298,2999 3334,2993"/>
               <TextEquiv>
                  <Unicode>Köpfchen im Kampf gegen die Verwirrungs-</Unicode>
               </TextEquiv>
            </TextLine>
            <TextLine id="tr_3_tl_1" custom="readingOrder {index:19;}">
               <Coords points="758,3092 1275,3153 1404,3060 1900,3124 2668,3085 3254,3157 3250,3049 2841,2974 1979,3035 1375,2927 754,2956"/>
               <Baseline points="776,3059 866,3059 956,3059 1045,3059 1135,3059 1224,3059 1314,3059 1404,3059 1493,3065 1583,3065 1673,3065 1762,3059 1852,3065 1942,3065 2031,3065 2121,3077 2210,3077 2300,3077 2390,3077 2479,3071 2569,3077 2659,3083 2748,3089 2838,3095 2927,3107 3017,3113 3107,3131 3196,3143 3262,3149"/>
               <TextEquiv>
                  <Unicode>Mächte des Faschismus unseres Zeitalters. Da</Unicode>
               </TextEquiv>
            </TextLine>
            <TextLine id="tr_3_tl_2" custom="readingOrder {index:20;}">
               <Coords points="830,3275 1002,3207 3106,3250 3106,3146 2647,3175 2442,3088 2374,3139 1595,3085 1454,3167 1253,3103 830,3124"/>
               <Baseline points="848,3208 938,3208 1027,3208 1117,3208 1207,3208 1296,3214 1386,3214 1475,3214 1565,3202 1655,3202 1744,3202 1834,3202 1924,3202 2013,3202 2103,3202 2192,3208 2282,3214 2372,3214 2461,3214 2551,3214 2641,3214 2730,3214 2820,3220 2910,3226 2999,3232 3089,3250 3113,3250"/>
               <TextEquiv>
                  <Unicode>gibt es also keine Wahl. Ich kan[n] mir</Unicode>
               </TextEquiv>
            </TextLine>
            <TextLine id="tr_3_tl_3" custom="readingOrder {index:21;}">
               <Coords points="830,3401 2780,3340 3512,3469 3509,3347 3167,3257 2241,3311 1645,3211 826,3275"/>
               <Baseline points="848,3346 938,3334 1027,3334 1117,3334 1207,3334 1296,3334 1386,3340 1475,3334 1565,3334 1655,3334 1744,3328 1834,3334 1924,3328 2013,3334 2103,3334 2192,3340 2282,3340 2372,3340 2461,3340 2551,3340 2641,3340 2730,3340 2820,3340 2910,3346 2999,3352 3089,3364 3178,3376 3268,3388 3358,3406 3447,3429 3519,3447"/>
               <TextEquiv>
                  <Unicode>die geringste Konzession an die Erleichterungen</Unicode>
               </TextEquiv>
            </TextLine>
            <TextLine id="tr_3_tl_4" custom="readingOrder {index:22;}">
               <Coords points="840,3476 2553,3484 2658,3555 2855,3491 3440,3656 3437,3480 2887,3455 2740,3369 2514,3455 2198,3361 840,3405"/>
               <Baseline points="860,3465 950,3471 1039,3465 1129,3465 1218,3465 1308,3459 1398,3465 1487,3465 1577,3471 1667,3465 1756,3471 1846,3465 1936,3471 2025,3471 2115,3471 2204,3471 2294,3471 2384,3477 2473,3483 2563,3483 2653,3477 2742,3483 2832,3483 2921,3495 3011,3501 3101,3513 3190,3525 3280,3543 3370,3561 3447,3573"/>
               <TextEquiv>
                  <Unicode>der Droge nicht erlauben. Glaube mir, ich</Unicode>
               </TextEquiv>
            </TextLine>
            <TextLine id="tr_3_tl_5" custom="readingOrder {index:23;}">
               <Coords points="894,3616 1598,3699 2130,3620 2517,3713 2765,3624 3340,3753 3333,3580 3214,3555 2579,3580 2137,3501 2061,3566 1595,3494 1311,3563 891,3491"/>
               <Baseline points="914,3603 1003,3603 1093,3603 1183,3597 1272,3597 1362,3597 1452,3597 1541,3597 1631,3609 1720,3609 1810,3609 1900,3609 1989,3609 2079,3615 2169,3615 2258,3609 2348,3615 2437,3621 2527,3621 2617,3621 2706,3627 2796,3627 2886,3639 2975,3645 3065,3656 3155,3668 3244,3692 3334,3710 3346,3710"/>
               <TextEquiv>
                  <Unicode>habe es eingesehen. Seltsam "ergeben" u.</Unicode>
               </TextEquiv>
            </TextLine>
            <TextLine id="tr_3_tl_6" custom="readingOrder {index:24;}">
               <Coords points="830,3771 1702,3749 2090,3825 2345,3767 3318,3861 3315,3746 3117,3703 3009,3767 2388,3674 2187,3731 1936,3645 1623,3710 1196,3616 830,3724"/>
               <Baseline points="848,3752 938,3746 1027,3746 1117,3740 1207,3740 1296,3740 1386,3740 1475,3734 1565,3740 1655,3746 1744,3752 1834,3752 1924,3758 2013,3758 2103,3758 2192,3758 2282,3764 2372,3764 2461,3770 2551,3770 2641,3776 2730,3782 2820,3794 2910,3800 2999,3812 3089,3824 3178,3830 3268,3842 3322,3842"/>
               <TextEquiv>
                  <Unicode>entschlossen warte ich in der Geborgenheit</Unicode>
               </TextEquiv>
            </TextLine>
            <TextLine id="tr_3_tl_7" custom="readingOrder {index:25;}">
               <Coords points="819,3961 1368,3875 1914,3961 2683,3914 3426,4033 3419,3904 2794,3817 2568,3886 1889,3778 812,3825"/>
               <Baseline points="836,3872 926,3878 1015,3878 1105,3878 1195,3878 1284,3878 1374,3878 1463,3878 1553,3878 1643,3884 1732,3884 1822,3884 1912,3895 2001,3901 2091,3901 2181,3901 2270,3901 2360,3907 2449,3913 2539,3913 2629,3907 2718,3919 2808,3931 2898,3943 2987,3955 3077,3967 3166,3985 3256,3991 3346,4009 3435,4021 3441,4015"/>
               <TextEquiv>
                  <Unicode>meiner sehr komfortablen "Chesa Ruppan[n]er"</Unicode>
               </TextEquiv>
            </TextLine>
            <TextLine id="tr_3_tl_8" custom="readingOrder {index:26;}">
               <Coords points="887,4065 2198,4044 2485,4134 3099,4116 3390,4191 3383,4051 876,3918"/>
               <Baseline points="902,3997 991,3997 1081,4009 1171,4009 1260,4009 1350,4009 1440,4009 1529,4009 1619,4015 1708,4021 1798,4021 1888,4027 1977,4033 2067,4033 2157,4039 2246,4045 2336,4051 2426,4057 2515,4063 2605,4063 2694,4075 2784,4081 2874,4093 2963,4105 3053,4111 3143,4123 3232,4140 3322,4152 3394,4158"/>
               <TextEquiv>
                  <Unicode>auf die Ausfallserscheinungen [Entzugserscheinungen]. Ich schreibe</Unicode>
               </TextEquiv>
            </TextLine>
            <TextLine id="tr_3_tl_9" custom="readingOrder {index:27;}">
               <Coords points="848,4191 3336,4284 3333,4155 844,4065"/>
               <Baseline points="866,4158 956,4158 1045,4158 1135,4158 1224,4158 1314,4158 1404,4164 1493,4164 1583,4164 1673,4170 1762,4176 1852,4176 1942,4182 2031,4182 2121,4182 2210,4194 2300,4194 2390,4206 2479,4206 2569,4212 2659,4212 2748,4218 2838,4230 2927,4236 3017,4242 3107,4254 3196,4266 3286,4272 3346,4284"/>
               <TextEquiv>
                  <Unicode>Dir erst wieder, wenn die schlim[m]sten Tage</Unicode>
               </TextEquiv>
            </TextLine>
            <TextLine id="tr_3_tl_11" custom="readingOrder {index:28;}">
               <Coords points="873,4360 2047,4317 3297,4453 3293,4310 3110,4338 2765,4234 2543,4292 2392,4216 1717,4202 1099,4274 865,4177"/>
               <Baseline points="890,4296 979,4296 1069,4302 1159,4302 1248,4308 1338,4308 1428,4308 1517,4314 1607,4314 1697,4314 1786,4320 1876,4320 1965,4314 2055,4314 2145,4314 2234,4320 2324,4326 2414,4332 2503,4338 2593,4344 2682,4344 2772,4356 2862,4362 2951,4374 3041,4380 3131,4391 3220,4397 3304,4403"/>
               <TextEquiv>
                  <Unicode>abgelaufen sind. Deinen Brief nagle ich</Unicode>
               </TextEquiv>
            </TextLine>
            <TextLine id="tr_3_tl_13" custom="readingOrder {index:29;}">
               <Coords points="887,4446 3045,4496 3042,4403 2543,4432 2087,4331 1472,4403 883,4356"/>
               <Baseline points="908,4427 997,4427 1087,4433 1177,4433 1266,4439 1356,4445 1446,4445 1535,4445 1625,4445 1714,4445 1804,4451 1894,4451 1983,4445 2073,4451 2163,4451 2252,4451 2342,4457 2432,4469 2521,4475 2611,4475 2700,4481 2790,4481 2880,4481 2969,4493 3053,4493"/>
               <TextEquiv>
                  <Unicode>mir über mein Bett, anstelle der</Unicode>
               </TextEquiv>
            </TextLine>
            <TextEquiv>
               <Unicode/>
            </TextEquiv>
         </TextRegion>
      </Page>
   </PcGts>
   <PcGts xmlns="http://schema.primaresearch.org/PAGE/gts/pagecontent/2013-07-15">
      <Metadata>
         <Creator>prov=READ-COOP:name=TrHtr:version=2.30.2:model_id=265149:date=19_08_2025_23:04</Creator>
         <Created>2025-08-19T22:49:22.751+02:00</Created>
         <LastChange>2025-08-26T09:09:24.041+02:00</LastChange>
         <TranskribusMetadata docId="10179142"
                              pageId="101905027"
                              pageNr="2"
                              status="IN_PROGRESS"
                              userId="194245"
                              imgUrl="https://files.transkribus.eu/Get?id=HYIYLKWRFNGBMEAMTUUJRQIB&amp;fileType=view"
                              imageId="85473762"/>
      </Metadata>
      <Page imageFilename="letter_0279_002.jpg"
            imageWidth="7065"
            imageHeight="4625">
         <TextRegion id="tr_1" custom="readingOrder {index:0;}">
            <Coords points="4075,350 6788,350 6788,2382 4075,2382"/>
            <TextLine id="tr_1_tl_1" custom="readingOrder {index:0;}">
               <Coords points="4059,443 4464,499 4875,398 5026,446 5137,408 5352,490 5576,452 5580,329 5475,300 5374,376 5175,313 4887,360 4672,303 4476,316 4309,383 4062,345"/>
               <Baseline points="4075,424 4152,418 4242,412 4332,412 4421,418 4511,418 4601,406 4690,406 4780,406 4869,406 4959,406 5049,400 5138,400 5228,406 5318,406 5407,400 5497,400 5587,400"/>
               <TextEquiv>
                  <Unicode>Manuel'schen Mahnung! –</Unicode>
               </TextEquiv>
            </TextLine>
            <TextLine id="tr_1_tl_2" custom="readingOrder {index:1;}">
               <Coords points="4106,591 4742,651 5542,579 5741,683 5874,607 6439,670 6436,556 6364,534 5722,560 5520,446 5090,522 4713,443 4103,481"/>
               <Baseline points="4123,579 4212,579 4302,567 4391,573 4481,567 4571,567 4660,567 4750,561 4840,567 4929,567 5019,567 5109,573 5198,573 5288,573 5377,573 5467,573 5557,579 5646,579 5736,585 5826,597 5915,603 6005,603 6094,615 6184,621 6274,633 6363,651 6447,663"/>
               <TextEquiv>
                  <Unicode>\p\Ist der schöne u. nette Emery noch da?</Unicode>
               </TextEquiv>
            </TextLine>
            <TextLine id="tr_1_tl_3" custom="readingOrder {index:2;}">
               <Coords points="4132,752 5599,718 5915,847 6104,756 6427,784 6326,654 6199,702 5232,594 4736,658 4467,594 4129,626"/>
               <Baseline points="4146,723 4236,723 4326,717 4415,705 4505,705 4595,699 4684,699 4774,699 4864,699 4953,705 5043,705 5132,711 5222,711 5312,711 5401,711 5491,717 5581,717 5670,723 5760,729 5849,734 5939,734 6029,740 6118,740 6208,746 6298,752 6387,770 6435,770"/>
               <TextEquiv>
                  <Unicode>In Paris wollte mir nichts Gescheites</Unicode>
               </TextEquiv>
            </TextLine>
            <TextLine id="tr_1_tl_4" custom="readingOrder {index:3;}">
               <Coords points="4129,926 4423,869 4710,907 4834,863 5017,936 5153,866 5229,891 5276,854 5352,901 5422,873 5425,740 4890,775 4815,733 4742,781 4559,705 4321,771 4132,762"/>
               <Baseline points="4146,860 4170,860 4260,860 4350,860 4439,860 4529,854 4619,848 4708,848 4798,842 4887,842 4977,848 5067,842 5156,848 5246,842 5336,848 5425,848"/>
               <TextEquiv>
                  <Unicode>für ihn einfallen ...\:p\</Unicode>
               </TextEquiv>
            </TextLine>
            <TextLine id="tr_1_tl_5" custom="readingOrder {index:4;}">
               <Coords points="4176,1100 4337,1031 5336,1024 5621,1113 6044,1027 6225,1097 6420,1046 6420,910 5997,977 5728,891 5510,986 5093,901 4587,986 4176,952"/>
               <Baseline points="4194,1015 4284,1021 4374,1021 4463,1027 4553,1021 4642,1021 4732,1015 4822,1015 4911,1015 5001,1009 5091,1009 5180,1015 5270,1015 5359,1015 5449,1021 5539,1021 5628,1021 5718,1021 5808,1021 5897,1021 5987,1021 6077,1027 6166,1027 6256,1039 6345,1033 6429,1033"/>
               <TextEquiv>
                  <Unicode>\p\Grüsse den sehr lieben Golo u. unser</Unicode>
               </TextEquiv>
            </TextLine>
            <TextLine id="tr_1_tl_6" custom="readingOrder {index:5;}">
               <Coords points="4249,1217 4587,1195 4824,1233 5055,1185 5289,1249 5668,1195 5668,1091 5456,1087 5273,1148 5074,1062 4925,1125 4701,1037 4419,1151 4249,1125"/>
               <Baseline points="4266,1183 4356,1177 4445,1177 4535,1177 4625,1177 4714,1177 4804,1177 4893,1177 4983,1177 5073,1177 5162,1177 5252,1177 5342,1177 5431,1177 5521,1177 5610,1183 5676,1189"/>
               <TextEquiv>
                  <Unicode>würdeloses Persönchen –\:p\</Unicode>
               </TextEquiv>
            </TextLine>
            <TextLine id="tr_1_tl_7" custom="readingOrder {index:6;}">
               <Coords points="4242,1359 4951,1445 5197,1353 5428,1413 5842,1356 6604,1451 6784,1400 6784,1296 5981,1318 5589,1185 4698,1312 4239,1233"/>
               <Baseline points="4260,1344 4350,1344 4439,1344 4529,1344 4619,1344 4708,1350 4798,1350 4887,1344 4977,1350 5067,1344 5156,1344 5246,1344 5336,1344 5425,1344 5515,1344 5604,1344 5694,1350 5784,1350 5873,1356 5963,1362 6053,1362 6142,1368 6232,1368 6322,1368 6411,1374 6501,1380 6590,1386 6680,1392 6770,1392 6788,1392"/>
               <TextEquiv>
                  <Unicode>\p\Beruhige gelegentlich die Theres à mon égard, –</Unicode>
               </TextEquiv>
            </TextLine>
            <TextLine id="tr_1_tl_8" custom="readingOrder {index:7;}">
               <Coords points="4296,1568 5738,1502 6512,1590 6569,1521 6386,1419 6225,1464 5646,1366 5311,1464 4293,1419"/>
               <Baseline points="4314,1511 4403,1505 4493,1505 4583,1505 4672,1499 4762,1505 4852,1505 4941,1505 5031,1505 5120,1505 5210,1505 5300,1499 5389,1499 5479,1499 5569,1499 5658,1499 5748,1499 5838,1505 5927,1511 6017,1517 6106,1517 6196,1523 6286,1529 6375,1535 6465,1541 6555,1553 6578,1547"/>
               <TextEquiv>
                  <Unicode>ich weiss nicht ob ich mich noch zum</Unicode>
               </TextEquiv>
            </TextLine>
            <TextLine id="tr_1_tl_9" custom="readingOrder {index:8;}">
               <Coords points="4283,1754 4502,1754 4615,1691 4767,1761 5140,1682 5823,1726 5823,1593 5706,1558 4283,1574"/>
               <Baseline points="4302,1679 4391,1679 4481,1673 4571,1673 4660,1673 4750,1673 4840,1673 4929,1673 5019,1673 5109,1673 5198,1673 5288,1673 5377,1673 5467,1673 5557,1679 5646,1685 5736,1685 5826,1679 5832,1679"/>
               <TextEquiv>
                  <Unicode>Schreiben an sie aufraffe –\:p\</Unicode>
               </TextEquiv>
            </TextLine>
            <TextLine id="tr_1_tl_10" custom="readingOrder {index:9;}">
               <Coords points="4767,1941 5488,1941 5728,1982 5839,1941 5836,1868 5655,1868 5529,1796 5175,1852 4764,1856"/>
               <Baseline points="4786,1912 4875,1912 4965,1918 5055,1918 5144,1924 5234,1924 5324,1930 5413,1930 5503,1930 5593,1936 5682,1936 5772,1936 5843,1930"/>
               <TextEquiv>
                  <Unicode>u. sei versichert</Unicode>
               </TextEquiv>
            </TextLine>
            <TextLine id="tr_1_tl_11" custom="readingOrder {index:10;}">
               <Coords points="5539,2165 5589,2175 5618,2146 5649,2156 5735,2131 5798,2156 5820,2140 5889,2162 5918,2150 5994,2184 5994,2030 5937,2042 5877,2004 5820,2033 5716,2045 5637,2017 5573,2030 5539,2017"/>
               <Baseline points="5557,2121 5646,2115 5736,2115 5826,2115 5915,2115 5999,2121"/>
               <TextEquiv>
                  <Unicode>Deiner</Unicode>
               </TextEquiv>
            </TextLine>
            <TextLine id="tr_1_tl_12" custom="readingOrder {index:11;}">
               <Coords points="6032,2444 6063,2431 6139,2440 6158,2422 6183,2428 6199,2406 6221,2418 6269,2371 6357,2384 6338,2200 6300,2210 6269,2197 6212,2257 6180,2241 6114,2273 6054,2248 6016,2267"/>
               <Baseline points="6041,2336 6130,2348 6220,2354 6310,2360 6363,2372"/>
               <TextEquiv>
                  <Unicode>Miro</Unicode>
               </TextEquiv>
            </TextLine>
         </TextRegion>
      </Page>
   </PcGts>
</validation-wrapper>
