3526 4510
1602 231 2276 393 Sils‐Baselgia, 11. Juni
839 809 1503 965 Lieber Herr Kübler,
552 942 2997 1041 \p\Sie können sich denken, dass ich mich enorm gefreut habe über die amerika¬
555 1008 3006 1110 nische Publikation: so grosszügig und geschlossen, so gut verteilt der Text
552 1097 2977 1196 ausreichend die Bilder in die Augen springend, – und dies alles, obwohl, wie
558 1156 2954 1269 ich weiss, Sie mit der Arbeit in dieser Form nicht restlos einverstanden
558 1242 1249 1341 waren. Vielen Dank...\:p\
558 1239 2970 1407 \p\Und nun Jhr Brief. Jch war sehr bestürzt darüber. Jch wollte ja von Malans
552 1361 3096 1490 aus unbedingt nach Zürich, teils wegen des Vortrags, teils um Sie zu sprechen,
562 1424 3043 1536 aber der Arzt hat es mir radikal verboten, und als ich versuchte, auf meinen
562 1480 3112 1599 Beinen zu stehen, einen Brief zu schreiben, eine Konversation zu führen, musste
568 1566 3135 1665 ich zugeben, dass alles noch sehr mühsam sei. Also wurde ich gleich hier herauf
568 1649 3139 1744 verfrachtet, und soll nun frische Luft atmen, sonst nichts. Aber das bekommt mir
568 1705 3178 1830 nicht (wohl die frische Luft – nicht aber das Untätig sein) und deshalb hat mich
565 1784 3172 1883 Jhr sanfter Vorwurf sehr getroffen. Trotzdem – es bleibt ja nichts anderes übrig,
562 1870 3148 1956 als dass ich mich diese nächsten Wochen bescheide, die Saladin‐Biographie muss
568 1919 3049 2029 auch geschrieben werden, – ich fürchte nur, dass ich dann im September wieder
572 1982 3106 2098 ausbrechen werde, in die fernen Erdteile, und das ist es nicht, was Sie wollen.
568 2065 3182 2194 Was Sie schreiben – an Vorschlägen, – beweist ja dass es in der Schweiz Mancherlei
568 2147 3026 2243 zu tun gäbe. Ich frage mich nur, ob es genügen würde, um mein Hierbleiben zu
578 2233 1070 2329 rechtfertigen.\:p\
575 2227 3218 2389 \p\Anders steht es mit Jhrer anderen Andeutung: dass ich allzu verhaftet und befan¬
730 2359 3185 2458 gen sei in der politisch‐sozialen Sphäre und Betrachtungsweise. Nehmen wir
568 2412 3188 2527 Mexiko als Beispiel: da hat Helene Fischer sehr schöne Sachen photographiert, so
575 2488 3155 2593 unbelasteten Gemüts wie ich das niemals könnte. Jnzwischen vollzieht sich dort
601 2557 3092 2663 symbolisiert durch die internationalen Oelkonzessionen – der grosse Kampf um
575 2636 3162 2729 die Erneuerung der Staats‐ und Gesellschaftsform. Jeder Jndianer und Gaucho den
581 2702 3135 2808 Frl. Fischer dort photographiert hat, ist von der Revolution mitbetroffen, – und
585 2759 3162 2901 lebt ganz und gar nicht nur in der romantischen Sphäre der Religionsfeste, und
575 2835 3135 2973 die Libellen‐Segel der Fischerboote sind auch nicht bloss schön und anmutig,
585 2891 3218 3033 sondern ein Teil des täglichen Daseinskampfes. Würden Sie nun von einem Reporter
588 2993 3066 3082 der dorthin reist, erwarten, dass er die politisch‐soziale Betrachtungsweise
581 3059 3234 3165 negiert und ausser Acht lässt? Kann man zwischen dem Menschlich‐Privaten und den
591 3125 3195 3244 "offizielleren" Geschehnissen eine Grenze ziehen? Jch kann es nicht, – und deshalb
591 3188 3030 3300 verstehe ich – um ganz ehrlich zu sein – nicht genau, was Sie meinen. Genau das
591 3254 3185 3383 Gleiche gilt natürlich für die Schweiz, und für jeden Ecken des brennenden Erd¬
588 3363 806 3466 balls.\:p\
588 3347 3135 3522 \p\Kommen wir zu einem praktischen Ende: wenn ich im Verlauf des Sommers irgend¬
595 3485 3072 3588 welche Aufträge für Sie machen kann, so bin ich dazu freudig bereit. Ab Ende
595 3548 3205 3661 dieses Monats – denn bis dahin habe ich mit dem Saladin zu tun. Es wäre mir sogar
591 3614 3079 3740 besonders lieb, wenn ich \g\vor\:g\ einer neuen grösseren Unternehmung etwas mit
591 3667 3135 3806 Jhnen arbeiten und besprechen könnte, – um besser zu wissen, was und wie Sie es
588 3793 1074 3895 haben wollen. –\:p\
595 3822 2940 3968 \p\Wann fahren Sie ins Wallis? Für wie lange? – Grüssen Sie bitte Jhre Frau –\:p\
1867 3955 2247 4074 Stets Ihre [Unterschrift handschriftlich hinzugefügt]
2121 4040 2914 4212 Annemarie Clark
