3503 4637
1832 324 2529 509 [Handschr. Unterschreichungen und handschriftliches Einfügen von Satzzeichen] Bocken, 19. Okt. 25.
889 698 1719 906 Lieber Herr Pfarrer!
737 876 3105 1111 Sie entschuldigen, dass ich so prosaisch mit Schreibmaschine
701 1071 3151 1253 schreibe, aber ich habe meune[sic]  Feder verloren und mit Bleistift
608 1190 2215 1369 ist es so mühsam und noch weniger schön –
602 1299 3019 1458 Ich danke Jhnen vielmals für Jhren Brief und für die Kritik –
608 1438 2992 1637 Es ist merkwürdig, dass ausser Jhnen niemand das in meinen
612 1574 3072 1775 Schriften versteht, was mir Freude macht. Die Art, den Klang – die
615 1699 3128 1898 Schönheit des Wortes. Jch schreibe fast nie einer Jdee zu Liebe,
615 1825 3134 2023 sondern ein irgendwann aufgetauchter Gedanke ist nur die Grund¬
608 1987 2995 2176 lage und gibt mir die Mittel, schreiben zu dürfen. Der Jnhalt
625 2096 2956 2281 ergibt sich von selbst, aber zu schreiben, zu formen – langsam
605 2225 3121 2390 gleichsam musizierend zu schreiben, das gibt mir ein unge¬
602 2384 3151 2543 heures Glücksgefühl. Dann kritisieren aber alle den Jnhalt, sagen
615 2503 3042 2695 er sei nicht wertvoll, oder nicht ausgefeilt, oder ganz Hüscbh[hübsch]
615 2665 3035 2794 – und ich verstehe dann nichts mehr von meinem eigenen Werk
635 2797 3085 2992 (denn das ist es wenn auch nur ein Anfang dazu) – und es belei¬
608 2900 3138 3095 digt oder vielmehr enttäuscht mich, wenn man an irgend einem Satz
618 3032 3048 3234 vorüber geht ohne das, was für mich Kunst daran ist, zu sehen. –
608 3207 3068 3359 Jch kenne leider Max Wydler noch nicht. Aber ich werde ihm das
602 3303 3098 3528 Stück schicken – es wunderte mich schon, dass er den Gawan nahm. –
608 3432 3263 3627 Am 22. ist die Hochzeit meiner Schwester – ich weiss noch gar nicht
608 3554 3068 3720 wann ich kommen kann, und ob Rudi und Basti mit kommenn. Gestern
583 504 3049 744 bin ich am Reiner Hügel von weitem vorbei gefahren Sie können
579 744 3003 889 sich denken mit welchem Heimweh. – Ich bin nun sicher dass ich
579 836 3003 1017 vor dem Führertag schon fort muss. Warum haben wir eigentlich
573 975 2835 1152 nie über die Freiheit gesprochen –– die äussere meine ich –
125 1057 431 1248 an die
566 1139 3042 1314 ich glaube alle Enttäuschung kommt daraus. Früher glaubte ich
125 1175 606 1320 Enttäuschung
533 1241 3003 1429 S[s handschriftlich hinzugefügt]gar nicht an [an die Enttäuschung] sie, jetzt wohl, aber es scheint mir, als liege es
570 1353 3125 1524 nicht an uns jungen, sondern an falschen Gesetzen. Jch habe trotz
566 1511 3154 1702 so vielem, noch nicht gelernt, mich schlecht oder auch nur schwach
576 1643 2960 1834 zu fühlen. Mit dem Verstande wohl, aber das Gefühl lässt sich
566 1758 3105 1995 mit allem Verstand nicht belügen. Darum sage ich sogar, ich sei
576 1910 1343 2078 eigentlich ehrlich.
553 2002 3154 2245 Ich habe das Buch gelesen, dass Sie Mama schickten. Jch habe nicht
570 2166 3187 2380 gedacht, dass mir etwas Gutes und Reines s o Eindruck machen kann.
556 2344 2957 2499 Es ist wundervoll. Leben Sie wohl, ich habe eigentlich keinen
563 2443 3065 2608 Zeit, Briefe zu schreiben. Eine Frage noch: Warum lieben mich so
573 2601 3098 2739 viele erwachsene Menschen, und bieten mir in gütigen Briefen ihr
573 2729 3128 2920 Vertrauen und ihre Freundschaft an – ich darf es ja nicht nehmen,
560 2855 3207 3029 weil man nicht viele Menschen zugleich lieben soll wie ich es tue –
553 2993 3029 3177 Und warum kann dann eine einzige Frau – die ich vielleicht am
543 3111 3164 3260 meisten liebe – (nicht mit dem Verstand) solches Unglück anrichten.
553 3237 3184 3427 Warum sagtman [sic] "Sünde" von sinnlicher Liebe, die einmal hervorbrechen
556 3368 853 3539 kann?
902 3375 1906 3582 Herzlich grüsst Sie Jhre
1939 3609 2483 3823 Annemarie [hand]
