5610 7174
3264 391 5020 694 Teheran 3. April [1934] [hs. Ergänzung auf Quelle]
3260 584 4809 887 Deutsche Gesandtschaft
1186 1972 4837 2262 Mein lieben Klaus, es könnte ja sein, dass wir uns
1214 2225 4860 2464 in zwei Wochen dort wiedersehen, wo dann die
1200 2414 4860 2717 Mühle gerade gastiert, den[n] was auch Prag oder
1195 2565 4887 2906 Pest [Budapest?] der Leuten bedeuten mögen – mir doch nur
1214 2745 4745 3113 jene ersten europäischen Bretter, nach sovielen
1205 2998 4878 3306 orientalischen Kapitalen! Ich konnte leider die
1168 3209 4666 3476 letzte Num[m]er der "Sammlung" noch nicht zu
1131 3421 4777 3696 lesen bekommen, die deutschem Buchläden hier
1209 3664 4749 3995 haben mehr Nazi-Literatur u. wenig anderes
1200 3848 4685 4193 zu bieten – Aber in Baghdad werde ich sie,
1200 4064 4478 4395 samt meiner eigenen N.Z.Z. – u. Basler-
1218 4230 4547 4607 Aufsätzschen, wohl vorfinden! – Es wird jetzt
1186 4478 4689 4818 schon heiss u. ich trage den Tropenhelm gern
1205 4712 4639 5062 u. mit Anstand — obwohl er ja ein ziemlich
1182 4979 4768 5319 gleichmacherisches, uniformierendes Kleidungs¬
1209 5195 4745 5517 stück ist. In 4 Tagen bin ich schon ganz
1264 5439 4630 5728 im Süden (ich packe gerade) in Persepolis
1232 5660 4450 6037 u. am heissen persischen Golf wo die
1246 5958 4579 6230 Portugiesen vor dreihundert Jahren soviel
1260 6161 4602 6519 Not erlitten haben, u. auch die Flotte
1251 6446 4685 6791 des Alexander. Ich fand kürzlich eine
1356 836 4576 1243 Münze mit seinem Antlitz u. einem so
1407 1172 4469 1437 anmutigen Epheben u. Falkenträger, dass
1447 1442 4734 1717 ich mich entschied, sie Dir mitzubringen. –
1233 1616 4734 2008 Ja, im Übrigen kann ich gerade aus Rage,
1340 1896 4933 2217 einer grossen Stadtruine welche die Mongolen
1315 2176 4704 2436 im 13. Jahrhundert übrig liessen – u. wo
1238 2360 5071 2767 nun die Amerikaner unter Leitung von Dr. Erich
1249 2635 4852 3007 Schmidt, einem sehr reizenden Man[n], ausgraben.
1284 2890 4954 3323 Mir scheint, ich habe mich fast entschlossen,
1264 3226 5045 3547 dort im Herbst 3 Monate zu arbeiten. Wundert
1254 3450 5208 3761 es Dich sehr? Aber, wenn es auch noch besprochen
1335 3654 5346 4092 u. mit Euch erwogen sein will: Ich kan[n], wen[n] ich
1243 3848 5351 4306 an Europa denke, nichts finden was mich dort hielte
1305 4133 5377 4531 oder mir auch nur recht erträglich schiene, — ausser
1340 4383 5010 4775 unseren Som[m]erfreuden u. Ettlichem, was wir
1274 4587 5081 5005 etwa gemeinsam tun kön[n]ten. Daran allerdings
1269 4852 5163 5224 halte ich fest — aber, wie Du der "Sammlung" viel
1243 5137 5117 5550 Zeit u. Arbeit widmest, so meine ich, ich muss
1243 5412 5106 5784 auch meine Arbeit finden. Ich würde in Rage
1187 5698 5208 6003 hauptsächlich Schädel messen u. die Absurdität
1233 5896 4770 6212 der deutschen Rassen-Jdioten an iranischen
1274 6172 4790 6467 Beispielen Kund tun, das allein kom[m]t mir
1279 6452 2609 6778 verführerisch vor.
1249 798 4450 1120 Aber nun war es gar nicht die Absicht,
1262 1095 4622 1387 Dir schon meine noch ungewissen Pläne
1262 1371 4459 1634 mitzuteilen, wir wollen es doch lieber
1329 1638 4321 1880 besprechen? Und Du bist ja auch
1337 1977 4396 2211 dabei ein Buch zu schreiben [Flucht in den Norden]... ich
1358 2173 4484 2562 bin fast zu gespannt darauf. Adieu
1291 2449 4459 2825 Kläuschen – ist das Kind noch da u.
1337 2683 4388 3009 wird es im Sommer mit uns sein?
1275 2908 4312 3297 Ja, nun bin ich schon fast wieder
1304 3268 2261 3519 zu Hause –
1329 3402 4622 3907 Grüsse Freunde Landshoff, den geschützten –
1304 3748 3987 4062 u. lass Dich bald umarmen von
3464 4074 3920 4475 Miro
