3539 4511
2180 208 3045 549 [Unterstreichungen] Fetan 1925 [nachträgl. mit Bleistift]
524 539 1788 830 Lieber Herr Pfarrer!
435 761 3246 1034 Es ist Son[tag – es ist unendlich schön,
452 948 2004 1199 hier Son[tag zu haben.
456 1092 2966 1368 Ich begeistere meine Kameradin[en,
449 1243 3042 1559 für den Wandervogel, für den Reiner
467 1433 3020 1666 Hügel u. für Sie. Ich habe soviel
474 1595 3157 1857 Erfolg, dass alle Sie unbekanter Weise
470 1745 3117 2036 grüssen lassen. Ich mochte einmal alle
445 1982 3071 2223 Menschen für das begeistern können,
463 2137 3325 2406 was ich will. Ich möchte Grieche gewesen,
503 2345 3135 2564 sein, dan[ hätte ich gesprochen wie
503 2535 3387 2737 Demosthenes. Gestern hat mich das schönste
499 2658 3372 2902 Mädchen des Instituts "verabschieden" wollen.
488 2833 3160 3110 Weil sie weiss, dass ich befreundet bin
485 3056 2981 3304 mit dem einzig bedeutenden, einzig
528 3214 3279 3412 starken Mädchen hier. Es war merk¬
560 3343 3369 3627 wurdig – ich opferte eine Stunde,  – u. stand
593 3537 3322 3800 an einen Tisch gelehnt – Zuerst machte sie
621 3774 2988 4011 mir Vorwürfe. Nach 10 Minuten
585 3932 3250 4166 wusste sie nichts mehr. Nun lachten
358 162 3217 407 wir beide. Manchmal sagte sie: "Aber alle
369 334 3024 541 wollen, dass ich Dich verabschiede. Und
386 509 3217 727 womöglich denkst Du dan[, du seist un¬
457 664 3277 934 widerstehlich" – Sehen Sie, Mady gegen¬
492 801 3116 1092 über "unwiderstehlich" zu sein, ist leicht
513 962 3158 1219 Aber ich möchte anders stark sein. Was
499 1152 3035 1391 nützt mir die Zuneigung all dieser
527 1303 3182 1588 Leute. "Unwiderstehlich" widert mich an.
527 1465 2940 1756 Ich möchte andere Macht haben.
488 1637 3049 1911 Mandimal, wenn ich schon morgens 6
537 1798 3140 2023 Uhr Mathematik lerne, u. abends
548 1992 3168 2220 nach 11 Uhr über Alexander lese,
509 2146 3267 2374 denke ich, man müsse zur Kraft gelan¬
516 2308 917 2515 gen.
987 2308 3372 2571 Übrigens ist Dr. Lüthy jetzt wirklich
551 2466 3052 2708 fein – der einzige Mensch, der uns
551 2599 3263 2866 anfassen kan[, ohne uns die Freude
576 2785 3158 3035 zu nehmen.) Wissen Sie, ich bin
506 2972 3179 3207 doch zu weit, um als Schulkind be¬
534 3112 2908 3421 handelt zu werden. Wen[ man nur
566 3330 3189 3555 Vorwürfe macht über etwas was nicht
611 3449 3224 3748 gut gearbeitet ist, so nimmt mir das
622 3653 3098 3899 soviel Kraft. Ich habe letzthin
660 3843 3105 4120 eingach die Nerven verloren — lag
525 174 631 314 II.
604 211 3183 512 in der Pause bei Hoheit in einem
594 440 3029 679 Liegestuhl u. habe geweint wie ein
590 583 3077 849 Kind. Hoheit ist nämlich ein sehr
539 836 1965 1071 sehr gütiger Mensch.
580 890 3207 1214 Aber dann kommt ein Augenblick, da
577 1115 3200 1399 bricht unsere ganze Lebensfreude so
594 1283 3179 1600 fiebelnd hervor - z. B. gestern kam
614 1457 3237 1736 ich mit sehr müde aus dem Stu¬
597 1675 3176 1927 diensaal, es war 7 Uhr. Da saß
570 1849 3077 2105 jemand am Flügel in der Aula,
1433 2142 1518 2210 de
573 1985 3377 2330 u. plötzlich tanzten alle - verbotener
597 2139 3319 2483 Weise. Ich ergriff Mady u. tanzte
594 2367 3336 2623 mit. Nur 2 Minuten. Es ist selt¬
583 2541 3224 2749 sam, aber solche Augenblicke wiegen
611 2702 3121 3002 unendlich viel Arbeit u. Mühe auf.
614 2883 3002 3176 So dass man wirklich glücklich ist
645 3152 938 3326 hier!
1040 3169 3363 3514 Herzliche Gruße - dem Reiner Hügel
1787 3582 2811 3851 Ihre An[emarie.
2089 390 3077 551 [Mit Bleistift von fremder Hand, schwer zu lesen] Freude darüber, EllaAls Du Deel
2108 505 3329 703 Mutter Berge Arbeit glücklich
2100 668 3244 894 füllst. Arbeit kan[ selbst zum
2083 847 2804 1041 Sonnentag werden.
2106 1013 3319 1199 Bezusterung, der viel mitgelegt
2102 1177 3186 1329 Dunordhenen. Du best mit je
2096 1313 3322 1484 neulich die Red d dauert einmal
2092 1463 3348 1665 vorzunehmen; von ihn zu benau¬
2138 1687 3017 1894 ReinIII1926 Program
2197 1861 2894 2049 Mitsche mit Pfarr
2437 2019 2797 2155 Egln vil
