1947 1300
1100 177 1465 274 VILLA FAVORITA
1135 248 1580 347 CASTAGNOLA (TESSIN)
1402 306 1618 388 TEL. 27 90
335 399 1832 531 Lieber Claude, mon ami chéri! Du musst einen sehr
341 483 1772 596 schlechten Eindruck von mir haben: wüsstest Du
339 583 1785 682 wie ungern ich selbst meine Pläne beständig
332 630 1830 757 wechsle, wie ich mich nach nichts als Ruhe sehne,
347 697 1763 844 Du würdest es verzeihen! – – Noch sind wir
358 779 1769 924 nicht so weit ruhig an einen Ort bleiben,
349 857 1726 1019 unsere Kräfte und Talente konzentrieren zu
328 949 585 1047 dürfen...
347 1008 1737 1183 Ich telephonierte gestern Nacht mit Erika:
200 118 1674 222 Wolfgang Hellmert, einer unserer liebsten und
206 169 1845 290 begabtesten jungen Freunde ist plötzlich gestorben.
208 245 1757 371 Klaus ist sehr unglücklich – ich glaube, es ist
216 326 1778 453 richtig u. nötig, wen] ich jetzt ihn u. Erika sehe,
228 410 1796 532 u. fahr deshalb nach Amsterdam: und sofort,
236 493 1827 632 den] am 11. halte ich in Zürich im Lyzeum - Club
228 581 681 716 eine Vorlesung.
230 636 1792 775 - Nachher, circa 15. Juni, will ich dan] irgendwo weg
267 740 1772 877 fahren, wahrscheinlich wieder zu Erika oder
259 834 1833 968 nach Gastein, u. Schreiben. Claude: ich ahne nicht
255 893 1800 1013 ob u. wie leicht Du Urlaub bekom]en, einmal - (etwa
253 972 1684 1103 zwischen 11. u. 15.?) nach Zürich kom]en könntest -
245 1072 1839 1152 bitte schreibe mir einmal genau wie es mit Dir ist!
226 1113 1672 1195 (nach Bocken) - Amour et amitié - An]emarie
435 479 1421 610 # Lieutnant Bourdet
664 621 1430 744 12, Place St. Claire
1082 705 1347 802 S. R. A.
894 756 1296 922 Grenoble
905 907 1525 1086 Camp de Mailly
236 954 506 1113 France
1470 1064 1713 1212 (Aube) [29.V.34 Castagno]
