3539 4502
2178 226 2595 445 12.II.26
508 501 2912 783 Ich muss Ihnen heute einen Brief
581 699 3232 964 schreiben, nicht aus besti[mten Gründen.
494 870 3253 1131 Aber als ich vorhin übte, wusste ich Sie so
518 1030 3096 1315 furchtbar viel zu fragen - allerdings jetzt,
459 1183 3141 1444 da ich im Bett liege mit Hefter u.
522 1325 3315 1600 Büchern vor mir – weiss ich nichts mehr.
484 1489 3180 1771 Etwas nur noch: Ist es nicht, so, dass
525 1638 3082 1997 nur leidvolle Menschen Prof. sein
504 1795 3294 2101 können? Ich meine nicht äusserlich un-
522 1959 3263 2338 glückliche, sondern solche, die mit dem
550 2136 2665 2459 inneren heiligen Leben ringen?
529 2258 3253 2588 ]p] Ich habe mir dies schon so oft überlegt
553 2425 3357 2797 hier. Denn hier arbeite ich ja nur, habe
522 2595 3319 2894 also nicht viel Zeit, nachzudenken, ob ich
515 2849 2129 3127 glücklich bin oder nicht.
623 2908 3287 3218 Marian[e u. ich sagen uns im[er wieder:
532 3054 3239 3357 Wir sind glücklich. Viel glücklicher als
546 3242 3312 3514 alle. Weil wir uns gegensche zur Arbeit
546 3367 2658 3687 bringen, u. weil wir uns haben.
539 3531 3277 3844 [p Wirklich, es gibt keine Müdigkeit für
536 3712 3294 3924 uns. Wen[ ich Abends manchmal beinahe
546 3847 3263 4178 umfalle u. nichts wünsche als endlich
539 4042 3249 4331 zu schlafen, so sagt sie mir nur:
445 153 3338 528 "Lässest du Dich durch eine solche Kleinigkeit
496 343 3345 649 schon besiegen" es ist unmögled, dan[
448 572 1731 831 schlafen zu wollen.
434 645 3345 929 Aber es ist so seltsam, dass sie, wen[ sie
452 849 3243 1151 ganz strahlend glücklich ist, mich zur
404 1046 1519 1348 Verzweiflung treibt.
412 1108 3309 1428 Im[er wenn ich lachen [as] will, so befällt mich
415 1315 3341 1603 ein massloses Elend. Ich habe keinen Grund
426 1450 3265 1742 dazu – (sagt man) – ich müsste glücklich
445 1600 3309 1902 sein, “weil ich rasch vorwärts kom[e, weil alle
437 1756 3232 2040 feinen u. bedeutenden Leute meine Freunde
470 1898 3261 2190 sind" – Hören -Sie, hängt davon Glück
448 2077 3053 2339 ab? Es macht das Leben erträglich.
474 2252 3254 2507 Aber alle gehen in 5 Wochen fort. sogar
521 2401 3155 2645 Dr. Lüthy. Wen[ ich mir das vorstelle,
455 2536 2933 2842 darf ich überhaupt nicht mehr denken.
506 2729 1975 2948 Es ist so grausam [as]–
532 2842 3024 3104 Aber ich wollte ja von etwas anderem
572 3032 1177 3250 schreiben.
525 3046 3159 3400 Ich weiss jetzt, an was das Leidvolle
619 3298 2868 3575 eines denkenden Menschen liegt:
605 3513 2999 3786 Er weiss, dass er nicht mehr rein
649 3720 3061 4026 ist. Oder gibt es reine [as doppelt unterstrchen] Menschen?
505 394 644 436 II
849 312 3215 573 Ich meine: Bewusst [as] rein zu sein.
559 537 3255 791 Manchmal weiss ich, wie nutzlos es ist,
584 729 2979 969 i[mer zu lernen, sich zu überwinden –
552 896 3266 1161 ich möchte ja nichts anderes als wan¬
504 1056 3299 1299 dern – durch[durchgestrichen] von Welt zu Welt, u. nicht
512 1223 3262 1531 aufhören, bis ich endlich Gottes Verzeih-
512 1386 3273 1706 ung erlange u. die Quelle der Reinheit
581 1571 3299 1887 finde. Ich habe mich noch nie so nach
461 1727 3240 2087 etwas gesehnt wie nach diesem heiligen
494 1909 3335 2210 Wasser. Aber man findet es ja nicht.
457 2094 3240 2359 Ein Freund schrieb mir vor wenigen Tagen:
552 2264 3364 2540 "Dites-moi, chez vous la haut dans les montagnes,
555 2413 3139 2725 ne pouvez-vous pas trouver l’herbe de
512 2605 3288 2841 l’oubli et de la renaissance et me l’envoyer?"
450 2776 3367 3026 Der sucht es auch – aber er denkt, ich verstehe
501 2921 3259 3201 nicht, dass man sich darnach sehnt. Er
566 3106 3364 3411 schrieb mir auch früher : „Lachen Sie über
555 3277 1706 3520 das Wort Sünde?"
682 3451 3284 3672 M Ihr Erwachsenen, – nein – ich auch – wir alle
566 3665 3273 3919 leben ja unter dem Druck unserer Sünd-
533 3825 3309 4100 haftigkeit, u. man quält sich durch die
570 4017 2642 4329 Tage – auf Erlösung hoffend.
507 181 3227 411 Ich habe heute abend den Adagio Satz
489 351 2263 610 aus der Pathétique gespielt.
479 511 3220 734 Und es war mir, als verstände ich jeden
543 684 3309 915 Ton. Denn das ist das seltsame: Durch
472 879 3138 1153 diese unermessliche Traurigkeit fühle ich
500 1039 3167 1309 mich allen hier überlegen (ausgenommen
504 1220 1706 1415 vielleicht Marianne)
528 1372 3255 1667 Hören Sie, darf man Menschen verachten?[as]
532 1528 2383 1777 Ich kann oft nicht anders.
635 1695 3117 1919 Den[ es gibt, glaube ich, nur einen Weg,
596 1833 3064 2060 die Sünde zu überwinden: Den der
578 1972 3135 2266 Kraft. Ein starker Mensch ist gross,
550 2156 3206 2415 u. dan[ muss doch endlich, endlich die
546 2323 3156 2567 Sünde verschwinden! Jetzt verstehen Sie
479 2493 3333 2770 warum mein Brief so began[ – im Moment
543 2660 3298 2947 da ich glücklich bin, bin ich klein wie alle,
482 2802 3103 3089 u. das ertrage ich nicht. Darum will ich
564 2950 3294 3287 Grösse, [as] u. leidvolle Grösse. Ich denke
571 3138 3323 3387 im[er wieder an Beethoven, kein Mensch litt
596 3337 3245 3521 so wie er – u. doch schrieb er den Jubel
610 3490 1752 3727 der 9. Sinfonie!
610 3642 2844 3947 Ich will jetzt arbeiten. Es ist spaṭ
684 3791 3305 4114 geworden – aber es tut gut, ein Teilchen
777 3975 3206 4259 seiner vielen Gedanken auf zu schreiben.
1933 4188 2908 4362 Ihre An[emarie
