3593 4547
843 516 1919 740 Ma chère Jacqueline –
790 675 2444 936 Non, je n'en pas flirté hier. Mais
821 855 3281 1126 pourquoi vous i [sic] tenez? J'ai trouvé
809 1054 3219 1244 votre lettre en rentrant vers 7h du
765 1204 3082 1468 matin. Merci – vous êtes si gentille
746 1396 1574 1602 de m'l'écrire.
734 1490 3010 1819 Depuis Jeudi je n'ai rien fait
827 1701 3110 1981 qu'écrire. Au moins 50 pages. Mal¬
774 1916 3275 2133 heureusement en Allemand, parceque
865 2068 3340 2329 j'étais sûre que je n'aurais jamais
843 2314 3272 2535 le courage de vous demander de
812 2485 1340 2662 le lire.
765 2659 3088 2927 Depuis des que je peux me rappeler
945 2836 3231 3066 je n'en pas été si triste comme
840 3038 3141 3203 Jeudi soir en rentrant. Je sais
809 3163 3185 3424 très bien tout ce qui faisait si mal,
793 3371 3284 3611 mais je ne veux pas vous l'écrire,
824 3552 2305 3788 ça n'aide à rien. Mais voyez
840 3766 3256 3956 vous, c'était aussi, qu'au milieu
821 3931 3169 4174 du chemin j'ai pleuré comme
868 4099 2690 4357 un gossie, et malgré moi. Et
607 282 2992 581 depuis, je fais rien que serrer
630 518 1303 676 les dents.
623 656 2842 965 Je ne peux plus vous téléphoner,
656 886 2861 1135 Jacqueline, et j'ai pas le courage
637 1070 3045 1312 de vous voir. On m'a touf cassé
640 1237 1746 1473 dans les mains.
574 1450 3206 1732 Et vous m'avez dit qu'il ne fallait
699 1667 3012 1946 pas penser toujours de nouveau
689 1887 3006 2162 aux choses qui sont impossible.
584 2067 3075 2294 Au fond rien àa changée. Mais au
738 2297 3038 2563 moment ou je suis partie dans
768 2490 3147 2756 ma voiture, tout le vide de cette
748 2700 2937 2937 grande nuit est entré en moi,
824 2891 3232 3163 je ne peux plus m'en débarasser.
705 3094 2960 3373 Alors je pense: je pourrais vous
725 3262 2868 3554 téléphoner, entendu votre voix –
702 3475 3117 3800 Mais c'est tout à fait impossible.
2264 4128 2822 4298 An[emarie
