2380 1863
179 124 623 260 hotel jacob
308 237 899 351 et d'angleterre
349 343 730 422 44. rue jacob
458 404 625 491 paris
469 501 744 578 littré 87-91.
325 542 422 596 tél.
608 560 752 623 87-92
462 836 2044 1014 Mademoiselle Marian[n]e Breslauer
590 1057 1306 1185 Hôtel St. Peter
1185 1290 1550 1458 Zürich
1288 1558 1686 1732 Suisse
1166 268 1411 365 PARIS – 115
1224 348 1352 378 1530
1214 403 1392 435 2 · VI
1211 434 1371 519 1933
1116 406 1489 593 R. DES SAINTS-PERES
1501 232 2254 524 Paris Hotel Jacob
1511 453 3208 642 am 2.Juni (beinahe sollten wir in Dax sein)
705 652 3144 910 Ja, Marianne-heute sollst du also in meiner lieben umstritte¬
564 856 3140 1031 nen Vaterstadt einlaufen-samt dem Wagen. \g\Natürlich\:g\ ist es
564 981 3147 1182 gut gegangen, nun aber kein Wort mehr vom Schutzblech-ausser dass
554 1108 3144 1300 Du dem Muff einschärfst, dass eben die Versicherung und nicht ich
561 1243 3110 1407 es bezahle-und auch sonst dürfe die Rechnung nicht gross werden
558 1394 2425 1579 weil ja dem Wagen nichts Wichtiges fehle. Gell?
564 1511 3234 1713 Unsere Lillyagentin \g\hat\:g\ geschrieben,weiss Gott-und der Photomann
571 1656 3208 1864 sei zufrieden, ja angetan von den Bildern. Nur: Mehr Typen...ich ant¬
561 1783 3198 1995 wortete ihr dass die Typen beim Regenwetter in Mauselöchern säsen
571 1935 3191 2126 und wir hären (sic) ,auch in Loyola, eben unser Bestes getan. Im Uebrigen
564 2072 3097 2257 schreib ihr doch selbst noch. Paris ist natürlich ganz herrlich,
568 2180 2956 2358 und um die Zeitschrift wird gekämpft. Es wird wohl mit einem
571 2291 3147 2502 Versuch auf die Dauer eines Quartals enden, aber alles säuberlich
561 2489 3187 2650 festgelegt damit auch ich quasi gesichert bin.Die Voraussetzungen
558 2583 3181 2761 sind eben im Moment zu günstig, das stimmt schon-und einwenig Mut
554 2707 3187 2922 gehört auch dazu. Nun bespreche ich alles morgen noch mit dem Jean
571 2848 3036 3056 Schlumberger, und mit Verlegern der Klaus-dann wird man sehen.
601 3003 2999 3194 Wie geht es F. und Dir, Herzchen, schreib doch noch hierher. Und
571 3144 3171 3332 vielleicht rufst du doch meine Mutter mal an,erzählst tüchtig vom
571 3285 3265 3443 Wagenmalheur und von der Seriosität meiner Pariser Reise-Beweggrün¬
568 3402 3140 3550 de (von Manns tunlich nichts) und wie schön wir gearbeitet hätten,
561 3523 3211 3721 wahrheitsgemäss. Tel. Zürich 16924 169-aber nur wenns dir recht ist.
564 3668 3224 3819 Hat das Geld gelangt? Mir schon, aber knapp. Und adieu-es war \g\sehr\:g\
564 3792 2200 3977 schön, der Erfolg darf nicht ausbleiben ---
2153 3923 2455 4098 Deine
2173 4057 2727 4252 Annemarie
269 4104 1941 4316 P.S. Die Zeitschrift wird nur mit einem
450 4242 2045 4457 guten Verlag gemacht. Ev. in Holland.
