2838 3830
699 605 1430 736 Fermanieh, 14 Juin 35
745 907 2209 1107 Je voudrais bien avoir de tes nouvelles, Claude –
714 1036 2406 1237 Nous avons été si content du gentil télégramme
696 1124 2315 1306 de toi, Marika et Ida. Mais il y a longtemps
685 1242 2408 1444 de ça. J'ai l'impression d'être depuis très long¬
703 1275 2390 1506 temps en Perse. C'est peut-être parceque j'ai une
707 1401 2202 1581 vie régulière et calme, et que je travaille.
690 1481 2306 1683 J'écrits mes nouvelles, et mon manuscript sera
707 1568 2306 1758 fini en quinze jours ou avant. Je le trouve
699 1665 2313 1843 assez bien – tu sais, toujours dans une limite
676 1752 2322 1971 étroite, on voudrait faire mieux, et quelquefois
685 1845 2417 2067 ou sent qu'on a des possibilités. Mais il y a trop
670 1951 2308 2118 de choses qui empêchent – et je m'étonne
683 2056 2428 2233 que, à la fin, on fasse seulement quelquechose
690 2153 2402 2320 d'à peu près satisfaisant. Ce sera un livre sur
679 2237 2384 2419 la Syrie et sur la Perse, et ce sera triste, parceque
674 2317 2402 2488 je me sens triste ici. J'ai éc Ta tante n'aime
696 2437 2331 2603 non plus, la pauvre. J'ai écrit une très courte
681 2508 2337 2672 histoire qui s'appelle «... Fast dasselbe Leiden...»
685 2608 2311 2825 C'est sur ta tante et moi. Toutes les nouvelles
679 2732 2379 2903 sont ainsi: sur des Européens égarés dans ces
696 2827 1943 2987 pays. Ce sont des pays dangereux.
683 2940 2390 3107 J'aurais voulu que tu viennes ici cet été, avec
683 3031 2353 3211 Ida – ou en Septembre. Klaus Mann viendra en
654 3127 1362 3266 September, je pense.
679 3242 2426 3433 Il y a quelques gens gentils ici, mais voilà tout.
679 3317 2464 3537 Mes camarades de Rhey aussi. Il faut beaucoup
679 3433 1599 3590 de courage et de patience –
664 440 2284 647 Je crois du reste que je l'ai. Pas le courage, mais
664 579 1111 703 la patience.
686 667 2452 855 Nous parlons souvent de toi. Ton oncle et ta tante
677 777 2491 987 s'inquiètent quand tu te mariras. Comment va
657 889 870 984 Ida?
677 977 2486 1204 Il faudrait que je t'écrives sur beaucoup de choses.
669 1092 2396 1302 Sur notre voyage – par Urumia et Täbris – qui
667 1185 2418 1368 était fort intéressant – sur Farmanieh – sur
679 1295 2411 1490 Claude qui est un si bon ami – sur mes projets
662 1407 2565 1583 d'avenir. Je compte sur Sils. Erika y est maintenant.
635 1485 1971 1707 Je compte toujours sur toi, cher Claude.
554 2101 2472 2296 Il se peut qu'on l'envoie de Suisse une somme d'argent,
567 2206 2477 2474 au plus 600 frs Suisse – Je voudrais, que tu l'envoies
542 2308 2467 2660 simplement en mon nom à M. Friedrich Landshoff,
579 2413 2440 2699 Querido-Verlag, Keigersgraacht 333, Amsterdam –
569 2555 2538 2858 et que tu gardes en discrétion absolue, qui t’a envoyé
564 2653 2477 2933 l'argent, et à qui je t'ai demandé de l'envoyer.
554 2762 2486 3021 (Du reste je ne suis pas sûr si on t'enverra l'argent.)
611 2997 1329 3224 Ecrits bientôt, Claude.
1382 3217 1759 3402 Très à toi.
1700 3329 2049 3485 Annemarie
875 1472 1187 1600 via URSS
969 1802 1937 1971 Monsieur Claude Bourdet
1115 1971 1696 2099 47, Av. d'Iéna
1404 2126 1642 2257 Paris
797 2213 1051 2314 France
1095 2248 2273 2438 chez Mr Dr Fauconnet
1016 2364 1883 2509 2 Rue St. Ours
1159 2479 1620 2659 Genève
1689 2506 2106 2668 Suisse
