3656 4637
2858 532 3243 567 9. X. 29
1008 957 2375 1077 Ma chère Dominique –
990 1195 3136 1327 les bonbous sont arrivés, je ne
993 1356 3109 1518 connaissais pas le talent de toi,
945 1515 2172 1644 merci beaucoup!
895 1685 3231 1817 À propos George:  j'ai lu le "Stern des
1581 1861 3088 1984 Bundes" (mon frère le possède)
901 2058 3061 2184 et j'ai remarqué que beaucoup de
892 2213 3073 2357 passages que tu aimes, moi, je les
886 2416 2109 2548 aime autant – p. E.
1029 2595 3347 2751 "Die einen leben:  irdisch da – dort ewig" ... etc
838 2798 2530 2933 et "Schilt nicht Dein Leid” –
626 3001 3118 3136 Et j'aime de tout mon cœur les vers
647 3171 2509 3321 que tu m'as appris à lire:
942 3387 3506 3531 Von welchen Wundern läßt die Morgenerde.
895 3514 1802 3653 Morgendene –
740 3872 3237 4028 Du gehst also nicht nach Berlin. Ich
751 4033 3079 4207 habe lange darüber nach gedacht,
728 4203 2986 4377 den[ zuerst war ich enttäuscht:
280 4320 418 4475 1
743 401 3063 563 Du hast ja noch keinen Ersatz in
752 628 2896 772 Frankreich! Aber, in Hinsicht
758 831 3072 1005 auf Deinen Papa, begreife ich Dich
1543 1043 3054 1187 jetzt ganz, u. – da Vollmoeller
779 1276 3051 1408 so wenig empfohlen wird – fühle
800 1467 3108 1638 ich in dieser Beziehung ein Art
809 1643 1803 1784 ton Beruhigung.
650 1875 3046 2023 Ob Du Dein Examen bestehen wirst?
650 2076 1442 2217 Und wann?
722 2379 3248 2558 [space] Bitte schreibe mir den versprochenen Brief
665 2557 3176 2749 über Geschichte. Ich fange Montag an
710 2745 3326 2932 zu arbeiten, mit viel Mut u. Unter¬
650 2928 3421 3139 nehmungsfreude, aber ohne die wirkliche
671 3133 1887 3256 Freude am Stoff.
638 3318 3230 3543 Verzeihe den kurzen Brief , ich bin diese
710 3495 3347 3776 Tage im[er unterwegs um alle Professoren
719 3680 3317 3937 zu besuchen etc. Das Manuskript über
719 3889 3335 4146 Eisenstein habe ich leider nicht zurück
662 4067 1830 4221 bekom[en bis jetzt.
701 4267 3060 4346 Sehr viele liebe Gedanken von deiner
2714 4373 3153 4468 An[emarie
825 1229 2451 1295 Mademoiselle Schlumberger
1445 1654 2088 1709 Paris VII
1257 2077 2335 2115 7 Rue Las Cases
