5231 7300
751 492 1360 788 Bocken
725 693 1445 958 20. Okt.
900 1153 4968 1582 \p\– Es ist lieb von Dir dass Du aus brüder¬
873 1587 4630 1884 lichem Herzen die Pariser Novelle
884 1799 4752 2127 schön findest u. verstehst – dass der
857 1979 5016 2402 Junge kein Junge ist, begreife ich voll¬
884 2312 4990 2725 kom[m]en, aber d weil ich zu Änderungen
884 2513 4831 2815 mehr als untalentiert bin, lassen
868 2799 4783 3212 wir ihn lieber da er ja auf jeden
852 2958 3090 3397 Fall Charme besitzt –\:p\
810 3222 5043 3651 \p\ich glaube dass der Knabe Bernhard
862 3471 4752 3847 ein ähnlicher "Fall" werden wird,
788 3730 4736 4032 aber ich behandle ihn mit mehr
704 3921 4921 4328 Sorgfalt, ausserdem ist er kaum 17
709 4154 4662 4593 Jahre alt und ein typischer "jüngerer
725 4461 4889 4736 Bruder" – auch wird er mindestens keine
704 4725 4937 5090 Gelegenheit zu resignierter Haltung haben,
714 4953 4540 5297 welche in der Pariser Geschichte so
720 5154 4810 5551 verdächtig mädchenhaft ist, (und, wie
778 5360 4968 5767 gewisse Leute sagen, "pervers" – als ob sich
751 5678 4905 5984 ein so auspruchsvolles Wort so leicht¬
725 5820 3990 6244 sinnig gebraucht werden dürfte!)\:p\
693 6053 4857 6519 Sobald ich Zeit habe, berichte ich Dir
746 6318 4593 6646 einmal über Bernhard u. seine
693 6514 4958 7085 Freunde, sie liegen mir sehr am Herzen,
788 6741 4773 7138 aber ich muss die Stunden stehlen
741 306 4696 634 welche ich ihrem Schicksal widme – den[n]
704 553 4744 929 hier hat die Arbeit grossartig eingesetzt,
666 747 4803 1171 ausser Montag begin[n]e ich täglich um
666 1015 4857 1327 8 Uhr morgens, muss also samt Hansi
752 1198 4964 1601 um halb 8 zu Hause abfahren – mittags
677 1429 4975 1773 lassen wir uns von netten Leuten ein¬
639 1660 4862 2025 laden, um 2 Uhr geht es wieder los, u.
688 1913 4980 2262 einige Professoren machen uns die Freude
731 2138 5061 2514 abends bis 7h zu lesen. Eine empörende
666 2310 4986 2783 Angelegenheit, die zum Schwänzen heraus¬
645 2606 4830 3009 fordert. Öfters gelange ich aber schon
768 2874 4825 3261 um 5h nach Hause u. an meinen
715 3132 1854 3487 Schreibtisch –
655 3455 4873 3933 Ausserdem passiert furchtbar viel, z. B.
715 3718 4862 4115 mussten wir, die Buben u. ich, uns 3 X
747 3981 5039 4405 umziehen, weil die Infantin v. Spanien
736 4207 5029 4679 die ich begeisternd finde, samt Schwie¬
747 4416 4980 4857 germutter hier anrückte — ferner war
731 4701 4991 5077 schrechlich viel Hausbesuch von süssen
741 4835 4604 5276 Leuten da, Reitkollegen von Mama
768 5109 4867 5491 vor allem nämlich die international
736 5324 4916 5706 gepriesene, von uns allen gleichermassen
822 5491 4980 5985 geliebte An[n]elies Stoffel [vgl. https://uzb.swisscovery.slsp.ch/permalink/41SLSP_UZB/4ep765/alma990116126830205508] samt Schwester
811 5673 4851 6130 Marion Goldschmid Rothschild [recte: Marie-Anne von Goldschmidt-Rothschild] die wir
741 5915 4808 6323 mit viel Spannung erwarteten. Dazu war
715 6152 4900 6571 mir schon schlecht weil ich reiten sollte,
758 6356 4873 6855 u. natürlich fing es sehr gut, ohne
779 6528 4561 7006 Refus u. = andere Schrecknisse, u. ich
763 6807 5034 7194 bekam den 5. Preis u. errang wie man
825 307 4778 757 mir versichert grosse Sympathien nebst
810 603 4836 989 der Hoffnung auf zukünftige Siege, da
825 878 3577 1143 mein Talent verbürgt sei –
847 1069 5027 1460 \p\Ich platzte vor Stolz. Wichtiger ist der die
831 1302 5016 1698 Befriedigung meiner Eltern, ich merkte
868 1524 4990 1825 ordentlich, wie durch diese "Tat" meine
847 1725 5016 2106 Zugehörigkeit u. Fähigkeit zu der grossen
841 1974 4990 2360 Tradition der Familie festgestellt wurde –\:p\[vertical space]
757 2635 4619 2979 Heute kam eine Karte von Rut samt
783 2889 5043 3254 Wolfskehl, ausserdem [add above line: ist] Bericht von Praetorius
788 3143 5032 3471 da, er wird am 19. X. in der Universität
762 3386 4953 3714 sprechen. Der Vorschlag eines Abends von
836 3550 5037 3963 Klaus u. Dir ist mit Begeisterung an¬
862 3841 4778 4164 genommen, u. ich werde Dir morgen
862 4027 4931 4413 die offizielle Einladung schicken, so
841 4275 5016 4651 ich Zeit habe. Du wirst sie bitte Klaus
868 4545 4968 4857 samt freundlichem Zuspruch über¬
841 4773 4736 5117 geben. Gewünscht wird als Thema:
1101 4984 4730 5365 "Jüngste deutscher Dichtung" oder so
910 5238 4926 5640 ähnlich, mit Betonung auf "jüngste",
884 5498 4820 5826 unser Alter soll zu Worte kom[m]en,
894 5699 4762 5995 u. Du sollst nicht faul sein sondern
878 5937 4789 6286 eine Menge lesen, (willst Du nicht
857 6138 5064 6498 auch "Ruth" von mir lesen? Hier sollte
915 6376 5011 6678 ich es nämlich im November im Lyceum
884 6556 5074 6932 lesen, habe aber abgelehnt weil es zum
884 6746 5053 7122 übrigen Program[m] nicht geht u. ausserden
852 6926 5037 7207 gut gelesen werden muss, das kann ich nicht!)
787 433 4708 867 Falls der Vortrag erst im Dezember ist,
814 692 4597 988 Sollst zu mich bitte vorher einmal
782 1009 4909 1326 besuchen. Die Studentenschaft wird Dir
771 1136 5014 1553 Vorschuss zahlen damit Du reisen kan[n]st!
814 1437 4697 1823 Was hingegen die Gewöhnung meiner
867 1649 2753 2024 Mutter anbetrifft –
835 1923 4808 2224 \p\überhaupt möchte ich lieber zu Dir. Aber
808 2108 4893 2372 davon soll man nicht sprechen, glaube
830 2277 4692 2594 ich. Man soll überhaupt sehr mutig
803 2436 4708 2843 sein u. sehr fleissig. Letzteres bin ich
814 2748 4803 3075 aus überzeugtem Herzen, u. der Mut
798 2932 4977 3244 ist mindestens in ansteigender Kurve — wen[n]
808 3102 3577 3508 auch mit Unterbrechungen.\:p\
835 3345 4882 3762 \p\Wie lang bleibst Du denn in Berlin?
909 3619 4528 3958 Ich habe vieeel lieber Du bist in
861 3831 4856 4179 München, man spürt die räumliche
898 4005 5009 4470 Entfernung, u. in München kann ich
956 4227 4951 4634 Dir beinahe die Hand geben. Und
977 4465 4264 4924 Du hast doch so gute Hände.\:p\
872 4924 5072 5358 \p\In "Rundherum" steht Klaus mit einem
888 5178 4766 5564 Mann in Chicago auf der Strasse, der
898 5411 5025 5775 Mann heisst Amendt [vgl. Rundherum, Rowohlt 1982, S. 70 (Beginn des Kapitels 7 - mit Original abgleichen) - der Schauspieler Rudolf "Buschi" Amendt trafen EM und KM jedoch laut Text in Milwaukee, nicht in Chicago] – bis Du bei dem? [gemeint ist wohl, ob EM, die sich in Berlin aufhält, beim deutschen Schauspieler wohnt, der 1928 erstmals Gastspiele in den USA hatte und danach erst 1932 ganz übersiedelte. Schwarzenbach zeigt, hier, dass die Texte v. EM und KM relativ genau gelesen hat.]\:p\
814 5802 4740 6282 \p\Und jetzt werde ich weiterarbeiten, den[n]
808 6129 5046 6520 das trägt zum Gefühl der Menschenwürde
861 6372 1268 6610 bei.\:p\
941 6541 4988 6943 Adieu, schreibe rasch wenn Du Zeit hast u.
956 6853 5062 7086 auch sonst, den[n] ich kan[n] von Luft allein
909 6927 4977 7196 nicht leben, u. Ohne Dich nur ungern!
4872 7172 5103 7217 A.
