2410 3037
1591 244 2095 372 SUVRETTA HOUSE
1705 331 1985 410 ST. MORITZ
392 227 1341 379 Sils‐Baselgia, 31. August
272 489 2173 616 \p\Lieber Herr Kübler, – dies ist, zuerst, um Jhnen zu
270 601 2204 677 danken dass Sie die Uebersendung einer grösseren
275 667 2176 756 Summe, volle Schw. frs. 800.‐, veranlasst haben, und
275 730 1451 830 um den Empfang zu bestätigen.\:p\
270 794 2201 901 \p\Die Amerika‐Reise nimmt also feste Formen an. Die
275 868 2158 944 spanischen Pläne musste ich vorläufig aufgeben –
272 937 2280 1018 aus sehr stichhaltigen Gründen. Eine amerikanische
272 1000 2280 1079 Journalistin in London, deren Urteil Barbara Wright
275 1066 2092 1148 und ich für massgebend halten, schrieb uns: wir
272 1135 2095 1217 sollten unsere Nasen nicht hineinstecken (nach
272 1194 2204 1283 Spanien nämlich) – weil wir in der kurzen Zeit, die
275 1272 2207 1344 uns jetzt zur Verfügung steht, uns nicht genügend
275 1339 2194 1423 vorbereiten könnten. Die Aufgabe, in Spanien etwas
270 1397 2168 1474 Sinnvolles und Nützliches zu tun, etwas Neues zu
275 1448 2270 1563 erfahren, und es so zu berichten, dass die abgestump[f handschriftlich ergänzt]¬
277 1540 2166 1621 ten Gemüter der Zeitungsleser davon berührt und
267 1608 2173 1690 geschüttelt würden, – das sei so schwer, dass auch
272 1672 2219 1754 ein erfahrener Berichterstatter, als wir es seien,
267 1738 2194 1822 es nicht zuwege bringe. Ganz abgesehen davon, dass
267 1804 2168 1876 die geistige Jntegrität, die saubere Absicht und
262 1858 2194 1957 Ueberzeugung, die wir zu bieten hätten, noch lange
260 1924 2168 2011 nicht genüge, – die praktischen Eigenschaften, die
272 2000 2204 2089 dort nötig seien, um sich durchzusetzen und über¬
267 2069 2288 2161 haupt bis zur Kampfzone einerseits, bis zu den rich¬
267 2138 2263 2227 tigen Persönlichkeiten und Problemen andererseits,
267 2196 2168 2283 durchzudringen, fehlten uns ohneh in[seltsame Lücke]. Und Mädchen
262 2273 2161 2346 besonders würden folglich kaum etwas Nützliches
257 2326 2255 2413 leisten, – dafür aber mit ziemlicher Wahrscheinlich¬
257 2395 2204 2476 keit den Leuten, für die wir arbeiten wollten, zur
260 2466 2306 2565 Last fallen: schon allein das Auto, das wir benötigen
290 2558 2184 2652 würden, das Essen, das wir verzehren, und der Dol¬\fml\\:p\
155 157 2233 309 \fml\\p\metscher und die militärische Begleitung, die wir in
165 285 2175 365 Anspruch nehmen müssten – all dies würde von den Re¬
168 344 2065 440 gierungstruppen nicht leicht entbehrt – – – etc etc
442 416 658 493 Kurz:
171 448 2313 578 ich werde bei der amerikanischen Unternehmung bleiben,
157 544 2108 624 wie sie geplant und vorbereitet ist. Und sie soll
168 610 621 717 gut werden.\:p\
165 706 2151 829 \p\Jnzwischen habe ich schon eine Geschichte aus dem
165 810 2137 879 alten Engadin im Kopf – für Jhre Schweizer Serien –
168 871 2177 970 die ich Jhnen, so hoffe ich, in zehn Tagen in Zürich
171 938 2007 1034 erzählen werde. Während die "Landesverteidigung"
165 1010 1780 1079 mir vorläufig noch nicht recht klar ist –\:p\
165 1093 2183 1229 \p\Sie aber haben jetzt Ferien – und interessieren sich
165 1210 2153 1295 wahrscheinlich für die ZJ und ihre Mitarbeiter im
171 1271 2113 1351 Augenblick sehr wenig ... Schreiben Sie mir nur, ob
171 1354 2172 1420 ich Sie, wie ich es stark hoffe, zwischen 10[p überschrieben]. und 15.
163 1396 2255 1490 September in Zürich werde sehen und sprechen können?
173 1474 2169 1556 – Und ob bis dahin etwas von den baltisch-skandina¬
168 1543 2071 1620 vischen Bildern erscheint? Und ob Sie schon eine
171 1599 2105 1690 Hilfsredaktorin haben? – Grüssen Sie Jhre Frau und
168 1674 2183 1778 die Kinder vielmals – und ich wünsche Jhnen, dass Sie
168 1748 1940 1850 ein bischen weniger frieren als wir in Sils!\:p\
1210 1842 1418 2023 Ihre [handschriftlich ergänzt]
1269 2012 2164 2161 An[n]emarie Clark–
1650 2175 2279 2343 Schwarzenbach
381 2265 2161 2428 PS Gerade kom[m]t Ihr netter Brief – vielen
533 2369 2121 2550 herzlichen Dank! Ich werde also den 15.
522 2460 2132 2644 Sept. noch abwarten, – u. sehr gern mit
562 2556 1602 2689 Ihnen ins „Cornichon“ gehen!
1674 2606 1807 2769 Ihre
1889 2716 2092 2857 A. C.
