4517 5321
3381 275 4087 661 Zürich
3341 604 4016 919 9. April [1931, auch von Fleischmann so datiert] [Brief enthält Entstehungsgeschichte zu "Georg Trakl", smallform_0030]
710 963 4082 1358 \p\Ob es Sinn u. Zweck hat, für einen
697 1265 4154 1606 Augenblick nach Zürich zu kommen –
710 1482 4114 1797 Was frägst Du mich das, den[n] sollte
732 1717 4020 2006 ich Dir sagen dass es ganz allein
697 1921 3972 2223 davon abhängt wieviel Ernst u.
683 2121 4105 2365 Sinn Du dem sehr grossen Vergnügen
710 2303 3887 2578 beimissest, der Freude sagen wir
674 2445 4105 2791 lieber, die mir das Erscheinen des
697 2658 3914 2982 Ford in denkbar naher Zeit
679 2840 3976 3204 bereiten wird? Soll ich einfach
692 3062 3998 3470 Anspruch darauf erheben, auf
710 3293 4069 3701 Anstrengung, Umweg, Zeitverlust
763 3577 3736 3905 von Dieser Seite, ganz allein
777 3834 2112 4149 meintwegen?\:p\
741 4034 4313 4366 Tu es auf jeden Fall, wen[n] wirklich
781 4247 4003 4508 es in Betracht kommt – schon
852 4508 3892 4801 jetzt, bemerke ich mit Schrecken,
781 4748 3661 5050 wäre ich gewaltig enttäuscht
723 310 3942 759 wen[n] es anders kommen sollte. Aber
763 665 4243 1028 darum küm[m]ere Dich vorerst nicht.
781 867 3965 1244 Die kleine "Folter" ist am 25. IV
759 1114 3673 1441 abends zu Ende, vorher ist
741 1329 4050 1747 eigentlich nur der 13. (Montag)
727 1693 4032 1998 austrengend, dazu mein augen¬
727 1805 3983 2276 blicklicher Zustand bis morgen
727 2092 2510 2389 früh um 9 Uhr.
718 2312 3960 2739 \p\Was ich nämlich jetzt betreibe, ist
736 2595 4306 3040 genau als wen[n] Klaus in 3 x 24 Std.
727 2954 4252 3314 einen Vortrag fertig stellen müsste.
718 3134 4234 3565 Mein Thema heisst "Georg Trakl"
745 3359 3790 3718 u. ist fesselnd u. hübsch.\:p\
696 3632 4306 4010 \p\Dank Hanna nämlich durch welche
691 3897 4019 4203 ich in Dr. Katzenstein (erinnerst
642 4077 3825 4490 Du Dich an ihm) einen ersten
691 4387 1890 4683 Retter fand.\:p\
736 4634 3974 4961 Ich weiss nicht genau wie es mir
745 672 4120 992 geht, ich wohne in einem Haus in
759 942 3919 1271 der Stadt, schlafe schlecht, sitze
727 1230 3580 1500 treu am Schreibtisch ganz
732 1436 3914 1815 versoffen in Papieren, Büchern,
736 1692 4106 2062 schwarzem Kaffee, Rauch, Fleiss
722 1920 4312 2300 u. Melancholie. So nämlich müsste
677 2199 4358 2551 man still-heiter oder melancholisch
686 2446 3983 2744 werden. Meistens bin ich das
654 2666 4188 3032 Erstere. Das Alleinsein ist wun¬
695 2917 4124 3278 derlich. Ich glaube dass Hanna
727 3187 3704 3535 heute früh weggefahren ist,
718 3443 4138 3740 sonst hätte sie noch angerufen.
754 3704 3914 4074 Eigentlich bin ich betrübt,
791 3914 4307 4326 ja ich könnte in einem unacht¬
745 4225 3722 4554 samen Augenblick sogar
823 4508 3804 4751 weinen. Aber das ist alles
855 4687 4056 5080 ganz seltsam: ich spüre genau
735 559 4069 859 besehen, nicht viel. Wen[n] ich eine
752 782 4206 1181 Weile über Georg Trakl geschrieben
808 1100 4228 1465 habe, gehe ich mit “Rede und
735 1293 3935 1688 Antwort“ [Sammlung von Reden und Aufsätzen Thomas Manns, 1922] in dem Garten, einen
735 1577 3897 1938 richtigen Stadtgarten mit Kies
717 1865 3987 2208 u. Moosgeruch. Ich lese "Rede und
739 2114 4172 2436 Antwort". Dann gehe ich wieder
717 2427 3776 2702 zu Trakl u. dem schrecklich
756 2595 4150 2900 unordentlichen Schreibtisch, oder
709 2801 4026 3201 ans Fenster. In letzterem Fall sehe
765 3153 3802 3441 ich Autos, Fords, Victorys u.
748 3360 3772 3652 Radfahrer u. merke dass ich
812 3583 2900 3944 Kopfschmerzen habe.
782 3897 3837 4180 \p\Aber – das ist recht unbegreiflich –
812 4112 3695 4361 ich möchte gar nicht gestört
829 4305 1452 4533 werden. – [= sehr langer Strich]\:p\
851 4472 3742 4842 Ich fahre nicht nach Rom. [Schwarzenbach hat im Frühling jedoch laut Brief an Fueter eine Italienreise gemacht; vermutlich mit den Eltern?]
851 4743 3862 5044 Warum gehen wir dann nicht
889 4958 4047 5198 ein wenig früher nach Corsika? [Die geplante Corsikareise taucht in verschiedenen Briefen an EM auf, ist aber vermutlich nie geschehen.]
801 602 3742 966 Am 2., 3., 5. Mai? Sollte das
824 916 3815 1238 weniger gut sein für Dich als
797 1150 3692 1445 am 11.? Oder gar besser?
755 1403 3742 1718 Und, wie Du überhaupt dem
725 1668 3742 1986 vielen Ärger erliegst u. nicht
717 1940 4075 2273 fort kan[n]st). Sollte ich dann nicht
736 2250 3707 2561 an paar Tage in München
728 2469 2224 2810 wohnen können?
782 2814 3861 3036 \p\Dieser Brief ist abscheulich und
782 3021 3646 3282 beschämend. Ich klebe ihn
797 3201 3734 3585 in Eile zu u. schiebe alles
774 3470 3780 3841 auf Faesi, welcher morgen um
797 3753 3746 4037 9 Uhr den noch so ganz un¬
794 3972 3485 4324 vollständigen "Georg Trakl"
863 4259 3853 4620 einfordern soll! Ich lasse mich
782 4466 3780 4716 dem – Du weist wie sehr verehrten,
809 4689 3792 4976 Vater u. Elternpaar empfehlen –\fml\\:p\
817 598 3498 957 Sei vor allem bedankt für
854 928 3605 1122 Deinen schönen, menschlichen,
854 1159 3758 1460 ungemein menschlichen Vorschlag
676 1394 3052 1704 (u. dehne den Züricher
825 1629 3378 1943 „Augenblick" auf ein wenig
734 1869 3725 2236 wehr als eine Stunde aus!)
771 2207 4088 2492 und vielmals umarmt von A.
