3539 4502
2007 275 3132 573 Bochen, 14. Avril
659 791 3060 1109 Ma chère Jaqueline – j'ai été si
642 1033 3308 1301 contente d'avoir votre lettre – mais
629 1219 3023 1503 ne pensez pas que, d'après votre
666 1358 3387 1656 silence, j'avais jugé que vous m’oubliez!
715 1586 2745 1897 Vous savez Jaqueline que je vous
649 1778 2623 2086 garde toute mon affection. –––
738 1957 3162 2232 De tout mon cœur j'espère que
679 2139 3272 2474 vous allez vous reposer au moulin,
904 2324 2914 2705 et que la tranquillité, la
626 2583 3238 2841 beauté de la campagne, le soleil
599 2768 2632 3083 du printemps vous feront du bien –
603 2970 3169 3262 J'avais l'impression que vous êtes
1805 3169 3235 3374 bien triste et j vouchrais être un
609 3361 3175 3662 peu avec vous si peut-être cela vous
666 3589 3238 3897 pourrait faire un par de bien ?
589 3811 2954 4113 Mais il faut surtout que vous
532 322 3095 672 reposez vos nerfs, vous devez être
483 542 2200 850 fatiguée, n'est-ce pas!
616 748 2997 1109 – je n'ai pas reçu vos projets
497 1039 3183 1294 de cours – Voulez vous aller dans
1833 1221 2938 1518 les montagnes? En Engadine?
423 1413 3116 1700 Ce serait beau! Mais, on peut aussi
539 1563 3330 1875 faire les grandes routes d'Allemagne –
479 1794 3291 2011 les petites villes pittoresques – j'aimerais
483 1927 3284 2231 beaucoup cette idée! Quand avez-vous
469 2140 3102 2375 des vacances ? Moi, je ne pourrais
521 2259 3120 2585 probablement pas partir avant le
521 2522 1591 2739 15 ou 20 Août –
483 2770 3109 3029 [space] Elisabeth est venue aujourd'hui, j'en suis
472 2955 2931 3169 bien contente, – j'étais malade 2
476 3039 3148 3358 semaines, mais ça va mieux mainte¬
441 3309 860 3491 nant!
486 3368 2836 3679 Ma chère Jaqueline je vous souhaite
462 3588 2815 3826 le sourire et le courage – et je
1668 3714 2980 3931 pense à vous – Sincèrement votre
2361 3977 3088 4155 An[emarie
185 4019 367 4148 P.S.
241 4082 2564 4361 Gundi et Jutti sont encore en vacence.
