<?xml version="1.0" encoding="UTF-8"?>
<validation-wrapper>
   <PcGts xmlns="http://schema.primaresearch.org/PAGE/gts/pagecontent/2013-07-15">
      <Metadata>
         <Creator>prov=READ-COOP:name=TrHtr:version=2.30.0:model_id=265149:date=12_08_2025_11:24</Creator>
         <Created>2025-08-12T11:17:45.346+02:00</Created>
         <LastChange>2025-08-13T16:47:14.915+02:00</LastChange>
         <TranskribusMetadata docId="10046688"
                              pageId="101554961"
                              pageNr="1"
                              status="IN_PROGRESS"
                              userId="194245"
                              imgUrl="https://files.transkribus.eu/Get?id=LRGEIDUPDXSMRPUISYUZLDIH&amp;fileType=view"
                              imageId="85181001"/>
      </Metadata>
      <Page imageFilename="letter_0244_001.jpg"
            imageWidth="5221"
            imageHeight="7326">
         <TextRegion orientation="0.0" id="tr_1" custom="readingOrder {index:0;}">
            <Coords points="1421,480 1421,6303 4716,6303 4716,480"/>
            <TextLine id="tr_1_tl_1" custom="readingOrder {index:0;}">
               <Coords points="2028,538 2254,612 2427,616 2529,550 2792,608 3384,546 3934,600 3889,427 3597,472 3219,431 3059,493 2965,443 2028,439"/>
               <Baseline points="2053,537 2147,537 2242,537 2336,537 2431,537 2526,537 2620,539 2715,543 2810,540 2904,537 2999,537 3094,537 3188,537 3283,537 3378,537 3472,537 3567,537 3662,531 3756,537 3851,532 3946,537"/>
               <TextEquiv>
                  <Unicode>Yverdon, "Bellevue",– Ende Januar 1939</Unicode>
               </TextEquiv>
            </TextLine>
            <TextLine id="tr_1_tl_2" custom="readingOrder {index:1;}">
               <Coords points="1811,1322 3696,1351 3696,1207 3560,1195 2973,1248 2529,1195 2082,1257 1811,1195"/>
               <Baseline points="1832,1307 1925,1300 2019,1295 2113,1295 2207,1295 2300,1293 2394,1289 2488,1289 2582,1289 2675,1289 2769,1289 2863,1289 2957,1289 3050,1289 3144,1289 3238,1289 3332,1289 3425,1289 3519,1289 3613,1295 3707,1295"/>
               <TextEquiv>
                  <Unicode>Mein sehr lieber Klaus und Heinrich [vermutlich ironische Anrede, KM heisst zum zweiten Namen Heinrich], –</Unicode>
               </TextEquiv>
            </TextLine>
            <TextLine id="tr_1_tl_3" custom="readingOrder {index:2;}">
               <Coords points="1408,1540 4283,1540 4283,1421 4188,1384 3741,1466 1408,1404"/>
               <Baseline points="1432,1510 1575,1510 1718,1510 1861,1510 2004,1510 2147,1510 2290,1510 2433,1510 2576,1505 2719,1510 2862,1504 3005,1506 3148,1504 3291,1504 3434,1504 3577,1504 3720,1508 3863,1504 4006,1504 4149,1504 4292,1504"/>
               <TextEquiv>
                  <Unicode>\p\ich will einen Sonntagspätnachmittag benutzen, um Dir für</Unicode>
               </TextEquiv>
            </TextLine>
            <TextLine id="tr_1_tl_4" custom="readingOrder {index:3;}">
               <Coords points="1400,1642 4484,1651 4484,1560 4332,1511 1400,1536"/>
               <Baseline points="1421,1618 1574,1618 1728,1618 1882,1618 2035,1618 2189,1621 2343,1618 2496,1618 2650,1618 2804,1618 2958,1618 3111,1618 3265,1618 3419,1618 3572,1612 3726,1614 3880,1615 4033,1617 4187,1612 4341,1616 4495,1624"/>
               <TextEquiv>
                  <Unicode>Deinen Brief zu danken sowohl als auch Bericht zu erstatten,</Unicode>
               </TextEquiv>
            </TextLine>
            <TextLine id="tr_1_tl_5" custom="readingOrder {index:4;}">
               <Coords points="1404,1794 4484,1762 4484,1663 4369,1638 1404,1655"/>
               <Baseline points="1426,1725 1579,1725 1732,1731 1886,1725 2039,1725 2193,1731 2346,1731 2500,1731 2653,1727 2807,1727 2960,1725 3113,1725 3267,1725 3420,1725 3574,1725 3727,1725 3881,1719 4034,1725 4188,1725 4341,1719 4495,1725"/>
               <TextEquiv>
                  <Unicode>es ist ja schändlich, dass ich überhaupt nie und an niemanden</Unicode>
               </TextEquiv>
            </TextLine>
            <TextLine id="tr_1_tl_6" custom="readingOrder {index:5;}">
               <Coords points="1400,1864 4435,1852 4435,1762 1400,1794"/>
               <Baseline points="1421,1838 1572,1838 1723,1836 1874,1834 2025,1838 2176,1832 2327,1832 2478,1832 2629,1837 2780,1832 2931,1832 3082,1832 3233,1838 3384,1837 3535,1832 3686,1832 3837,1832 3988,1832 4139,1827 4290,1823 4442,1821"/>
               <TextEquiv>
                  <Unicode>schreibe, aber es ist so, es ist so ... auch bin ich, nach drei¬</Unicode>
               </TextEquiv>
            </TextLine>
            <TextLine id="tr_1_tl_7" custom="readingOrder {index:6;}">
               <Coords points="1404,1975 3979,1992 4542,1959 4542,1881 1404,1889"/>
               <Baseline points="1426,1940 1582,1946 1738,1946 1894,1946 2050,1946 2206,1946 2362,1952 2519,1946 2675,1946 2831,1946 2987,1943 3143,1941 3299,1946 3455,1946 3612,1944 3768,1940 3924,1945 4080,1936 4236,1938 4392,1940 4549,1940"/>
               <TextEquiv>
                  <Unicode>einhalb Monaten, immer noch in Yverdon, einem fürchterlich öden</Unicode>
               </TextEquiv>
            </TextLine>
            <TextLine id="tr_1_tl_8" custom="readingOrder {index:7;}">
               <Coords points="1417,2086 4439,2070 4332,1955 1417,1975"/>
               <Baseline points="1438,2053 1588,2047 1739,2048 1889,2047 2040,2053 2190,2053 2341,2053 2491,2053 2642,2053 2792,2053 2943,2053 3093,2053 3244,2053 3394,2053 3545,2053 3695,2053 3846,2049 3996,2047 4147,2049 4297,2047 4448,2047"/>
               <TextEquiv>
                  <Unicode>Ort, obwohl ich es ganz gewiss nicht nötig habe. Wie Dir dies</Unicode>
               </TextEquiv>
            </TextLine>
            <TextLine id="tr_1_tl_9" custom="readingOrder {index:8;}">
               <Coords points="1396,2172 1503,2213 1601,2185 1737,2209 1835,2185 1905,2213 1938,2185 2193,2197 2197,2082 2135,2107 1885,2078 1593,2115 1400,2074"/>
               <Baseline points="1421,2161 1460,2164 1499,2166 1539,2165 1578,2162 1618,2160 1657,2157 1696,2155 1736,2155 1775,2155 1815,2155 1854,2155 1893,2155 1933,2155 1972,2155 2012,2155 2051,2155 2090,2158 2130,2161 2169,2161 2209,2161"/>
               <TextEquiv>
                  <Unicode>alles erklären?\:p\</Unicode>
               </TextEquiv>
            </TextLine>
            <TextLine id="tr_1_tl_10" custom="readingOrder {index:9;}">
               <Coords points="1408,2300 4340,2291 4340,2201 4209,2160 1408,2189"/>
               <Baseline points="1432,2268 1577,2268 1723,2263 1869,2268 2014,2268 2160,2268 2306,2273 2451,2274 2597,2268 2743,2274 2889,2272 3034,2268 3180,2268 3326,2268 3471,2268 3617,2268 3763,2268 3908,2262 4054,2262 4200,2262 4346,2268"/>
               <TextEquiv>
                  <Unicode>\p\Um es vorweg zu nehmen: ich schreibe an einem sonderbaren</Unicode>
               </TextEquiv>
            </TextLine>
            <TextLine id="tr_1_tl_11" custom="readingOrder {index:10;}">
               <Coords points="1396,2427 4328,2419 4332,2295 1400,2308"/>
               <Baseline points="1421,2370 1574,2374 1728,2379 1881,2382 2035,2382 2189,2382 2342,2376 2496,2382 2650,2376 2803,2379 2957,2376 3110,2376 3264,2378 3418,2376 3571,2370 3725,2372 3879,2373 4032,2371 4186,2376 4340,2370"/>
               <TextEquiv>
                  <Unicode>Werkchen, und habe in meinem Leben noch nie so angestrengt</Unicode>
               </TextEquiv>
            </TextLine>
            <TextLine id="tr_1_tl_12" custom="readingOrder {index:11;}">
               <Coords points="1421,2521 4217,2550 4439,2525 4439,2390 1421,2427"/>
               <Baseline points="1444,2489 1594,2488 1744,2483 1894,2489 2044,2488 2195,2483 2345,2486 2495,2484 2645,2489 2795,2489 2946,2489 3096,2484 3246,2483 3396,2485 3546,2489 3697,2483 3847,2483 3997,2483 4147,2483 4297,2483 4448,2483"/>
               <TextEquiv>
                  <Unicode>gearbeitet. Ich wollte hinzusetzen: "unermüdlich", – aber genau</Unicode>
               </TextEquiv>
            </TextLine>
            <TextLine id="tr_1_tl_13" custom="readingOrder {index:12;}">
               <Coords points="1404,2624 3971,2640 4090,2603 4090,2501 1404,2525"/>
               <Baseline points="1426,2597 1559,2591 1693,2591 1827,2591 1961,2597 2094,2593 2228,2597 2362,2591 2496,2591 2629,2597 2763,2591 2897,2597 3031,2597 3164,2591 3298,2597 3432,2597 3566,2591 3699,2591 3833,2591 3967,2591 4101,2591"/>
               <TextEquiv>
                  <Unicode>betrachtet, bin ich am Rand der Erschöpfung, und meine</Unicode>
               </TextEquiv>
            </TextLine>
            <TextLine id="tr_1_tl_14" custom="readingOrder {index:13;}">
               <Coords points="1404,2747 4328,2755 4381,2649 1408,2624"/>
               <Baseline points="1426,2698 1574,2704 1722,2698 1870,2698 2018,2701 2166,2698 2314,2698 2462,2698 2610,2704 2758,2699 2907,2704 3055,2699 3203,2704 3351,2704 3499,2698 3647,2698 3795,2696 3943,2698 4091,2692 4239,2692 4388,2686"/>
               <TextEquiv>
                  <Unicode>Doctoresse Favez wird mich wohl demnächst zwangsweise ver¬</Unicode>
               </TextEquiv>
            </TextLine>
            <TextLine id="tr_1_tl_15" custom="readingOrder {index:14;}">
               <Coords points="1417,2842 4188,2842 4164,2718 1417,2751"/>
               <Baseline points="1438,2812 1583,2812 1728,2809 1873,2806 2018,2810 2164,2812 2309,2806 2454,2809 2599,2812 2744,2812 2890,2812 3035,2812 3180,2808 3325,2808 3470,2807 3616,2806 3761,2811 3906,2806 4051,2806 4197,2806"/>
               <TextEquiv>
                  <Unicode>schicken, weil sie, wie sie sagt, der Quälerei nicht mehr</Unicode>
               </TextEquiv>
            </TextLine>
            <TextLine id="tr_1_tl_16" custom="readingOrder {index:15;}">
               <Coords points="1408,2969 4229,2944 4229,2837 1408,2854"/>
               <Baseline points="1432,2919 1572,2919 1712,2914 1853,2919 1993,2919 2133,2919 2274,2919 2414,2919 2554,2913 2695,2913 2835,2919 2975,2919 3116,2919 3256,2919 3396,2919 3537,2919 3677,2919 3817,2919 3958,2914 4098,2913 4239,2913"/>
               <TextEquiv>
                  <Unicode>zusehen kann. Jch schreibe morgens, mittags, abends, treibe</Unicode>
               </TextEquiv>
            </TextLine>
            <TextLine id="tr_1_tl_17" custom="readingOrder {index:16;}">
               <Coords points="1400,3067 3761,3076 4394,3039 4394,2956 1400,2969"/>
               <Baseline points="1421,3033 1577,3027 1734,3022 1891,3027 2048,3021 2204,3027 2361,3027 2518,3021 2675,3027 2832,3027 2988,3027 3145,3021 3302,3021 3459,3024 3616,3022 3772,3021 3929,3021 4086,3021 4243,3016 4400,3027"/>
               <TextEquiv>
                  <Unicode>nichts anderes, und bringe auf diese Weise täglich nur etwa</Unicode>
               </TextEquiv>
            </TextLine>
            <TextLine id="tr_1_tl_18" custom="readingOrder {index:17;}">
               <Coords points="1400,3182 4073,3174 4234,3145 4234,3059 1400,3067"/>
               <Baseline points="1421,3134 1562,3134 1703,3128 1844,3134 1985,3134 2127,3134 2268,3134 2409,3134 2550,3134 2691,3134 2833,3134 2974,3134 3115,3130 3256,3134 3397,3134 3539,3133 3680,3128 3821,3124 3962,3128 4103,3124 4245,3122"/>
               <TextEquiv>
                  <Unicode>zwei Seiten fertig. Aber Du musst wissen, dass es etwa so</Unicode>
               </TextEquiv>
            </TextLine>
            <TextLine id="tr_1_tl_19" custom="readingOrder {index:18;}">
               <Coords points="1408,3277 4147,3269 4184,3174 1413,3166"/>
               <Baseline points="1432,3242 1577,3244 1722,3247 1867,3247 2012,3242 2158,3242 2303,3242 2448,3246 2593,3242 2738,3242 2884,3242 3029,3242 3174,3239 3319,3242 3464,3242 3610,3236 3755,3236 3900,3236 4045,3236 4191,3242"/>
               <TextEquiv>
                  <Unicode>ist als schriebe ich täglich zwei \g\Gedichte\:g\ (was</Unicode>
               </TextEquiv>
            </TextLine>
            <TextLine id="tr_1_tl_20" custom="readingOrder {index:19;}">
               <Coords points="1400,3396 4139,3408 4069,3256 1400,3273"/>
               <Baseline points="1421,3355 1557,3355 1693,3349 1830,3349 1966,3353 2103,3354 2239,3349 2375,3350 2512,3355 2648,3355 2785,3350 2921,3349 3057,3349 3194,3349 3330,3349 3467,3349 3603,3349 3739,3346 3876,3343 4012,3343 4149,3343"/>
               <TextEquiv>
                  <Unicode>nicht heisst, mir gelinge reine Poesie, sondern nur die</Unicode>
               </TextEquiv>
            </TextLine>
            <TextLine id="tr_1_tl_21" custom="readingOrder {index:20;}">
               <Coords points="1404,3486 3876,3503 3876,3392 3794,3363 1404,3400"/>
               <Baseline points="1426,3457 1549,3462 1672,3462 1795,3459 1918,3457 2041,3457 2164,3457 2287,3461 2410,3457 2533,3457 2656,3457 2779,3457 2902,3457 3025,3457 3148,3457 3271,3457 3394,3457 3517,3452 3640,3457 3763,3457 3886,3451"/>
               <TextEquiv>
                  <Unicode>ungeheure Konzentration näher umschreiben soll) –\:p\</Unicode>
               </TextEquiv>
            </TextLine>
            <TextLine id="tr_1_tl_22" custom="readingOrder {index:21;}">
               <Coords points="1417,3597 4246,3572 4246,3499 4061,3466 2624,3535 1417,3482"/>
               <Baseline points="1438,3564 1578,3564 1719,3564 1859,3564 2000,3569 2141,3570 2281,3570 2422,3570 2563,3564 2703,3568 2844,3570 2985,3570 3125,3567 3266,3564 3407,3564 3547,3564 3688,3564 3829,3564 3969,3559 4110,3561 4251,3558"/>
               <TextEquiv>
                  <Unicode>\p\Und wüsste ich nun, dass es ganz schlichthin gut und gar</Unicode>
               </TextEquiv>
            </TextLine>
            <TextLine id="tr_1_tl_23" custom="readingOrder {index:22;}">
               <Coords points="1404,3700 4316,3696 4143,3585 1404,3618"/>
               <Baseline points="1426,3660 1570,3665 1715,3666 1860,3671 2005,3671 2150,3671 2294,3677 2439,3671 2584,3671 2729,3674 2874,3672 3018,3672 3163,3671 3308,3671 3453,3669 3598,3670 3742,3665 3887,3668 4032,3670 4177,3665 4322,3671"/>
               <TextEquiv>
                  <Unicode>verwendlich wird, dieses Sinngedicht! Meine orientalischen</Unicode>
               </TextEquiv>
            </TextLine>
            <TextLine id="tr_1_tl_24" custom="readingOrder {index:23;}">
               <Coords points="1400,3815 4496,3815 4422,3692 1400,3700"/>
               <Baseline points="1421,3779 1575,3777 1729,3782 1883,3778 2037,3773 2191,3775 2345,3779 2499,3779 2653,3779 2807,3779 2961,3779 3115,3779 3269,3779 3423,3773 3577,3773 3731,3773 3885,3773 4039,3773 4193,3773 4347,3773 4501,3785"/>
               <TextEquiv>
                  <Unicode>Erinnerungen werden darin gewissermassen abgeklärt, gedeutet,</Unicode>
               </TextEquiv>
            </TextLine>
            <TextLine id="tr_1_tl_25" custom="readingOrder {index:24;}">
               <Coords points="1400,3905 4394,3938 4369,3794 1400,3831"/>
               <Baseline points="1421,3892 1577,3892 1734,3886 1891,3886 2048,3886 2204,3886 2361,3886 2518,3892 2675,3890 2832,3892 2988,3886 3145,3886 3302,3886 3459,3883 3616,3885 3772,3880 3929,3880 4086,3880 4243,3880 4400,3880"/>
               <TextEquiv>
                  <Unicode>symbolisch umgewandelt, – und es ist alles wie ein Notschrei</Unicode>
               </TextEquiv>
            </TextLine>
            <TextLine id="tr_1_tl_26" custom="readingOrder {index:25;}">
               <Coords points="1408,4032 4328,4024 4328,3905 1408,3946"/>
               <Baseline points="1432,3994 1577,3999 1722,3994 1868,3994 2013,4000 2159,3998 2304,4000 2449,4000 2595,4000 2740,4000 2886,4000 3031,3998 3176,3994 3322,3994 3467,3989 3613,3989 3758,3991 3903,3989 4049,3989 4194,3988 4340,3982"/>
               <TextEquiv>
                  <Unicode>und schrecklich mühsam. Allmählich werde ich auch närrisch</Unicode>
               </TextEquiv>
            </TextLine>
            <TextLine id="tr_1_tl_27" custom="readingOrder {index:26;}">
               <Coords points="1408,4127 4390,4143 4390,4036 4246,4004 1408,4036"/>
               <Baseline points="1432,4107 1580,4104 1728,4106 1877,4101 2025,4104 2174,4106 2322,4101 2470,4101 2619,4107 2767,4107 2916,4107 3064,4102 3212,4103 3361,4105 3509,4101 3658,4101 3806,4099 3954,4095 4103,4095 4251,4095 4400,4095"/>
               <TextEquiv>
                  <Unicode>dabei: jetzt schliesse ich schon die Vorhänge,verstopfe die</Unicode>
               </TextEquiv>
            </TextLine>
            <TextLine id="tr_1_tl_28" custom="readingOrder {index:27;}">
               <Coords points="1408,4229 4525,4258 4525,4139 4201,4119 1408,4135"/>
               <Baseline points="1432,4215 1587,4209 1742,4214 1897,4209 2053,4211 2208,4215 2363,4215 2518,4215 2674,4215 2829,4215 2984,4215 3139,4215 3295,4215 3450,4215 3605,4211 3760,4209 3916,4209 4071,4204 4226,4209 4381,4207 4537,4209"/>
               <TextEquiv>
                  <Unicode>Ohren mit Watte,und \g\weine\:g\ wenn mich eine sanfte Schwester</Unicode>
               </TextEquiv>
            </TextLine>
            <TextLine id="tr_1_tl_29" custom="readingOrder {index:28;}">
               <Coords points="1400,4349 4414,4340 4414,4246 1400,4283"/>
               <Baseline points="1421,4322 1571,4322 1721,4322 1871,4319 2021,4317 2171,4322 2321,4322 2472,4322 2622,4317 2772,4325 2922,4327 3072,4322 3222,4320 3372,4320 3523,4322 3673,4316 3823,4310 3973,4316 4123,4316 4273,4314 4424,4310"/>
               <TextEquiv>
                  <Unicode>stört. Natürlich ist die Klinik ob eines solchen "Patienten"</Unicode>
               </TextEquiv>
            </TextLine>
            <TextLine id="tr_1_tl_30" custom="readingOrder {index:29;}">
               <Coords points="1417,4484 4599,4463 4599,4340 1417,4381"/>
               <Baseline points="1438,4430 1596,4424 1755,4430 1913,4430 2072,4436 2230,4430 2389,4430 2547,4432 2706,4436 2864,4436 3023,4432 3182,4436 3340,4435 3499,4430 3657,4430 3816,4424 3974,4430 4133,4430 4291,4425 4450,4424 4609,4430"/>
               <TextEquiv>
                  <Unicode>verwundert. Jch wiege nur noch 49 kilo, schlafe wenig, halte mich</Unicode>
               </TextEquiv>
            </TextLine>
            <TextLine id="tr_1_tl_31" custom="readingOrder {index:30;}">
               <Coords points="1421,4587 4476,4583 4476,4447 1421,4488"/>
               <Baseline points="1444,4549 1603,4543 1763,4543 1923,4541 2083,4542 2243,4537 2403,4543 2563,4540 2723,4535 2883,4543 3043,4543 3203,4539 3363,4540 3523,4541 3683,4531 3843,4537 4003,4537 4163,4537 4323,4532 4483,4543"/>
               <TextEquiv>
                  <Unicode>gründlichst an \g\keine\:g\ Hausordnungen, fahre dann plötzlich,</Unicode>
               </TextEquiv>
            </TextLine>
            <TextLine id="tr_1_tl_32" custom="readingOrder {index:31;}">
               <Coords points="1408,4681 4484,4669 4390,4562 1408,4591"/>
               <Baseline points="1432,4639 1585,4645 1738,4647 1891,4650 2044,4645 2197,4648 2350,4651 2504,4651 2657,4647 2810,4651 2963,4651 3116,4651 3269,4651 3422,4651 3576,4645 3729,4645 3882,4643 4035,4645 4188,4639 4341,4642 4495,4645"/>
               <TextEquiv>
                  <Unicode>von Panik ergriffen, nach Malans, – und komme pünktlich zurück.</Unicode>
               </TextEquiv>
            </TextLine>
            <TextLine id="tr_1_tl_33" custom="readingOrder {index:32;}">
               <Coords points="1400,4771 3679,4808 4262,4788 4340,4681 1400,4689"/>
               <Baseline points="1421,4752 1567,4758 1713,4752 1859,4752 2006,4757 2152,4761 2298,4763 2444,4758 2591,4758 2737,4758 2883,4758 3029,4754 3176,4758 3322,4758 3468,4753 3614,4753 3761,4752 3907,4751 4053,4746 4199,4746 4346,4746"/>
               <TextEquiv>
                  <Unicode>Anderer Grund (neben dem Manuskript): ich habe mich auf das</Unicode>
               </TextEquiv>
            </TextLine>
            <TextLine id="tr_1_tl_34" custom="readingOrder {index:33;}">
               <Coords points="1421,4891 4373,4915 4550,4878 4550,4788 1421,4796"/>
               <Baseline points="1444,4866 1599,4866 1755,4866 1911,4866 2067,4866 2223,4866 2379,4868 2534,4872 2690,4872 2846,4872 3002,4866 3158,4866 3314,4866 3470,4866 3625,4863 3781,4860 3937,4860 4093,4866 4249,4860 4405,4860 4561,4860"/>
               <TextEquiv>
                  <Unicode>Gefährlichste an meine doctoresse attachiert, – Klaus, ich bitte</Unicode>
               </TextEquiv>
            </TextLine>
            <TextLine id="tr_1_tl_35" custom="readingOrder {index:34;}">
               <Coords points="1417,5022 3938,5038 4546,4997 4546,4882 1417,4895"/>
               <Baseline points="1438,4979 1593,4979 1749,4979 1905,4973 2061,4973 2217,4978 2373,4975 2528,4975 2684,4979 2840,4979 2996,4977 3152,4977 3308,4973 3464,4973 3619,4973 3775,4967 3931,4961 4087,4961 4243,4967 4399,4969 4555,4967"/>
               <TextEquiv>
                  <Unicode>Dich, ich \g\könnte\:g\ es nicht unfrivol genug aussprechen, – und</Unicode>
               </TextEquiv>
            </TextLine>
            <TextLine id="tr_1_tl_36" custom="readingOrder {index:35;}">
               <Coords points="1417,5112 4135,5133 4484,5108 4484,5010 1417,5022"/>
               <Baseline points="1438,5087 1590,5081 1743,5084 1896,5081 2049,5077 2202,5081 2355,5082 2507,5087 2660,5087 2813,5087 2966,5081 3119,5087 3272,5081 3425,5081 3577,5081 3730,5078 3883,5080 4036,5075 4189,5075 4342,5075 4495,5075"/>
               <TextEquiv>
                  <Unicode>die grausame Unmöglichkeit der hiesigen Situation frisst uns</Unicode>
               </TextEquiv>
            </TextLine>
            <TextLine id="tr_1_tl_37" custom="readingOrder {index:36;}">
               <Coords points="1408,5203 4710,5215 4710,5116 1408,5129"/>
               <Baseline points="1432,5188 1596,5194 1760,5188 1924,5188 2088,5190 2253,5194 2417,5194 2581,5194 2745,5188 2909,5194 3074,5194 3238,5188 3402,5190 3566,5188 3730,5188 3895,5188 4059,5184 4223,5182 4387,5184 4551,5188 4716,5182"/>
               <TextEquiv>
                  <Unicode>täglich ein bischen Leben weg. Jetzt ist sie schon so weit, sich</Unicode>
               </TextEquiv>
            </TextLine>
            <TextLine id="tr_1_tl_38" custom="readingOrder {index:37;}">
               <Coords points="1417,5313 4702,5326 4611,5203 1417,5219"/>
               <Baseline points="1438,5295 1601,5291 1765,5294 1928,5295 2092,5300 2256,5301 2419,5301 2583,5301 2746,5301 2910,5301 3074,5301 3237,5301 3401,5299 3564,5295 3728,5295 3892,5295 4055,5295 4219,5293 4382,5290 4546,5295 4710,5290"/>
               <TextEquiv>
                  <Unicode>Vorwürfe zu machen, während \g\ich\:g\ nicht weg will. Übrigens könnte</Unicode>
               </TextEquiv>
            </TextLine>
            <TextLine id="tr_1_tl_39" custom="readingOrder {index:38;}">
               <Coords points="1417,5424 4402,5420 4377,5309 1417,5318"/>
               <Baseline points="1438,5409 1586,5409 1735,5403 1884,5408 2032,5409 2181,5409 2330,5409 2478,5409 2627,5409 2776,5405 2925,5405 3073,5403 3222,5407 3371,5407 3519,5403 3668,5403 3817,5403 3965,5403 4114,5401 4263,5401 4412,5397"/>
               <TextEquiv>
                  <Unicode>ich meinen jetzigen Zustand einfach niemandem zumuten, – und</Unicode>
               </TextEquiv>
            </TextLine>
            <TextLine id="tr_1_tl_40" custom="readingOrder {index:39;}">
               <Coords points="1417,5543 4463,5560 4463,5387 3084,5482 1417,5445"/>
               <Baseline points="1438,5516 1589,5516 1741,5516 1893,5516 2044,5511 2196,5514 2348,5510 2499,5516 2651,5518 2803,5516 2955,5516 3106,5516 3258,5516 3410,5515 3561,5515 3713,5513 3865,5510 4016,5510 4168,5510 4320,5510 4472,5510"/>
               <TextEquiv>
                  <Unicode>will und muss das Begonnene doch zu Ende schreiben, wenn ich</Unicode>
               </TextEquiv>
            </TextLine>
            <TextLine id="tr_1_tl_41" custom="readingOrder {index:40;}">
               <Coords points="1408,5663 4591,5642 4562,5519 1408,5552"/>
               <Baseline points="1432,5618 1590,5624 1749,5624 1907,5624 2066,5618 2224,5618 2383,5624 2541,5624 2700,5624 2858,5624 3017,5624 3176,5624 3334,5624 3493,5618 3651,5620 3810,5619 3968,5613 4127,5614 4285,5612 4444,5618 4603,5612"/>
               <TextEquiv>
                  <Unicode>auch nicht weiss zu welchem Ende. Jeden Abend bin ich verzwei¬</Unicode>
               </TextEquiv>
            </TextLine>
            <TextLine id="tr_1_tl_42" custom="readingOrder {index:41;}">
               <Coords points="1417,5765 4480,5773 4480,5663 4316,5634 1417,5667"/>
               <Baseline points="1438,5737 1590,5731 1743,5731 1895,5731 2048,5731 2200,5728 2353,5731 2505,5731 2658,5727 2810,5731 2963,5731 3116,5731 3268,5731 3421,5725 3573,5730 3726,5728 3878,5720 4031,5725 4183,5725 4336,5725 4489,5737"/>
               <TextEquiv>
                  <Unicode>felt, angewidert von der Oede, geknechtet von der Erschöpfung,</Unicode>
               </TextEquiv>
            </TextLine>
            <TextLine id="tr_1_tl_43" custom="readingOrder {index:42;}">
               <Coords points="1408,5880 4406,5856 4373,5761 3909,5741 1408,5773"/>
               <Baseline points="1432,5839 1581,5839 1730,5843 1879,5839 2029,5837 2178,5833 2327,5833 2477,5835 2626,5839 2775,5845 2925,5845 3074,5841 3223,5845 3372,5839 3522,5839 3671,5839 3820,5839 3970,5839 4119,5833 4268,5833 4418,5839"/>
               <TextEquiv>
                  <Unicode>übel zugerichtet von Zweifeln, – jeden Morgen beginne ich es</Unicode>
               </TextEquiv>
            </TextLine>
            <TextLine id="tr_1_tl_44" custom="readingOrder {index:43;}">
               <Coords points="1421,5987 2242,5962 2616,5999 2694,5962 2694,5901 2636,5917 2525,5851 2488,5884 1421,5884"/>
               <Baseline points="1444,5940 1507,5940 1570,5942 1633,5946 1696,5946 1759,5946 1822,5945 1885,5940 1948,5944 2011,5944 2074,5940 2137,5944 2200,5946 2263,5945 2326,5941 2389,5940 2452,5941 2515,5946 2578,5950 2641,5950 2704,5946"/>
               <TextEquiv>
                  <Unicode>von Neuem. Was willst Du, ––\:p\</Unicode>
               </TextEquiv>
            </TextLine>
            <TextLine id="tr_1_tl_45" custom="readingOrder {index:44;}">
               <Coords points="1400,6114 3975,6114 4505,6069 4505,5975 1400,5999"/>
               <Baseline points="1421,6048 1575,6052 1730,6054 1884,6054 2039,6054 2194,6054 2348,6058 2503,6048 2657,6053 2812,6054 2967,6054 3121,6054 3276,6052 3430,6054 3585,6054 3740,6054 3894,6048 4049,6048 4203,6048 4358,6048 4513,6054"/>
               <TextEquiv>
                  <Unicode>\p\wie und wann ich mich von all dem erholen soll, – es wird sich</Unicode>
               </TextEquiv>
            </TextLine>
            <TextLine id="tr_1_tl_46" custom="readingOrder {index:45;}">
               <Coords points="1417,6184 1967,6180 2082,6237 2439,6180 3014,6221 3014,6110 2739,6069 2558,6110 2480,6069 2427,6110 2057,6073 1959,6114 1417,6102"/>
               <Baseline points="1438,6167 1517,6162 1596,6156 1675,6159 1754,6161 1833,6159 1912,6157 1992,6161 2071,6161 2150,6161 2229,6161 2308,6165 2387,6163 2466,6161 2546,6161 2625,6161 2704,6161 2783,6161 2862,6161 2941,6161 3021,6167"/>
               <TextEquiv>
                  <Unicode>irgendwie schon ergeben müssen.\:p\</Unicode>
               </TextEquiv>
            </TextLine>
            <TextLine id="tr_1_tl_47" custom="readingOrder {index:46;}">
               <Coords points="1408,6291 4353,6291 4229,6180 2156,6242 1408,6180"/>
               <Baseline points="1432,6269 1578,6275 1725,6275 1871,6275 2018,6275 2165,6278 2311,6275 2458,6273 2604,6275 2751,6275 2898,6275 3044,6275 3191,6275 3337,6272 3484,6270 3631,6275 3777,6269 3924,6269 4070,6269 4217,6269 4364,6263"/>
               <TextEquiv>
                  <Unicode>En attendant ... die Zeitungen lese ich doch noch in meinem</Unicode>
               </TextEquiv>
            </TextLine>
         </TextRegion>
      </Page>
   </PcGts>
   <PcGts xmlns="http://schema.primaresearch.org/PAGE/gts/pagecontent/2013-07-15">
      <Metadata>
         <Creator>prov=READ-COOP:name=TrHtr:version=2.30.0:model_id=265149:date=12_08_2025_11:24</Creator>
         <Created>2025-08-12T11:17:45.428+02:00</Created>
         <LastChange>2025-08-13T16:59:42.359+02:00</LastChange>
         <TranskribusMetadata docId="10046688"
                              pageId="101554963"
                              pageNr="2"
                              status="IN_PROGRESS"
                              userId="194245"
                              imgUrl="https://files.transkribus.eu/Get?id=KJMBNHUBNMWGNVVKIQJXYZKL&amp;fileType=view"
                              imageId="85181003"/>
      </Metadata>
      <Page imageFilename="letter_0244_002.jpg"
            imageWidth="5221"
            imageHeight="7326">
         <TextRegion orientation="0.0" id="tr_2" custom="readingOrder {index:0;}">
            <Coords points="1349,700 1349,4122 4513,4122 4513,700"/>
            <TextLine id="tr_2_tl_1" custom="readingOrder {index:0;}">
               <Coords points="1365,806 4502,802 4502,677 4357,653 1365,641"/>
               <Baseline points="1385,758 1541,754 1697,755 1854,757 2010,758 2167,758 2323,758 2479,753 2636,758 2792,758 2949,758 3105,758 3261,758 3418,758 3574,758 3731,758 3887,758 4043,758 4200,761 4356,759 4513,770"/>
               <TextEquiv>
                  <Unicode>jenseitigen Exil. Barcelona ... Gehäufte Empörung und Bitterkeit,</Unicode>
               </TextEquiv>
            </TextLine>
            <TextLine id="tr_2_tl_2" custom="readingOrder {index:1;}">
               <Coords points="1334,880 4385,892 4349,778 1334,817"/>
               <Baseline points="1355,859 1514,859 1674,856 1834,855 1994,859 2154,859 2314,865 2474,862 2634,865 2794,865 2954,866 3114,869 3274,871 3434,865 3594,871 3754,871 3914,871 4074,865 4234,871 4394,871"/>
               <TextEquiv>
                  <Unicode>wir werden sie einmal verwenden können, mir scheint, in nicht</Unicode>
               </TextEquiv>
            </TextLine>
            <TextLine id="tr_2_tl_3" custom="readingOrder {index:2;}">
               <Coords points="1338,1001 3755,1036 4474,997 4474,907 1338,911"/>
               <Baseline points="1361,967 1517,971 1673,970 1829,967 1985,967 2141,973 2297,973 2453,968 2609,973 2765,979 2922,973 3078,979 3234,979 3390,975 3546,973 3702,979 3858,979 4014,973 4170,973 4326,974 4483,973"/>
               <TextEquiv>
                  <Unicode>allzu langer Zeit. Jhr tut inzwischen das Eure, – dass trotz des</Unicode>
               </TextEquiv>
            </TextLine>
            <TextLine id="tr_2_tl_4" custom="readingOrder {index:3;}">
               <Coords points="1326,1087 4420,1154 4392,1001 1326,1009"/>
               <Baseline points="1349,1068 1503,1074 1657,1074 1811,1074 1965,1079 2119,1080 2273,1078 2427,1074 2581,1085 2735,1080 2889,1086 3043,1086 3197,1086 3351,1086 3505,1086 3659,1080 3813,1086 3967,1087 4121,1092 4275,1090 4430,1104"/>
               <TextEquiv>
                  <Unicode>Heidenbetriebs, der Reisen, Lectures, etc, Dein \g\Roman\:g\[Der Vulkan, erscheint noch 1939] fertig</Unicode>
               </TextEquiv>
            </TextLine>
            <TextLine id="tr_2_tl_5" custom="readingOrder {index:4;}">
               <Coords points="1338,1232 4162,1279 4330,1224 4330,1111 1338,1134"/>
               <Baseline points="1361,1182 1517,1186 1674,1191 1831,1182 1988,1188 2144,1194 2301,1194 2458,1194 2615,1194 2772,1194 2928,1194 3085,1194 3242,1194 3399,1199 3556,1200 3712,1196 3869,1194 4026,1194 4183,1197 4340,1200"/>
               <TextEquiv>
                  <Unicode>wird, ist erstaunlich, – und ich erwarte ihn mit Spannung. Jch</Unicode>
               </TextEquiv>
            </TextLine>
            <TextLine id="tr_2_tl_6" custom="readingOrder {index:5;}">
               <Coords points="1353,1314 3094,1338 3094,1244 2992,1220 2468,1267 2300,1212 1353,1240"/>
               <Baseline points="1373,1295 1459,1295 1546,1301 1632,1301 1719,1301 1805,1296 1892,1295 1978,1295 2065,1295 2151,1295 2238,1299 2325,1301 2411,1297 2498,1295 2584,1298 2671,1301 2757,1301 2844,1301 2930,1301 3017,1299 3104,1301"/>
               <TextEquiv>
                  <Unicode>weiss, ich werde ihn \g\sehr\:g\ mögen –</Unicode>
               </TextEquiv>
            </TextLine>
            <TextLine id="tr_2_tl_7" custom="readingOrder {index:6;}">
               <Coords points="1349,1424 4267,1455 4263,1342 1345,1314"/>
               <Baseline points="1367,1397 1512,1407 1657,1403 1803,1403 1948,1403 2093,1404 2239,1409 2384,1407 2529,1403 2675,1409 2820,1410 2965,1415 3111,1412 3256,1414 3401,1413 3547,1415 3692,1415 3837,1409 3983,1410 4128,1410 4274,1415"/>
               <TextEquiv>
                  <Unicode>\p\Falls Jhr im Frühsommer oder wann immer nicht nach Europa</Unicode>
               </TextEquiv>
            </TextLine>
            <TextLine id="tr_2_tl_8" custom="readingOrder {index:7;}">
               <Coords points="1338,1545 4474,1553 4474,1459 4228,1439 1338,1451"/>
               <Baseline points="1361,1516 1517,1516 1673,1519 1829,1511 1985,1516 2141,1520 2297,1522 2453,1522 2609,1522 2765,1518 2922,1519 3078,1522 3234,1517 3390,1520 3546,1522 3702,1521 3858,1521 4014,1526 4170,1528 4326,1523 4483,1522"/>
               <TextEquiv>
                  <Unicode>kommt, werde ich meinerseits wohl den Zeitpunkt erwägen, in die</Unicode>
               </TextEquiv>
            </TextLine>
            <TextLine id="tr_2_tl_9" custom="readingOrder {index:8;}">
               <Coords points="1345,1647 4431,1658 4381,1549 1345,1561"/>
               <Baseline points="1367,1612 1520,1624 1673,1624 1827,1619 1980,1624 2134,1624 2287,1629 2441,1629 2594,1624 2748,1626 2901,1629 3054,1629 3208,1626 3361,1625 3515,1629 3668,1629 3822,1629 3975,1629 4129,1629 4282,1632 4436,1629"/>
               <TextEquiv>
                  <Unicode>States zu travellen. Vorher Sils – wohin vermutlich Michael und</Unicode>
               </TextEquiv>
            </TextLine>
            <TextLine id="tr_2_tl_10" custom="readingOrder {index:9;}">
               <Coords points="1326,1760 4197,1784 4314,1678 1322,1658"/>
               <Baseline points="1349,1719 1497,1735 1646,1731 1794,1725 1943,1731 2092,1731 2240,1731 2389,1731 2538,1735 2686,1737 2835,1737 2984,1737 3132,1737 3281,1737 3430,1738 3578,1743 3727,1740 3876,1737 4024,1737 4173,1731 4322,1737"/>
               <TextEquiv>
                  <Unicode>Hans kommen werden. Vielleicht auch Ella Maillart, eine Frau</Unicode>
               </TextEquiv>
            </TextLine>
            <TextLine id="tr_2_tl_11" custom="readingOrder {index:10;}">
               <Coords points="1345,1873 4361,1873 4361,1784 1345,1787"/>
               <Baseline points="1367,1838 1517,1842 1667,1834 1817,1838 1967,1834 2117,1840 2267,1844 2418,1842 2568,1844 2718,1844 2868,1844 3018,1844 3168,1839 3318,1844 3469,1850 3619,1849 3769,1849 3919,1847 4069,1844 4219,1849 4370,1844"/>
               <TextEquiv>
                  <Unicode>von grösstem Charme und ebensolcher Begabung (die mit Peter</Unicode>
               </TextEquiv>
            </TextLine>
            <TextLine id="tr_2_tl_12" custom="readingOrder {index:11;}">
               <Coords points="1326,1983 4275,1975 4275,1893 4017,1862 1326,1866"/>
               <Baseline points="1349,1940 1495,1946 1642,1944 1789,1945 1936,1946 2083,1947 2230,1952 2376,1952 2523,1952 2670,1952 2817,1952 2964,1958 3111,1954 3258,1952 3404,1952 3551,1954 3698,1953 3845,1948 3992,1955 4139,1953 4286,1958"/>
               <TextEquiv>
                  <Unicode>Fleming von Peking nach Kaschmir reiste) – sie will sich in</Unicode>
               </TextEquiv>
            </TextLine>
            <TextLine id="tr_2_tl_13" custom="readingOrder {index:12;}">
               <Coords points="1334,2096 4263,2085 4263,1999 3978,1979 1334,1983"/>
               <Baseline points="1355,2041 1500,2053 1646,2053 1792,2053 1937,2053 2083,2053 2229,2058 2374,2059 2520,2059 2666,2063 2812,2061 2957,2060 3103,2065 3249,2065 3394,2060 3540,2065 3686,2065 3831,2065 3977,2065 4123,2065 4269,2059"/>
               <TextEquiv>
                  <Unicode>Sils an ein Buch machen, was für mich ein Ansporn und eine</Unicode>
               </TextEquiv>
            </TextLine>
            <TextLine id="tr_2_tl_14" custom="readingOrder {index:13;}">
               <Coords points="1345,2171 1627,2218 1725,2182 2006,2218 2120,2182 2832,2190 2734,2085 2495,2132 2315,2077 1987,2116 1345,2089"/>
               <Baseline points="1367,2155 1440,2155 1513,2159 1587,2161 1660,2161 1734,2161 1807,2161 1881,2161 1954,2161 2028,2163 2101,2166 2174,2161 2248,2166 2321,2167 2395,2167 2468,2165 2542,2162 2615,2167 2689,2167 2762,2170 2836,2173"/>
               <TextEquiv>
                  <Unicode>Erleichterung bedeuten würde.\:p\</Unicode>
               </TextEquiv>
            </TextLine>
            <TextLine id="tr_2_tl_15" custom="readingOrder {index:14;}">
               <Coords points="1326,2304 4162,2308 4162,2194 1326,2198"/>
               <Baseline points="1349,2262 1490,2265 1631,2268 1772,2268 1913,2274 2055,2269 2196,2274 2337,2274 2478,2274 2619,2274 2761,2274 2902,2270 3043,2274 3184,2274 3325,2274 3467,2274 3608,2275 3749,2275 3890,2280 4031,2280 4173,2274"/>
               <TextEquiv>
                  <Unicode>\p\Und nun komme ich mir ganz \g\verloren\:g\ vor, weil ich</Unicode>
               </TextEquiv>
            </TextLine>
            <TextLine id="tr_2_tl_16" custom="readingOrder {index:15;}">
               <Coords points="1334,2421 4165,2421 4165,2308 1334,2319"/>
               <Baseline points="1355,2370 1495,2376 1636,2376 1777,2376 1918,2378 2059,2382 2200,2376 2341,2382 2482,2382 2623,2377 2764,2382 2904,2386 3045,2382 3186,2382 3327,2382 3468,2388 3609,2388 3750,2388 3891,2388 4032,2388 4173,2388"/>
               <TextEquiv>
                  <Unicode>statt wie ein Besessener an der Arbeit zu sitzen, einmal</Unicode>
               </TextEquiv>
            </TextLine>
            <TextLine id="tr_2_tl_17" custom="readingOrder {index:16;}">
               <Coords points="1345,2534 4228,2523 4228,2425 4060,2405 1345,2421"/>
               <Baseline points="1367,2483 1510,2487 1654,2488 1797,2483 1941,2485 2085,2489 2228,2489 2372,2494 2515,2489 2659,2489 2803,2495 2946,2495 3090,2495 3233,2495 3377,2495 3521,2495 3664,2495 3808,2491 3951,2495 4095,2498 4239,2501"/>
               <TextEquiv>
                  <Unicode>einen \g\Brief\:g\ schrieb. Es ist ja der \g\helle\:g\ Wahnsinn</Unicode>
               </TextEquiv>
            </TextLine>
            <TextLine id="tr_2_tl_18" custom="readingOrder {index:17;}">
               <Coords points="1338,2636 3763,2601 3978,2667 4162,2628 4162,2523 1338,2527"/>
               <Baseline points="1361,2597 1501,2594 1642,2591 1782,2595 1923,2593 2064,2597 2204,2597 2345,2597 2485,2600 2626,2598 2767,2603 2907,2603 3048,2603 3188,2601 3329,2603 3470,2603 3610,2602 3751,2597 3891,2601 4032,2602 4173,2597"/>
               <TextEquiv>
                  <Unicode>was ich da treibe, – kennst Du ähnliche Zustände? Und bist</Unicode>
               </TextEquiv>
            </TextLine>
            <TextLine id="tr_2_tl_19" custom="readingOrder {index:18;}">
               <Coords points="1330,2738 1647,2734 1838,2777 1889,2738 2030,2722 2226,2765 2222,2624 2124,2648 1651,2621 1564,2648 1439,2617 1326,2648"/>
               <Baseline points="1349,2698 1393,2701 1437,2704 1481,2704 1525,2704 1570,2704 1614,2704 1658,2704 1702,2704 1746,2704 1791,2704 1835,2704 1879,2704 1923,2704 1967,2704 2012,2704 2056,2704 2100,2706 2144,2709 2188,2710 2233,2710"/>
               <TextEquiv>
                  <Unicode>also nachsichtig?\:p\</Unicode>
               </TextEquiv>
            </TextLine>
            <TextLine id="tr_2_tl_20" custom="readingOrder {index:19;}">
               <Coords points="1334,2820 4420,2836 4416,2714 1330,2738"/>
               <Baseline points="1355,2800 1508,2806 1661,2812 1815,2812 1968,2817 2122,2815 2275,2818 2429,2818 2582,2814 2736,2812 2889,2818 3042,2818 3196,2813 3349,2818 3503,2818 3656,2820 3810,2818 3963,2820 4117,2818 4270,2818 4424,2824"/>
               <TextEquiv>
                  <Unicode>\p\\g\Wie geht es Eri?\:g\ – Die Giehse murmelte letzthin</Unicode>
               </TextEquiv>
            </TextLine>
            <TextLine id="tr_2_tl_21" custom="readingOrder {index:20;}">
               <Coords points="1334,2949 4169,2953 4169,2859 1334,2871"/>
               <Baseline points="1355,2919 1496,2919 1637,2918 1778,2917 1919,2919 2061,2919 2202,2922 2343,2925 2484,2919 2625,2925 2767,2925 2908,2925 3049,2925 3190,2925 3331,2925 3473,2925 3614,2925 3755,2925 3896,2921 4037,2925 4179,2925"/>
               <TextEquiv>
                  <Unicode>am Telefon Allerhand, Gesundheitliches, was mich in Sorge</Unicode>
               </TextEquiv>
            </TextLine>
            <TextLine id="tr_2_tl_22" custom="readingOrder {index:21;}">
               <Coords points="1338,3035 4404,3082 4338,2957 1338,2969"/>
               <Baseline points="1361,3021 1513,3027 1666,3029 1818,3028 1971,3033 2123,3033 2276,3028 2428,3033 2581,3033 2733,3033 2886,3033 3039,3029 3191,3030 3344,3033 3496,3033 3649,3033 3801,3027 3954,3033 4106,3033 4259,3035 4412,3033"/>
               <TextEquiv>
                  <Unicode>versetzt. Du sagst aber in Deinem Brieflein kein Wort davon? –</Unicode>
               </TextEquiv>
            </TextLine>
            <TextLine id="tr_2_tl_23" custom="readingOrder {index:22;}">
               <Coords points="1345,3164 4216,3168 4154,3059 1345,3066"/>
               <Baseline points="1367,3128 1510,3135 1653,3140 1796,3140 1939,3134 2082,3140 2225,3138 2368,3135 2511,3140 2654,3142 2797,3140 2940,3140 3083,3135 3226,3140 3369,3140 3512,3140 3655,3140 3798,3140 3941,3140 4084,3142 4227,3146"/>
               <TextEquiv>
                  <Unicode>Grüsse die ganze Familie, besonders Golo und Medy, – ob sie</Unicode>
               </TextEquiv>
            </TextLine>
            <TextLine id="tr_2_tl_24" custom="readingOrder {index:23;}">
               <Coords points="1334,3266 4169,3285 4169,3160 1334,3180"/>
               <Baseline points="1355,3242 1496,3248 1637,3248 1778,3248 1919,3248 2061,3243 2202,3242 2343,3242 2484,3242 2625,3248 2767,3248 2908,3244 3049,3248 3190,3245 3331,3248 3473,3248 3614,3248 3755,3253 3896,3248 4037,3242 4179,3248"/>
               <TextEquiv>
                  <Unicode>einmal schreiben, obwohl ich es nicht verdient habe? – Und</Unicode>
               </TextEquiv>
            </TextLine>
            <TextLine id="tr_2_tl_25" custom="readingOrder {index:24;}">
               <Coords points="1334,3364 1576,3418 3747,3403 3747,3301 3606,3270 1334,3262"/>
               <Baseline points="1355,3355 1475,3355 1595,3355 1715,3355 1835,3355 1955,3355 2075,3355 2195,3349 2315,3349 2435,3349 2555,3355 2675,3355 2795,3355 2915,3358 3035,3356 3155,3355 3275,3358 3395,3361 3515,3361 3635,3361 3755,3355"/>
               <TextEquiv>
                  <Unicode>Deinen Tomski. Für Eri meine ganze Zärtlichkeit.\:p\</Unicode>
               </TextEquiv>
            </TextLine>
            <TextLine id="tr_2_tl_26" custom="readingOrder {index:25;}">
               <Coords points="2757,3696 2828,3692 2855,3712 2910,3688 2976,3712 3039,3704 3125,3731 3129,3571 3070,3571 3035,3536 2980,3536 2922,3579 2871,3563 2761,3594"/>
               <Baseline points="2782,3671 2807,3671 2833,3671 2858,3671 2884,3670 2909,3668 2935,3667 2961,3665 2986,3665 3012,3665 3037,3665 3063,3665 3088,3665 3114,3665 3140,3665"/>
               <TextEquiv>
                  <Unicode>à toi</Unicode>
               </TextEquiv>
            </TextLine>
            <TextLine id="tr_2_tl_27" custom="readingOrder {index:26;}">
               <Coords points="3141,3919 3180,3927 3235,3903 3266,3915 3344,3896 3411,3935 3477,3927 3469,3735 3368,3810 3297,3763 3258,3786 3239,3778 3180,3825 3141,3810"/>
               <Baseline points="3164,3892 3190,3890 3217,3888 3244,3887 3271,3885 3298,3883 3325,3881 3351,3881 3378,3882 3405,3884 3432,3886 3459,3889 3486,3892"/>
               <TextEquiv>
                  <Unicode>stets</Unicode>
               </TextEquiv>
            </TextLine>
            <TextLine id="tr_2_tl_28" custom="readingOrder {index:27;}">
               <Coords points="3458,4126 4036,4103 4107,4162 4142,4138 4189,4154 4189,4017 4099,4017 4021,3958 3880,4025 3724,4029 3579,3989 3458,4017"/>
               <Baseline points="3480,4089 3515,4089 3551,4089 3587,4089 3623,4089 3659,4089 3695,4089 3730,4089 3766,4089 3802,4089 3838,4089 3874,4089 3910,4089 3946,4089 3981,4089 4017,4089 4053,4089 4089,4089 4125,4090 4161,4093 4197,4095"/>
               <TextEquiv>
                  <Unicode>treue Miro</Unicode>
               </TextEquiv>
            </TextLine>
         </TextRegion>
      </Page>
   </PcGts>
</validation-wrapper>
