2928 3697
1632 290 2590 444 Ankara 1. Nov 33
1630 401 2566 588 Hotel Belvü Palas
580 683 2196 880 Cher Claude ami - voilà trois semaines
604 827 2318 960 depuis mon départ – et la deuxième
609 944 2358 1098 periode qui commence: la période du
627 1048 2281 1244 temps qui s’écoule avec une vitesse
612 1183 1085 1295 inattendue
612 1263 2475 1452 Ich fühle mich Dir näher, wen[n] ich deutsch
606 1367 2741 1553 schreibe - lass mich kurz alles rekapitulieren -
625 1500 2566 1667 Da war Stambul - ville de mérveille -
625 1598 2669 1779 wo das Leben wie ein Rausch war u. mich
662 1715 2741 1914 gefährlich bauerten. Eine sehr ch charmanter
659 1840 2606 1981 Onkel Pozzi, sehr mit Damen u. mit
689 1952 2739 2207 Antiquitäten beschäftigt -  fleissiges Studium
641 2132 2685 2276 im ruhigen deutschen Institut (ganz ohne
654 2209 2571 2430 Luxus, deutsche Kleinstadt-Bibliothek
673 2356 1704 2534 u. Universitätsluft)
654 2470 2603 2664 Dan[n], mit Prof. Holzmeister - den Du lieben
699 2603 2393 2792 würdest, nach Ankara gefahren.
651 2696 2265 2919 (Zuerst Fieber u. schlim[m]e Träume)
678 2863 2614 3047 Misstrauen gegen die Nationale Stadt
702 2988 2544 3172 aber es ging mir ähnlich wie Dir
686 3124 2592 3323 in Oesterreich. Das Program Kemals
723 3244 2510 3470 ist generös, man[n]lich aufrichtig.
605 378 2538 556 Würde man in die Lage versetzt, sich diesem
607 476 2641 672 Man[n] zu ergeben, man konnte es ohne Scham
615 628 1578 749 mit ganzer Seele tun.
631 703 2677 893 Aber, Claude: Sans que je le voulais - presque
633 826 2538 978 sans m'en appercevoir – tout mon coeur
669 957 2638 1114 se tourne contre ce "programisme" - soit
664 1058 1979 1235 Sovjet, soit Nazi ou turque -
661 1186 2726 1403 Dieses dauernde Verbünden, Auferlegen, Betonen,
682 1300 2726 1511 Aufrufen – diese Bearbeitung der Seele durch
654 1395 2669 1627 Plakat Rede Kino Radio Défilè Musik
623 1513 1212 1657 und Presse -
620 1614 2638 1851 ich schrieb es heute in einem Artikel:
646 1727 2638 1961 "Die Begeisterung, zum Programm erhoben,
610 1866 1179 2010 wird oede" -
682 1961 2466 2139 Ich habe viel offizielles mitgemacht,
667 2098 2530 2298 mit dem diplomatischen Corps. Und
646 2175 2540 2394 ich habe den gan? von ganz nahr u.
669 2280 2471 2558 lang gesehen. Beaucoup de choses
705 2463 2373 2661 ont laissé leurs traces dans ce
703 2607 1017 2793 visage
679 2823 2257 3011 Nur die Archäologie geht schlecht.
677 3004 2188 3173 Ich weiss jetzt dass ich im[m]er
695 3125 2262 3284 ein Dilettant bleiben werde.
636 3230 2435 3451 Und immer ein Schriftsteller...
420 314 526 420 2
603 404 2419 635 Ich möchte dass Du einmal das Tagebuch
623 567 2211 750 dieser Reise lesen wirst. Ehrlich
623 684 2286 890 wird es nicht, parceque je n’écrits
623 802 2374 1001 pas tout. Pas les rêves et la fièvre.
1215 1007 2394 1145 Ma santé va mal. Je
680 1091 2302 1310 suis très refroidée, je me sens faible.
705 1245 2363 1412 Heuresement il y a Fred, et encore
725 1369 2238 1531 une femme avec beaucoup de
662 1477 2424 1710 charme (juive viennoise) qui s' occupe
707 1629 2279 1823 à me soigner.  Je pense rester ici
653 1800 1540 1936 encon 2-3 semaines.
664 1929 2336 2162 Das Land ist grossartig - es wird
675 2076 2381 2327 einmal die neue Stadt besiegen.
730 2180 1868 2397 Was macht Europa?
671 2311 2487 2636 Schreibe mir ob ich Dir 1-2 Artikel
684 2448 2261 2720 für Frankreich schicken kann.
671 2593 2415 2941 Schreibe mir überhaupt sofort. J’ai
705 2767 2317 3052 envie de voir Klaus, Eriha et toi
714 2902 2162 3167 aussi. Fred grüsst Dich sehr.
698 3027 2173 3325 Schreibe gleich. Je t’embrasse.
1943 3411 2116 3530 A.
768 1786 2004 1947 Monsieur Claude Bourdet
783 1964 1805 2132 47 Avenue de Jéna
1392 2122 1751 2293 Paris
755 2267 1111 2446 France [Stempel: 5.11.1933]
