3557 4502
2930 183 3360 220 Juni? 1930 [bleistift]
2898 179 3298 380 Anfang Juli? [bleistf]
659 949 1787 1187 Ma chère Jaqueline –
638 1204 3126 1432 vous avez bientôt des vacances – aucun
580 1484 2839 1728 de nos projets est fixé – toutes les
569 1770 2701 1977 possibilités sont encore ouvertes!
569 2056 3019 2308 Vers le 15 Juillet je serai opérée de
545 2332 3150 2577 l'apendicite, vers le 15 Août je pense
555 2615 3302 2829 partir pour les grisons: travail d’archive
573 2895 2953 3115 jusque 1er septembre à Coire, alors
586 3184 1242 3422 Engadine –
580 3460 2981 3698 je vous demande: est-ce que vous
604 3736 3378 3995 pouvez venir à la fin du mois d'Août
417 3737 535 3914 *
594 382 3136 619 a l'Engadine. On pourrait faire,
581 650 3070 907 aulion les grandes routes, quelques
587 932 2976 1182 jours d'excursions superbes à
612 1206 3167 1453 la montagne – avez vous envie?!
549 1509 3327 1756 Si vous préfrog une autre date, écrivez
615 1776 3229 2009 moi – écrivez-moi tous vos projet
636 2054 3233 2312 Sogg Contente dien Jaquiline-je seu
647 2340 3271 2593 vous êtes fatiguée - mais maintenant
695 2621 3309 2864 c'est l'été, les vacances, la belle vie
1571 2899 3348 3146 Encore un projet : avez-vous
2131 3184 3316 3410 et 15 Août, pour
584 3188 2048 3389 envie de venir entre 1
629 3473 3129 3720 faire un voyage le long du Rhin
587 3751 3125 3973 avec quelques étudiants (mes amis)?
594 3946 3393 4144 Si le docteur me le permet, j'ai l'intention
640 4130 3393 4356 de réaliser ce projet. Ecrivez tout de suile!
