3521 4502
734 794 2811 1130 Ma chère Jaqueline, vous venez à
744 1020 3027 1379 Bocken, donc c'est inutile que
641 1203 1605 1472 je vous écrire, mais permettez
658 1455 2914 1771 moi quandmême quelques mots.
605 1611 3166 2023 Votre lettre m'a fait un immense
621 1844 3303 2312 plaisir, je ne sais pas trop pourquoi –
655 2053 2608 2356 Mais vous êtes tellement chic
601 2216 3007 2631 et vous me donnez quelquechose
598 2489 3170 2891 ce que moi-même je n'ai pas, une
555 2688 2970 3077 sorte de simplicité de voir les
585 2974 2349 3362 choses en même temps qu'un
611 3236 1668 3555 grand courage
641 3469 3150 3844 Je vois très bien ce que je devrais
721 3708 1774 3977 faire, et en somme je n'ai
698 3977 1688 4186 pas du tout peur pour moi –
637 360 2818 667 mais toujours pour les autres,
595 623 2541 924 et je sais que, ä ce point, je
631 874 1787 1206 vais trop loin.
648 1145 2753 1447 Du reste: ce n'est pas d
589 1405 2220 1653 ce que vous m'écrivez qui me
1106 1659 2779 1969 fait tant de bien, mais
1042 1907 2971 2198 tout simplement d'avoir une
556 2064 2896 2402 lettre écrite par vous. C'est
1145 2396 3256 2675 j'ai u peu comme: vous voir.
701 2605 2949 2952 Je suis très tranquille alors
1056 2837 2714 3128 et presque heureuse. Et ça
715 3083 2672 3396 me fait beaucoup de mal de
681 3407 2251 3678 vous savoir si près et si
634 3560 1025 3831 loin.
1117 3789 2589 4080 Bon-soir et merci
2332 4097 3049 4292 Annemarie
