2711 3389
1620 244 2336 500 25. Juli 1930
739 587 1623 835 Liebe Annemarie,
1383 753 2438 970 es ist mir gar nicht
731 942 2419 1122 recht, daß ich nicht mehr dazu
763 1061 2508 1240 kam, dich im Spital aufzusuchen.
763 1201 2460 1377 Ich habe es mir fest vorgenommen
772 1340 2466 1509 — schon aus Dankbarkeit für deinen
779 1464 2203 1642 damaligen Besuch, als ich im
790 1592 2521 1781 Krankenhaus von Samaden lag und
781 1723 2447 1875 der mich sehr gefreut hat — aber
779 1864 2377 2027 da mein Bruder in den Ferien ist,
781 1984 2508 2164 kam dann im Büreau [sic] immer wieder
796 2125 2399 2284 etwas dazwischen, das mich ver¬
772 2245 2329 2427 hinderte nach Zürich zu fahren
770 2423 2356 2556 und auf einmal hörte ich (zu
779 2523 2299 2732 meiner Freude für dich und zu
682 539 2271 739 meinem Schrecken für mich) dass
716 678 2288 860 du bereits wider zuhause seist
729 837 2328 1027 und daß alles gut abgelaufen sei.
699 968 2347 1139 Nun wirst du glücklich sein, dass
729 1096 2423 1255 alles vorbei ist und dass man deinen
731 1234 2165 1396 unsauberen Herd von allerlei
708 1360 2271 1521 schädlichen Wirkungen entfernt
735 1483 2332 1667 hat und du mußt jetzt nur auf¬
739 1635 2248 1794 paßen, dass du nicht aufgehst
737 1762 2427 1916 wie ein Fasnachtschüechli und deine
729 1876 1859 2017 schöne Linie verlierst!
927 2001 2362 2193 Meine Familie ist gegenwärtig
752 2127 2393 2311 am Greifensee. Ich sitze derweil
737 2260 2277 2448 in freiwillig gewählter Klausur
725 2410 2229 2548 im Tössertobel und – schreibe
739 2527 2301 2748 meine Memoiren. Auf Grund
743 555 2411 749 von Briefen die [add above line: ich] regelmässig, all¬
781 716 2392 861 wöchentlich an meine Mutter oder
781 830 2470 1009 meinen Vater während meiner Studien-
802 986 2502 1163 Lehr- und Wanderjahre schrieb und
779 1083 2415 1284 die noch vorhanden sind, kann ich
781 1227 2333 1406 meinem nicht gerade berühmten
792 1379 2318 1529 Gedächtnis nachhelfen und so
775 1469 2373 1674 lebt nun wieder eine Zeit vor mir
798 1615 2409 1799 auf, die ich zum grossen Teil ver¬
800 1752 2441 1923 gessen glaubte. Es sind ja aller¬
794 1887 2289 2048 dings keine welterschütternden Ge¬
802 2018 2464 2194 schehnisse zu berichten, aber all¬
802 2145 2419 2329 fällige Enkel und Urenkel mag es
794 2259 2384 2445 doch amüsieren, einiges [add above line: darüber] zu hören, wie
800 2386 2341 2586 es früher zuging und was der Ur¬
817 2529 2109 2736 ahne alles angestellt hat.
705 583 2289 796 Lass es dir weiter recht gut gehen
721 774 2283 938 und sei herzlich gegrüsst von
733 920 1757 1139 deinem alten Onkel
1570 1082 1911 1261 Georg.
