2834 3889
625 280 1670 409 [Keine Leerschlag nach Satzzeichen, gewisse Tremma von von Hand eingesetzt] Moskau, Hotel Metropole, Zimmer 582 -
939 431 1280 560 le 19 Aout
652 786 2317 879 Mon cher Claude - je me trouve donc a Moscou - cette ville
643 857 2210 930 miraculeuse qui a toujours été un objets de ma plus
643 920 2482 991 profonde curiosité - Je suis arrivé avec Klaus, pour un congrès
645 966 2482 1044 d'écrivains - qui,en effet, n'est pas la partie la plus interes¬
643 1008 2470 1081 sante de notre sejour - comme nous ne comprenons pas le Russe -
640 1071 2534 1132 Mais, voilà le premier fait émouvant: l'intérêt fervent de toute
650 1102 2602 1207 la population envers les questions litteraires. Es ist eine Sache
679 1166 2541 1236 die jedermann angeht und jedermann interessiert. Während es in
650 1207 2356 1290 Europa kaum mehr Leser gibt, und der Schriftsteller nicht
655 1258 2388 1351 geehrt [von Hand eingefügter Leerschlag mit einem senkrechten Strich] wird, sondern froh sein muss wenn er einen schlecht
650 1302 2538 1392 zahlenden Verleger findet - steht hier ein Mann wie Gorki neben
652 1365 2392 1433 Stalin [leerschlag mit Handstrich] im Mittelpunkt des breitesten Jnteresses, er ist ein
660 1387 2509 1489 wahrer Nationalheld - und um das Schirfttum bemüht sich einfach
660 1487 974 1560 jedermann.
655 1477 2456 1592 Je suis au lit - avec un peu de fièvre, je n'ai pas de thermo¬
657 1560 2497 1643 mètre, mais je pense que je serai remise en très peu de temps.
657 1618 2565 1696 C'est mon collègue tres admiré Gustav Regler qui me soigne
664 1677 2451 1745 un peu - Je ne sais pas si tu connais son roman: Der verlorene
655 1730 2417 1801 Sohn. C'est un peu le mérite de Klaus de l'avoir découver t-
655 1772 2327 1840 il etait élève jesuite - un catholique fervent - et ils est
664 1818 2422 1896 transformé daens un ennemie aussi fervent de léglise. Jl est
664 1872 2429 1984 meilleur et le plus intéressant des jeunes communistes qui
657 1942 1691 1996 sont réunis a Moscou en ce moment.
652 1947 2456 2052 Mon ami - je regrette tellement d'entreprendre tout cela sans
660 2025 2451 2098 toi. Je voulais que tu connaisse Klaus - je voulais surtout te
657 2074 2003 2144 revoir. Me voila de nouveau très loin de toi -
664 2110 2446 2200 De tes compatriotes il y a Malraux - tres herveux d'ailleurs,
672 2176 2392 2241 tres épris de l'UdSSR - et Jean-Richard Bloch qui me semble
667 2212 2507 2302 tres simpathique. Es ist unmöglich dass ich Dir über alles mit
660 2271 2570 2349 dem wir uns hier beschäftigen, berichte - doch werde ich ein gutes
667 2339 2482 2414 Tagebuch führen, und es wird uns als Diskussionsbasis dienen,
672 2370 2521 2456 wenn wir uns wiedersehen. Aif [sic] jeden Fall kann heute, angesichts
672 2443 2478 2509 des europäischen Désastre - niemand hochmütig an der Sowjetre¬
657 2478 2482 2565 publik vorübergehen. Was hier geschieht, ist voll von Zukunft.
664 2536 2516 2611 Au revoir, mon chéri - ecrits-moi ici - Klaus va quitter Moscou en
681 2587 2329 2665 peu de jours - moi, je compte rester encore deux semaines,
667 2645 2329 2709 tu sais que je suis toujours trop curieuse pour de etre
667 2677 2419 2757 satisfaite par une simple visite. Je pense continuer alors
677 2731 2495 2847 vers Baku et la mer Caspienne, ou je rencontre (je l'espere) un
669 2787 1852 2884 Jeune architecte, Krefter, de Persepolis.
669 2816 2580 2916 Ecrits-moi ce que tu faits. Jl y a tant de choses que je voudrai
667 2903 1047 2991 te demander.
1020 2962 1852 3084 Tendrement à toi, mon vieux -
1845 3127 2166 3247 Annemarie
