3530 4511
1927 209 2801 516 Bocken Morgen
2649 421 3254 661 22 Sept. 29
864 712 2038 1070 Chère Jacqueline –
918 997 3200 1266 mercie de m'avoir écrit si vite.
861 1177 3099 1459 Vous m'écrivez d'une façon
880 1412 3197 1624 si bonne, et ça me rappelle
820 1586 3086 1829 les apres-midi à Meilen : le
848 1766 3282 2010 soleil, la tranquillité, et comme
845 1943 2934 2203 vous étiez brune! Seulement,
810 2095 3061 2418 là-bas, je me sentais "visite",
870 2358 3263 2646 qui jouissait des bien des autres.
782 2570 3330 2826 Mais vos lettres, elles sont directe¬
817 2754 3156 3035 ment pour moi. Il est très chic
1190 2918 2909 3247 ça, et je me suis gâtée –
782 3190 3140 3425 Mais j'en ai très besoin en ce
779 3374 3260 3652 moment. Ne croyez pas que je
760 3580 3016 3801 suis triste, seulement je ne suis
725 3763 3244 4001 non plus heureuse. Zürich, ce n'est
817 3969 3273 4244 pas l’endroit pour moi. J’en
851 4133 3250 4374 souffre parceque je suis très seule
612 213 3230 487 Vous savez que j'ai les idées, au fond
596 389 3032 612 de mon coeur, très antimilitaristes,
624 551 3182 787 très "modernes", indépendantes, contre
637 761 3077 930 tout ce qui est “dasse”, aristocratie
637 866 2981 1099 dans le mauvais sense du mot
659 1061 3067 1306 et pour tout ce qu'est liberté
736 1207 3150 1478 simple, libre, ouvert, – et vous avez
704 1398 3048 1608 bien remarqué à Meilen , que ces
758 1589 3150 1780 idées sont assez contraires à celles
717 1749 3207 2035 de ma famille. Ainsi que jamais,
809 1911 3169 2150 je peux parler librement: On se
755 2096 3290 2366 tourne toujours avec méfiance contre
701 2265 3172 2542 moi. Alors je cesse de dire mon
710 2440 3023 2749 opinion, et ça me rend triste,
774 2679 2472 2933 renfermée sur moi-même.
739 2835 3179 3102 [p En relisant cette pap, je vois que
755 3077 3296 3325 je m'exprime très mal. Vous allez
822 3214 3271 3468 penser que ce n’est pas grave du
739 3376 2917 3666 tout, mais Jaqueline, à la
774 3554 3271 3898 longueur, ou se sent si découragé.
1733 3765 3179 4016 [p] Dernièrement j’ai eu
828 3933 3230 4204 une lettre d’Erna Colombet qui
825 4118 3300 4363 aussi m’a fait très mal: les gens
726 297 2972 633 s’éloignent de moi, et ne me
771 573 2028 832 comprennent plus.
653 944 3032 1241 [space] je ne sais pas pourquoi je vous
691 1171 3167 1340 écris tout cela. Ce n'est pas mon
739 1347 3135 1548 habitude – Mais c’est pour vous
713 1494 3228 1791 expliquer mon profond décourage-
691 1673 3221 1906 ment. Pendant que vous étiez là
749 1881 2418 2057 c’était bien mieux –
678 2009 2981 2239 Et aussi depuis que je n’ai plus
739 2182 3068 2441 Vollmoeller, je me sens dans un
755 2351 3132 2604 était constant de défense, et je
761 2572 1737 2799 m’en fatigue.
688 2693 2690 2898 Je voudrais partir. Jaqueline, je
803 2834 2888 3087 voudrais tellement être libre
790 3039 3292 3320 à former ma vie – au lieu d’user
736 3167 3301 3455 mes forces dans cette défense contre
787 3387 3215 3631 la résignation: Parceque ce serait
758 3563 3026 3807 bien [add above: plus] facile pour moi de plier.
755 3752 3039 3973 devant les habitudes de ma
777 3947 1177 4117 classe.
739 4030 3311 4280 Moi j’aime trop ma vie. Je ne veux
3183 4264 3371 4392 pas
637 274 2946 518 C’est aussi pourquoi je ne vais pas
673 485 2973 688 me marier: ce serait une lâcheté.
664 961 3057 1214 [space] Après vous avoir dit ces choses – lâ,
634 1301 2949 1539 Ecoutez, est-ce que vous aimez la
690 1146 2741 1360 je me sens un peu soulagée.
652 1458 2967 1708 musique? C'est un cadeau de
705 1613 2979 1896 Dieu (nous sommes en train de
679 1821 2902 2080 jouer un Trio de Schubert – avec
717 2000 2402 2205 Thibault, Cortot, Casals)
622 2330 2914 2569 [space] je vous envois demain. les négatives
649 2521 2997 2786 de vos photos. Merci pour la votre,
693 2679 3003 2932 qui vraiment n’est pas très bien!
976 2997 2875 3214 [space] je voudrais. tant vous voir
601 3170 2899 3393 cet hiver. Je tâcherai de l’arranger,
670 3360 2768 3566 mais je ne sais pas comment –
1979 3732 2717 3952 An[emarie
