2699 3374
1630 357 2319 525 15. Mai 1933
598 553 2358 836 Liebe Annemarie, [added by foreign hand beside line: Schwarzenbach]
1048 796 2330 990 an hast mit sicherem
619 936 2442 1139 Instinkt zur Schreibmaschine ge¬
640 1102 2515 1273 griffen, als du mir schriebst, denn
635 1240 2473 1413 in der Tat ist dein Brief im besten
649 1380 2510 1543 Falle nichts anderes als ein Geschäfts¬
647 1518 2454 1700 brief. Leider war auch dein vor¬
626 1646 2424 1833 letzter Brief nur ein Pumpbrief
640 1810 2487 1989 und es hat mir leid getan daraus
637 1924 2494 2141 den Schluss ziehen zu müssen, dass
637 2090 2484 2340 der alte Onkel in deiner Vorstellung
658 2251 2421 2431 wohl hauptsächlich nur als eine
658 2372 2309 2564 anzapfbares "Würgu" [? ev. Abkürzung Für Würstchengulasch, Padfindersprache] zu leben
647 2505 2540 2737 scheint. Ich mache dir deswegen
659 517 2407 707 keinen vorwurf, sondern denke
663 676 2214 855 es liege an mir, dass ich es
667 811 2285 1006 nicht besser verstanden habe
667 964 2424 1154 dir menschlich näher zu kommen
652 1120 2427 1304 trotzdem es immer mein Wunsch
685 1273 1390 1454 gewesen war.
778 1366 2393 1600 Was dene Proposition anbelangt
650 1549 2427 1724 so betrachte ich sie ebenso aus¬
667 1688 2427 1863 sichtslos wie s. Z. [seiner Zeit] die Film-Idee.
683 1823 2451 1980 In Deutschland wird eine geplante
683 1969 2396 2128 Zeitschrift aller Wahrscheinlichkeit
681 2117 2420 2287 nach verboten werden, in England,
690 2239 2371 2435 Frankreich und Italien liest man
690 2371 2402 2546 keine mehrsprachigen Zeitschriften
683 2537 2303 2721 und die Schweiz allein ist ein
681 426 2187 669 zu kleines Absatzgebiet um
672 631 2151 794 eine solche Unternehmung
667 765 2350 964 finanziell haltbar, geschweige
658 922 2222 1113 denn rentabel zu gestalten.
667 1049 2327 1258 Das investierte geld müsste also
672 1212 2461 1377 von vornherein abgeschrieben werden.
672 1368 2300 1517 Dazu fehlt mir offen gestanden
681 1502 2285 1676 jede Lust, umsomehr als mir
665 1644 2303 1830 der Kreis von Menschen, die die
703 1792 2452 1977 geplante Zeitschrift ins Leben rufen
676 1928 2385 2091 wollen, innerlich und äusserlich
689 2062 2372 2251 fremd ist. Was ich von Klaus
692 2202 2289 2385 Mann gelesen und gehört habe
685 2352 2312 2512 lässt mich nicht glauben, dass
685 2503 2325 2715 er der richtige Mann wäre um
676 457 2391 631 der geplanten Halbmonatsschrift
698 613 2061 801 zum Erfolg zu verhelfen.
865 749 2424 943 Ich habe mir überlegt, ob ich
689 912 2281 1102 dir so offen meine Meinung
689 1046 2451 1247 schreiben solle. Ich habe es getan
680 1198 2284 1356 weil du mir nie gleichgültig
680 1358 2362 1543 warst und es auch jetzt nicht
682 1487 2321 1675 bist. Ich habe es getan auf
673 1630 2466 1817 die Gefahr hin, dass du und deine
689 1784 2460 1945 Freunde sich über den schäbigen
676 1936 2263 2107 alten Knauser lustig machen
676 2072 2431 2263 werdet [ev. überschrieben: werden]. Aber es schien mir nötig
680 2221 2399 2428 um die Luft zu klären, damit
667 2357 2319 2562 wir gute Freunde bleiben oder
671 2522 2290 2707 besser gesagt, werden können.
1166 2683 2223 2866 Herzlich dein Onkel
1710 2845 2047 3039 Georg
