3035 4289
511 379 1216 641 7. Mai [1934]
487 848 2744 1083 Lieber Hasi! Deine Sorge um den
475 1035 2630 1258 Haushalt ist verständlich, doch
478 1240 2816 1417 wird Mama Dich morgen davon
439 1339 2855 1646 befreien. Dass es dem Victory u. Dir
454 1562 2858 1790 wohl ergeht, freut mich. Von mir ist
439 1712 2551 1944 dasselbe zu sagen. Seit ich von
436 1853 2807 2124 Berlin weg bin, schlafe ich täglich
442 2019 2822 2263 einige Stunden länger. Wie soll das
403 2220 2774 2386 noch enden! Leider leider habe ich
373 2314 2750 2566 noch keine rechte Nachricht ob ich
409 2458 2696 2780 nun in Berlin im Rundfunk¬
382 2633 2741 2928 bureau sehr fein sitzen oder mich
400 2792 2557 3096 mit gar nicht feinen Zeitungs¬
394 2937 2798 3274 schreibern abplagen soll. Doch ist das
430 3108 2548 3427 gar nicht so wichtig, ich lerne
436 3316 2768 3574 bereits dass es die Hauptsache ist,
400 3466 2578 3752 das wirklich Wichtige anständig
436 3617 2594 3908 u. still zu tun, das nämlich
427 3842 2780 4038 wozu man ein bischen Talent hat,
472 3975 2846 4170 verstärkt durch Entschlusskraft.
467 348 2678 602 So man gesund u. vergnügt ist u.
473 556 2663 770 ein paar gute Freunde hat, darf
443 675 2843 947 man von "Sorgen" überhaupt nicht
418 846 828 1050 reden.
370 974 2541 1276 \p\So weit das Geschäftliche. Nun das
400 1160 1029 1380 Liebliche.\:p\
376 1344 2831 1606 \p\Krachs gar nicht in Frage, denke ich.
388 1481 2822 1750 Erika lässt Dich grüssen. Sie macht
421 1637 2773 1961 in 8 Tagen die mächtige 10 000 km
418 1774 2736 2110 Fahrt mit [vgl. Briefe an Erika Mann], das ist verrückt, aber
415 1942 2785 2330 vielleicht hält sie es aus. Ich fahre
424 2128 2785 2455 von hier möglichst rasch nach Frank¬
397 2315 2764 2669 reich um Hanna Kiel zu treffen. Dan[n]
391 2449 2782 2813 schlafe ich im Auto noch 4 Wochen.
400 2635 2672 3035 Dan[n] sollte ich wieder arbeitsfähig
382 2779 2813 3234 sein. Schreib wen[n] Du die Autoprüfung
385 2944 2822 3384 hast. Schreib jetzt gleich ein Kärtchen
379 3136 2706 3521 was für Nachrichten Ihr von Paps
415 3252 2550 3655 habt. Und Grüsse Mameli u.
443 3451 1771 3732 Em[m]y tausendmal.\:p\
437 3643 2529 3930 Ich Grüsse Dich als treue Schwester
2019 3988 2809 4193 Annemarie
202 3900 1643 4144 Grüsse in Zürich an Willes
257 4061 922 4199 u. Arndts!
232 540 265 2987 Marken u. Kuss für Nono!
