3476 4556
1737 245 2992 424 Fetan 14. Nov. 26
525 705 1956 978 Lieber Herr Pfarrer!
442 881 3064 1158 Ich glaube, es ist schon sehr lange
482 1079 3118 1395 her, seit ich Ihnen zu letzt schrieb –
493 1284 3136 1521 Ich habe mein Examen gemacht.
521 1449 3075 1755 Es ist sehr gut gegangen. Ich
410 1618 3309 1888 habe in allen Fächern 6, in Zeichnen 5.
529 1787 3003 2093 Nun habe ich Zeit mich auf
482 1956 3319 2320 Mathematik u. Latein zu konzentrieren.
482 2133 3111 2485 Statt dessen sitze ich am Klavier
529 2352 3104 2704 u. vergesse Zeit u. Ort. Das ist
468 2535 3247 2884 manchmal nötig. Aber die „Konzen¬
561 2722 2996 3064 tration" auf lauter langweilige
554 2999 2147 3323 Dinge wäre auch nötig.
521 3183 3251 3503 Ich möchte gern wieder mal nach Rein
557 3395 2913 3726 kommen, wir ist, als sei alles
536 3575 3143 3866 fern u. unwirklich geworden. Alles.
615 3762 3028 4031 Und ich wenn doch, dass ich es
604 4060 1597 4280 wirklich erlebte.
587 327 3031 554 Dan[ kom[t ein Tag, andem man
590 460 3053 739 von hier weg fährt. Und dan[
587 697 2188 908 fängt alles wieder an.
606 807 3102 1076 Wie wen[ man hier in einem ganz
645 1008 3254 1232 ruhigen Winterschlaf aller äusseren
690 1138 3287 1423 Unruhe liegen würde. Man ko[mt
697 1342 3254 1653 nur in Gefahr, auch i[nerlich zu
645 1504 3293 1838 schlafen. Alle Menschen sind so
664 1728 3095 2113 geistesfaul, so unverantwort hat.
642 2074 1429 2272 gedankenlos.
632 2191 3154 2389 Allem Aber man sagt mir allgemein,
664 2317 3011 2583 ich verlange zu viel. Von wem
655 2525 2843 2742 darf man den[ viel verlangen?
898 2706 2972 2872 – Oder doch soviel, als man
713 2826 3128 3069 selbst sicher ist, verantworten zu
700 3005 3270 3251 hören. Die Wandervögel sind alle
729 3154 3296 3439 ehrlich zueinander. Darnach habe
762 3335 2061 3611 ich oft Sehnsucht.
1368 3549 2843 3841 Viele herzliche Grüsse
1747 3880 2810 4129 Ihre An[emarie
