3494 4412
1810 205 2840 445 Saltsjø - Dufnäs
2691 284 3238 483 6. Aug. 28
1529 344 2161 679 Confessant
736 666 1620 881 Lieber Ernst,
682 802 2893 1052 ich habe Deinen Brief lange
673 982 2928 1226 nicht beantwortet, nicht aus
654 1150 2912 1440 Interesselosigkeit, aber weil ich
673 1324 3203 1601 ihn schriftlich nicht beantworten
682 1475 3263 1772 kan]. – ich meine es gibt Sphären,
701 1693 3020 1958 und meistens sind es die des
695 1829 3193 2208 Gefühls, die man erlebt hat u.
774 1977 3250 2290 versteht, man hat sie aber noch
761 2126 3143 2492 nicht durchdrungen. Sie sind
736 2303 2979 2682 noch persönlich in uns, statt
790 2480 3209 2887 umgewertet zu sein in gedanklich
783 2669 3326 2976 Fassbares. Nun will ich nicht sagen
799 2846 2969 3152 dass man nicht persönliches
793 3026 3184 3323 Erleben an sich gerade so wie
777 3197 3197 3525 man es an sich erfahren hat,
787 3415 3115 3693 berichten kann. Aber es ist doch
840 3560 3317 3917 schwer. Eine kleine Freundin schrieb
865 3749 3323 4084 mir letzthin, sie sehe jetzt wie dum[
884 3958 3307 4217 es sei von mir zu verlangen, ich solle
935 4078 3225 4290 ihr von mir genau? schreiben. Das
678 260 3306 524 könne man doch nicht weil man ja dann
731 448 3223 649 auch von Anderen schreiben müsse,
678 599 2542 817 und das gehe nicht immer. –
695 718 3125 975 Das ist gerade was ich Dir sagen
701 863 3286 1139 wollte. Ich scheue mich nicht von mir
688 1040 3052 1274 zu berichten. Aber von Anderen.
721 1185 3016 1380 Ausserdem ist das, was Du in
744 1294 3190 1538 Deinem Brief die lesbische Welt
744 1455 2986 1709 nanntest, so verpönt, irgendwie
754 1623 3345 1864 habe ich gelernt dass es den Leuten
780 1712 3362 1992 Sensation bedeutet, heimliches Laster,
731 1841 3309 2160 beschmutzend u. entehrend. "Unnatürlich".
688 2038 3335 2265 Weil ich weiss dass Du nicht so denkst
747 2166 3273 2436 kan[ ich Dir sagen dass ich warme,
757 2328 3345 2578 starke Zuneigung, brennendes Freundschafts¬
744 2459 3312 2736 gefühl, alle jungen glühenden Kräfte in
682 2637 3118 2868 mir nie anders als einer Frau
734 2789 3125 3049 gegenüber ge empfunden habe, u.
777 2904 3306 3187 dass ich nur Frauen mit wirklicher
744 3085 3312 3365 Leidenschaft lieben kan[. Män[ern u.
744 3223 3299 3599 Jünglingen gegenüber ken[e ich Kamerad¬
780 3483 3292 3714 schaft u. Vertrauen, nur mit ihnen
793 3681 3292 3935 möchte ich arbeiten, sobald ich aber
803 3849 3210 4116 fühle dass sie mir als "Frau" ent¬
876 4017 3194 4254 gegenkom[en, stossen sie wich ab bis
661 306 1448 615 zum Ekel.
931 439 3050 736 Mag das nun schlecht u. wider¬
814 618 2965 915 natürlich sein: meine Natur
778 801 3027 1048 ist es doch. Und wäre ich das,
840 1006 3239 1230 was die Anderen natürlich nen[en,
771 1178 3183 1432 so müsste ich mich dazu zwingen,
820 1367 3190 1618 n. das erst finde ich verabscheu¬
804 1608 1712 1855 ungswürdig.
732 1725 3343 1989 Mir scheint als könne das Verhältnis
794 1878 3177 2168 eines Man[es zu einer Frau nie so
775 2047 3229 2272 rein, so frei vom Tierischen, so zart
771 2223 3206 2451 u. im Tiefsten verstehend sein, wie
810 2350 3336 2584 das Leben, wie die Liebe von Frau zu
934 2532 2916 2773 Frau. Ich weiss dass ich
827 2676 3213 2965 unvergleichlich mehr leisten könnte,
827 2793 3008 3082 wen[ ich eine Freundin hätte, die,
856 2995 3229 3222 weiter u. reifer als ich, mir an mich
804 3203 2952 3447 glauben u. mich lieben Würde.
1797 3304 3125 3554 Teile davon habe
853 3489 2806 3815 ich erfahren. Ich habe viele
876 3620 3063 3948 Freundin[en. Aber die Freundin –
885 3825 2812 4150 Geliebte ist nicht darunter.
1828 641 2036 802 fahre
931 726 2071 933 in 14 Tagen fakom[e fahre ich
895 944 2096 1122 nach Hause. Dan[
864 1080 2232 1285 möchte ich einmal
864 1263 2111 1470 nach Rein kom[em.
886 1419 2238 1663 Ich lasse Frau Dr.
909 1652 2367 1860 Merz vielmals grüssen.
927 1830 2220 2064 Hoffentlid geht es
908 2011 2051 2200 Euch allen gut!
1693 2439 2438 2574 An[emarie.
