5150 6568
1027 1187 4584 1508 Liebe Actrice, bereite Dich vor dass
997 1393 4604 1703 ich noch einmal von Bernhard
1092 1598 4709 1944 zu schreiben vorhabe, d.h. genauer
1082 1769 4619 2119 gesagt: Von seinem Freund Gert
1052 1999 5080 2320 und von meiner Verzweiflung. Nicht
1032 2219 4870 2465 wegen des Schlusses, der steht leidlich
1047 2430 4684 2750 befriedigend da, aber wegen Gert
1012 2640 4990 2971 selbst, diesem schwierig zu behandelnden
1012 2866 4770 3191 Jungen von dem ich erzählen sollte
1052 3131 4619 3432 weshalb er so ganz und gar in
1002 3312 4624 3607 die Hände des schönen Jünglings
1002 3522 4890 3868 Leon geraten konnte – und, obwohl es
1072 3717 4835 4018 mir durchaus verständlich ist, will
972 3918 4514 4309 es mir nicht gelingen, es ebenso
1047 4123 4559 4474 verständlich auf das Papier zu
992 4329 4950 4719 bringen. Dabei handelt es sich nicht
1047 4544 4524 4935 um Gründe, was sind Gründe!
1032 4830 4995 5145 (Ken[n]st Du den unvergleichlichen Spruch,
1057 5060 4639 5326 von Pascal? Il ne s'agit pas de
1192 5271 4780 5561 tr prouver, mais de persuader.)
947 574 4374 902 Wie lernt man, die Menschen zu
1023 852 4621 1139 überzeugen? Das eben kann Gert
993 1088 4343 1325 nicht, und darum verzweifelt
967 1229 4676 1507 er, und ich kann es auch nicht –
912 1461 4928 1819 Es ist, glaube ich, sinn- u. zwecklos sich
917 1663 4908 2046 darüber aufzuregen, trotzdem tu ich es
902 1975 4852 2247 u. komme mir dumm vor, was ich Dir
932 2177 4888 2474 in banaler Weise wohl schon mehrmals
922 2373 2529 2620 wiederholt habe.
882 2499 4923 2832 Burckhardt sagte letzthin allen Ernstes, ich
897 2726 4646 2948 hätte Talent. Darüber sollte ich mich
897 2917 4777 3190 freuen, aber was kan[n] ich gegen die
947 3124 4973 3346 vernichtenden Gegenbeweise die sich häufen?
937 3295 4671 3608 (Berge nämlich, von zerrissenem Papier,
922 3502 4807 3804 stumpfe Worte, stumpf wie Gerts Farben,
927 3693 4913 3991 verlorene Zeit, ein scheussliches Gefühl der
922 3860 4938 4182 Unfähigkeit –) Übrigens scheut Burckhardt
932 4102 4505 4399 aus Sorge für mich, und in einer
957 4288 4580 4600 überzeugenden Weise, davor zurück,
947 4515 4827 4802 "Ruth" drucken zu lassen. Ich fürchte
927 4686 4963 5064 aber, dass man dan[n] niemals u. nichts
922 4872 4817 5230 schreiben oder veröffentlichen dürfte.
932 5089 4605 5331 Eine "Preisgabe" wird es immer
907 5341 4918 5593 sein, u. Anlass zu missverständlichen
927 5548 4847 5855 Deutungen wird es immer geben solange
922 5739 4560 6041 man jung ist u. sich selbst mit¬
952 5991 4878 6193 schreibt, was nicht zu vermeiden ist.
1069 478 4642 783 Wan Was soll ich tun? Ich finde
1133 759 4794 981 "Ruth" schön, u. alles andere, scheint
1123 990 3804 1276 mir, kön[n]e mir egal sein – [sehr langer Strich]
981 1227 4765 1572 Erika, allen Ernstes: Was tut man
1084 1542 4799 1907 wen[n] jede Begabung versagt. Auf
1040 1739 3819 2015 was hin lebt man denn ...
1030 2035 4656 2316 Ich habe niemals gedacht, dass es
1059 2158 4454 2548 so niederdrückend sei, nicht
1045 2405 3311 2779 schreiben zu kön[n]en.
966 2754 4597 3006 Andere können es auch nicht u.
1054 2947 4440 3223 sind doch nicht nieder gedrückt.
1025 3114 4385 3410 Mir kom[m]t aber alles so traurig
1059 3361 3163 3587 vor, ohne ein recht
1035 3508 4711 3824 und ich fühle mich so bedrängt
1084 3686 4454 4041 als sei mein ganzes Leben in
1000 3981 3154 4297 Unordnung geraten. [vertical space]
995 4385 4750 4819 Sehr schön hat Em[m]y Krüger gestern
1000 4671 4592 5006 gesungen. Ich dachte und denke
1040 4947 4859 5277 noch, es sei recht beneidenswert
981 5130 4947 5588 eine Geige zu haben, oder ein anderes
976 5332 4730 5933 Instrument, u. darauf in geduldiger
981 5652 4405 5987 Bemühung die alten Weisen
1025 5829 4908 6366 sehr grosser u. begnadeter Menschen
976 6105 4859 6499 zu spielen. Ihnen bloss nachhorchen
1119 532 4578 833 zu müssen, u. zu wissen dass
1168 714 4898 1173 man das ganze Leben hindurch
1212 1015 4385 1321 unerschöpfliche Vorräte an
1005 1188 4947 1661 Musik zu haben [add above lin: werde] um die Menschen
1173 1449 4701 1868 zu rühren u. zu bezaubern, u.
1079 1685 3163 2005 sich selbst damit –
902 2119 4405 2439 Die brauchen sich nicht zu fürchten.
907 2296 4459 2646 Was tut man aber, wen[n] es nicht
887 2503 3991 2828 mehr geht, wen[n] man so
902 2745 4321 2971 dumm, so klanglos, so arm u.
981 2942 2350 3292 unfähig [vierfach unterstrichen] ist? [vertical space]
1084 3503 4045 3809 Ich kann dem lieben Gott kein
1040 3750 3952 4149 bisschen dankbar sein dafür
1104 4036 3582 4262 dass er mich nicht zum
1114 4248 3425 4592 Musiker gemacht hat. [vertical space]
946 4854 4913 5199 Fred bekom[m]t eine Stelle. In Berlin, deshalb
1005 5110 4533 5322 ist er betrübt. Ich werde jetzt mit
1064 5272 4316 5578 ihm essen u. versuchen, ihn zu
1035 5460 1853 5750 erheitern.
1257 5814 4829 6041 Schreibe mir. Was Du inzwischen tust u.
1276 6012 3296 6223 wie es "Geschwister" geht –
3134 6140 4479 6386 Dein Kind A
