1842 2358
1006 184 1532 315 Berlin, Mardi
337 520 1506 641 Mon vieux - ich danke Ihnen sehr
363 614 1498 745 für Ihren lieben Brief, u. für das
363 697 1485 811 kleine Tuch, ich trage es oft. Sie
353 769 1642 889 wissen, nicht wahr, dass Ihre Befürch¬
345 830 1548 962 tungen über meine Freundschaft
355 908 1615 1060 für sie grundlos waren – sie hingen
344 999 1453 1102 mit der Nervosität der Abreise
355 1062 686 1156 zusammen.
347 1148 1612 1268 \p\Hier ist es sehr schwer, zu leben. Und
371 1212 1583 1337 unmöglich, darüber zu schreiben.
350 1276 1501 1405 Alles was man äussert, ist zu
350 1378 1632 1503 leichtfertig gegenüber der ungeheuer
355 1458 1639 1572 tragischen u. schwer zu begreifenden
353 1525 1450 1661 Wirklichkeit. Das Privatleben
369 1618 1584 1762 bleibt nicht verschont, j'en souffre
360 1683 1567 1810 beaucoup - aber vielleicht lernt
398 1763 1586 1912 man viel, wird "klüger", nach¬
390 1859 1456 1981 denklicher, fatalistischer u.
385 1952 1691 2093 skeptischer. Jede Oberflächlichkeit,
387 2040 1562 2155 jede spontane Reaktion ohne
427 2120 1410 2229 Rechenschaft rächt sich.
405 217 1498 323 Verstehen Sie: diese spontanen
391 314 1526 418 Gefühle sind im[m]er die gleichen:
385 393 1621 539 Auflehnung - Und damit kom[m]t
395 483 1626 576 man nicht weiter. La maison
386 547 1516 695 brûle – inutile de se répéter
367 634 1611 753 la même chose. Elle brûle, nous
355 732 1591 824 en souffrons, toute l’humanité
370 793 1015 926 en sof souffrira.\:p\
383 877 1582 1007 \p\J’ai peu de courage. Comme je
375 979 1604 1105 n’ai pas le choix, je partirai.
370 1037 1549 1173 Et ceux entre mes amis qui
363 1121 1674 1252 doivent rester sous le nuage noir
377 1213 1637 1332 je vais les pedre perdre, d'une
373 1267 1707 1455 façon ou d'une autre. Croyez-moi
411 1380 1511 1500 quelquefois je voudrais rester
363 1441 1624 1579 prendre part, souffrir comme éux.
372 1553 1685 1647 Je me sens trop seule. À Zurich, on
415 1624 1642 1748 savait si bien comment réagir -
395 1697 1460 1845 ici, le destin est trop près - \:p\
514 1821 1495 1971 \p\Ecrivez-moi, cher Claude.
529 1904 1670 2067 Je pense rester jusqu'au 1° mai\:p\
549 1997 877 2083 Affection
1164 2098 1254 2226 A.
370 1092 1484 1127 Herrn Claude Bourdet
549 1236 1249 1274 Bolleystrasse 34
1054 1427 1404 1459 Zürich
187 1601 480 1649 Schweiz [Poststempel]
