4279 7121
3198 4749 3948 4820 Gustav Frenssen und Ludendorff
3171 4810 4028 4866 \p\Vor kurzem hat zwischen \g\Adolf Hitler\:g\ und
3105 4849 4014 4895 \g\Erich Ludendorff\:g\ eine „klärende Aussprache"
3105 4886 4035 4939 stattgefunden, — das Objekt der Gespräche zwischen
3105 4920 4027 4972 dem Führer und Reichskanzler und dem „General des
3124 4963 4029 5009 Weltkrieges“ war ein religiöses: die Bewegung des
3105 4993 4029 5036 „Deutschen Gottglaubens“, für die, nach des Generals
3105 5032 4035 5078 eigenen Worten, „er und sein Haus“ weltanschaulich
3105 5072 4032 5108 kämpfen. Während Propagandaminister und Jugend¬
3121 5105 4035 5148 führer, Volksgenossen und Wotansanbeter den Beweis
3105 5141 4035 5182 führen, die christliche Kirche sei morsch und verrottet,
3105 5177 4029 5213 der christliche Glaube ein undeutsches Gut jüdischer
3105 5213 4032 5265 Provenienz, während ein General den wahren
3115 5248 4032 5297 „Deutschen Gottglauben“ glaubt erfinden zu müssen,
3105 5287 4032 5328 hat die verfemte und abgetane protestantische Kirche
3105 5320 4027 5358 im Dritten Reich oft einen erstaunlichen Mut zum
3126 5358 4029 5395 Widerstand gezeigt. Während der sozialistische Pastor
3121 5392 4029 5436 Tillich in Amerika im Exil lebt, Niemöller in seiner
3105 5419 4027 5474 kleinen Dahlemer Kirche noch immer seine rebellisch¬
3105 5465 4032 5509 tapferen Predigten hält, seine namenlosen Kollegen
3121 5497 4029 5542 in den Konzentrationslagern des Dritten Reiches
3105 5533 4032 5576 schmachten, hat nun ein anderer ehemaliger Pastor,
3104 5569 4032 5619 ein vielgelesener Schriftsteller, \g\Gustav Frenssen\:g\,
3121 5606 4032 5650 ein Glaubensbuch geschrieben, um sich als Mitkämpfer
3121 5644 4029 5683 nicht seiner verfolgten Kollegen und Kameraden, son¬
3124 5678 4029 5723 dern von Erich und Mathilde Ludendorff zu legiti¬
3104 5701 3244 5760 mieren.\:p\
3176 5731 4028 5793 \p\Dieses Buch, „\g\Der Glaube der Nordmark\:g\“
3105 5761 4032 5841 ist, obschon es bereits die vierte Auflage mit 20,000
3124 5823 3990 5862 Exemplaren erreicht hat, zu wenig gelesen worden.\:p\
3175 5856 4032 5895 \p\Die deutsche Sprache allerdings, derer sich der ur¬
3105 5874 4032 5946 deutsche Erzähler bedient, ist verbogen und entstellt,
3124 5927 4034 5970 und die anspruchsvoll verwendeten Worte klingen
3105 5965 4032 6005 durch nordische Nebelschichten an unser Ohr. Zwar
3105 5995 4032 6050 waren Gustav Frenssens Eltern „innerlich seelische
3105 6038 4029 6086 Menschen von vornehmer Haltung, die sich auf rassiger
3105 6074 4034 6117 angeborener Grundgesinnung gründete“ — aber der
3105 6107 4029 6161 Sohn gibt zu, daß er „von Natur kein scharfer Den¬\fml\\:p\
208 4499 1137 4538 \p\ker, sondern vielmehr etwas dummerig“ war und
202 4526 1137 4585 daß er in dieser angeborenen Frömmigkeit hauste, die
202 4576 1047 4615 ihm röter als seinen Kameraden im Blut saß. –
210 4609 1137 4654 Diese Aufrichtigkeit ist dankenswert. Sie enthebt uns
204 4647 1137 4686 der Aufgabe, in dem Wust selbstgefälliger „biogra¬
202 4682 1107 4724 phischer“ Angaben die Entscheidung zu treffen zwi¬
208 4717 1137 4760 schen biederem Erbgut der Nordmark —, und den Er¬
204 4754 1137 4792 rungenschaften und Konzessionen, die Gustav Frenssen
204 4788 1137 4828 den Ludendorffs zu verdanken hat und seinem Führer
202 4824 1137 4882 und Reichskanzler zu machen bereit ist. Darnach folgt
202 4858 1137 4897 eine Beweisführung \g\gegen die christliche Reli¬
202 4893 1137 4930 gion\:g\ (wobei zwischen religiösem, ethischen Gehalt und
204 4932 1104 4970 kirchlichen Dogmen und Institutionen nicht unterschie¬
204 4967 1107 5003 den wird), die man bestenfalls einfältig nennen
202 5000 1137 5040 kann. Es wird dargelegt, daß die Bibel historisch
208 5031 1137 5079 nicht einwandfrei sei, daß das Neue Testament in den
208 5069 1110 5114 verschiedenen Evangelien Abweichungen zeigt, daß folg¬
208 5108 1137 5157 lich das Ganze Menschenwerk, historisch anfechtbar,
202 5143 1101 5182 \g\und daher für einen wahrhaftigen deut¬
210 5180 1107 5221 schen Menschen unerträglich sei\:g\. Obwohl
208 5215 1137 5254 Frenssen über andere Völker kein Urteil fällen will,
208 5250 1137 5291 fügt er im gleichen Satz hinzu: „der italienische
204 5287 1107 5344 Fischer und Weinbauer, der französische Kleinbür¬
207 5322 1101 5364 ger (!) müht sich nicht um wahr oder unwahr ...
210 5356 1110 5399 Die germanische Seele, tiefer, wahrhaftiger, selbstver¬
202 5393 1104 5436 antwortlicher, frommer ...“ Das alles wäre noch
202 5426 1104 5470 nicht so arg, — es hat immer fromme Christen ge¬
204 5466 1104 5507 geben, die durch die historische Bibelforschung tief be¬
197 5499 502 5546 unruhigt wurden.\:p\
256 5513 1137 5574 \p\Aber Gustav Frenssen macht nicht Halt bei der
196 5571 1137 5613 historischen Wissenschaft, er vergreift sich (einfältig oder
204 5606 1137 5643 skrupellos?), an dem moralisch-ethischen Gehalt einer
202 5640 1107 5684 Religion, die durch ihre Verbindung mit der klassi¬
202 5677 1099 5719 schen Kultur, und dem römisch-zivilisatorischen Rechts¬
202 5708 1137 5755 gefühl, zu den Grundlagen unserer abendländischen
204 5753 1137 5802 Gesittung gehört. Wenn er behauptet, daß Gustav
204 5784 1137 5828 Adolf kein Gläubiger der evangelischen Kirche, son¬
196 5822 1107 5859 dern nur (mit dem Akzent des Lobes natürlich) ein
202 5857 1137 5892 Kriegsmann und Eroberer gewesen sei, wenn er die
202 5891 1137 5937 sonderbare Beweisführung versucht: „Es ist Preußen,
204 5930 1104 5970 das eine schwächliche Kirche gehabt hat, besser ergan¬
202 5967 1139 6015 gen als Oesterreich, das eine starke, ja herrschende ge¬
204 6000 1137 6034 habt hat“ (!), so mag man dies als Irrtümer grober
202 6033 1137 6068 Unbildung hinnehmen. Ebenso, daß ausgerechnet Les¬
202 6066 1137 6111 sing, der Verfasser des „Nathan“, ein geborener Heide
202 6107 1137 6146 germanischer Seele genannt wird. Wie aber, wenn
202 6142 1137 6184 mit den schönsten und eindringlichsten Formulierun¬
1134 4503 2072 4540 gen des Neuen Testaments Unfug getrieben wird? An
1134 4542 2072 4578 einer Stelle sagt er (Christus) von sich selbst mit dür¬
1148 4576 2072 4626 ren Worten, daß er ein Mensch wie alle sei: „Was
1134 4615 2072 4655 heißt Ihr mich gut? Niemand ist gut, denn der einige
1133 4650 1245 4704 Gott“.[Markus 10,18 und Lukas 18,19]\:p\
1198 4677 2072 4743 \p\Die wundersame und großartige Bescheidenheit
1134 4721 2042 4771 dieses Ausspruchs muß allerdings Befremden, Ver¬
1134 4760 2072 4807 legenheit, Verachtung erzeugen beim Sprecher eines
1134 4794 2054 4844 zur politischen und moralischen Ueberheblichkeit er¬
1134 4838 2072 4884 wachten Volkes. Obwohl die angeborene Frömmigkeit
1134 4873 2072 4907 rot in Frenssens Adern fließt, ist im folgenden seine
1134 4899 2054 4950 „Dumpfheit“ und Tumbheit“ der Aufgabe der mora¬
1146 4945 2072 4988 lischen Degradierung der christlichen Lehre nicht mehr
1134 4980 2072 5022 gewachsen, und er bedient sich immer häufiger des
1148 5012 2072 5059 moralischen Rüstzeugs seiner Prophetin Mathilde
1134 5054 2054 5094 Ludendorff, die nach Frenssens Aussage, „selbst in
1148 5088 2072 5123 Naturwissenschaften und Indienforschung aufs beste
1134 5121 2072 5172 erfahren, mit einem kritischen, entschiedenen Geist sel¬
1146 5154 2072 5206 ten begabt, ... aus keinem anderen Grund als aus
1146 5189 2054 5233 Liebe zur Wahrheit und zum deutschen Volk, den
1134 5231 2072 5275 christlichen Glauben ebenso gelehrt, wie sittlich ernst,
1134 5260 1602 5314 wie hitzig angegriffen hat."\:p\
1201 5294 1859 5361 \p\Was ist das Resultat dieser Hitzigkeit?\:p\
1201 5336 2072 5398 \p\Es dürfte genügen, einen einzigen Passus wider¬
1146 5377 1295 5433 zugeben:\:p\
1187 5415 2049 5470 \p\„Sowohl seine Person (die Person Christi) ... ist
1146 5463 2043 5505 einem germanischen Gemüt oft nicht vornehm genug
1144 5500 2048 5544 seine Lehre auch nicht ... Wenig oder nichts vom Lob
1134 5532 2073 5574 der Arbeit, des ernsten Voraussehens und Sorgens.
1134 5571 2072 5606 Wenig oder nichts von Gerechtigkeit und Weitherzig¬
1134 5598 2072 5635 keit gegen Andersgläubige ... Wenig oder nichts von
1148 5636 2072 5684 der Mütterlichkeit des Weibes. Wenig oder nichts
1148 5673 2072 5710 vom Zutrauen zum Guten im Menschen.“ Und, wei¬
1134 5711 2072 5748 ter unten: „viele Tausende schlichter deutscher Sol¬
1134 5746 2042 5790 daten haben sich vor Tod und Sterben heldischer er¬
1134 5778 2032 5826 wiesen als der Jesus von Nazareth der Evangelien".\:p\
1191 5816 2072 5868 \p\Endlich: „Aus allen diesen Gründen ist der christ¬
1134 5844 2073 5889 liche Glaube für germanische Menschen, für das
1133 5886 1975 5947 deutsche Volk wertlos, ja mehr, schwer schädlich“.\:p\
1196 5927 2072 5972 \p\Lassen wir es dabei bewenden. Es versteht sich, daß
1134 5958 2072 6008 über das „Was nun?“ wenig und Dürftiges gesagt
1134 6005 2073 6050 wird. Gustav Frenssen hat die Evangelien mit dem
1134 6048 2072 6088 Argument erledigt, daß sie nicht glaubwürdiger seien
1134 6078 2072 6116 als etwa die Grimmschen Märchen. Am Schluß des
1133 6115 2072 6168 Buches rät er eine Art von panreligiöser Naturfröm¬
1134 6154 2072 6201 migkeit, und sagt wörtlich: „ich murmle uralte
2085 4503 3019 4549 Träume". Dann wird er deutlicher. Er spricht die
2085 4544 3019 4582 Hitlerjungen an. Er fragt: „Sind wir Heiden? Neu¬
2085 4582 3019 4621 heiden? Nun, warum denn nicht?“ — denn
2085 4620 3019 4670 „Christus selbst war kein Mensch jüdischen Glaubens,
2086 4656 2978 4700 war \g\auch kein Mensch christlichen Glau¬
2083 4688 3018 4742 bens\:g\ ... Was war er denn also? Er war wohl auch
2086 4716 3019 4774 ein Heide, ein frommer Heide. Und so fast alle Edlen
2085 4757 2680 4799 der Menschheit bis auf diese Tage.“\:p\
2129 4781 3020 4838 \p\Wer aber, nach Ansicht der deutschen „Gotterkennt¬
2083 4821 3020 4886 nis" die Edlen der Menschheit waren, erfahren wir
2085 4857 2486 4907 in einem knappen Satz:\:p\
2133 4902 3019 4944 \p\„Jedes deutsche Kind muß an deutschem Glau¬
2085 4939 3019 4988 bensgut und an deutschen Helden und Patriarchen,
2085 4980 2984 5026 von Hermann dem Cherusker bis zu Goethe, Hinden¬
2085 5014 2972 5059 burg und Hitler seinen Glauben erleben und bilden."\:p\
2128 5048 2979 5099 \p\Dies also ist der Kern und Gehalt dieser Reli¬
2083 5059 3019 5135 gionsgemeinschaft. Seien wir froh, daß sie von einem
2085 5122 2972 5168 \g\deutschen\:g\ General erfunden, von einem \g\deu¬
2088 5155 3021 5210 schen\:g\ Pastor propagiert wird. Daß nur deutsche Sol¬
2083 5196 2984 5233 daten im Weltkriege heldenhaft zu sterben wußten,
2085 5229 2984 5274 daß nur das deutsche Gemüt der neuen Religiosität
2085 5267 2984 5309 zugänglich ist, daß nur deutsche Kinder den Helden
2085 5296 3019 5342 und Patriarchen, Ludendorff, Hitler und Frenssen,
2085 5335 2524 5396 Gefolgschaft leisten dürfen.\:p\
2549 5357 2954 5429 Dr. Annemarie Clark.
