4288 7165
258 4491 1101 4566 San Thomé, die Insel am Aequator
279 4559 1077 4623 Von Annemarie \g\Clarac-Schwarzenbach\:g\
279 4614 1148 4664 \p\Von dieser Insel haben viele Passagiere unseres
238 4651 1148 4691 Dampfers nie gehört, und viele weigerten sich, an Land
225 4691 1148 4727 zu gehen, als wir in der Nacht des 29. Mai dort
232 4723 1148 4759 anlegten. Die Portugiesen an Bord hatten uns über
224 4762 1147 4804 ihre kleine westafrikanische Kolonie, die Inseln San
231 4794 1148 4830 Thomé und Principe, wenig Gutes berichtet. Der
225 4830 1125 4864 Aequator streift San Thomé, das Klima dort gehört
225 4855 1148 4904 zum schlechtesten von ganz Afrika. Es gibt viel Malaria
225 4898 1123 4930 und andere Tropenkrankheiten, die feuchte Hitze nimmt
227 4928 1128 4978 den Weißen alle Energie und Lebenslust. Uebrigens
228 4952 1148 5000 sind sie nicht zahlreich: Funktionäre, Angestellte portu¬
225 4997 1148 5043 giesischer Handelshäuser, einige Lehrer, Aerzte und
238 5026 1148 5066 Missionare, eine Handvoll Plantagenbesitzer und Ver¬
219 5062 1148 5098 walter, neben sechzigtausend Schwarzen. Die Inseln
219 5100 1117 5141 sind fruchtbar, es gibt vor allem Kaffee, Kakao, Kokos¬
219 5129 1148 5175 nüsse, Bananen, die man ausführt, daneben Manda¬
224 5174 1117 5216 rinen, Mango, Zuckerrohr. Man fabriziert Seife,
232 5201 1148 5242 Palmöl, Schnaps, ein wenig Keramik, importiert
228 5232 1113 5276 Stoffe, Wein, Reis, Bohnen, getrocknete Fische, land
223 5270 1148 5311 wirtschaftliche Maschinen. Es gibt im Inselgebiet von
219 5308 1148 5353 knapp tausend Quadratkilometern 18 Kilometer Eisen¬
223 5335 1148 5381 bahn und 300 Kilometer Straßen. 2 Spitäler, mehrere
225 5369 1148 5411 Clementarschulen. Wilde Tiere fehlen, dafür sieht man
219 5410 1148 5454 viele Affen, Papageien, kleine Adler, Schildkröten.
228 5437 1148 5480 Wegen der Haie und anderer Raubfische kann man im
228 5471 1148 5516 Meer nicht baden. Es gibt Maultiere, Ochsen, Schafe
225 5510 1123 5548 und Ziegen, Schweine, Hühner. Durch den Krieg sind
219 5536 1148 5577 die Inseln hart betroffen, denn wohin sollen sie ihre
225 5575 1148 5629 Produkte ausführen? Riesige Stocks von Kakao, Kaffee
223 5613 1148 5660 und Kopra sammeln sich an, bald wird man sie, wie in
228 5648 1148 5696 Südamerika, ins Meer werfen oder als Brennmaterial
219 5681 1148 5720 verwenden. Glücklicherweise ist der Lebensstandard
219 5714 1119 5754 der schwarzen Bevölkerung so niedrig, daß sie kaum
225 5747 1148 5793 noch ärmer werden könnte und nichts zu verlieren hat.
228 5785 1148 5829 Dieser Umstand wird vielen Kolonien eines Tages
225 5825 1148 5858 zum Vorteil gereichen, gegenüber reicheren Ländern,
223 5845 1148 5894 deren Völker sich an die Proletarisierung und Sklaven¬
223 5886 1148 5939 arbeit, wie man sie für die Nachkriegszeit erwarten
228 5920 943 5977 muß, nicht so leicht gewöhnen werden...\:p\
279 5971 1149 6015 \p\Soviel konnte ich etwa über San Thomé erfahren,
228 6006 1148 6051 zu sehen gebe es dort nichts von Belang, sagte man
219 6043 1148 6082 mir, und nach den frühen Morgenstunden sei die Hitze
228 6077 1148 6135 so unerträglich, daß mir die Neugier ohnehin vergehen
219 6112 1148 6160 werde. Etwa um zehn Uhr abends hielten unsere Ma¬
1152 4469 2068 4517 schinen an, und wir konnten durch die tiefschwarze
1154 4504 2068 4544 Nacht in ziemlicher Entfernung eine dürftige Lichter¬
1154 4543 2068 4591 reihe erblicken, die den Hafen bezeichnete. Ein Boot
1152 4578 2068 4608 mit Negern in weißen Matrosenanzügen legte an unse¬
1145 4614 2040 4652 rer Bordwand an, ringsum kreisten ein paar gebrech¬
1145 4639 2068 4692 liche, aus einem bis zu Rindendünne ausgehöhlten
1145 4683 2068 4729 Baumstamm bestehende Kähne, worin die Schwarzen,
1145 4715 2068 4767 von unseren Decklampen malerisch beleuchtet, zwischen
1164 4750 2068 4788 grünen Stapeln von Bananen und Gemüsen kauerten.
1145 4780 2068 4826 Am nächsten Tag war ich schon in der Dämmerung auf,
1145 4815 2068 4860 und wartete mit einem meiner Freunde auf eine Gele¬
1145 4847 2068 4887 genheit, an Land zu gehen. Der Anblick der Insel war
1164 4885 2068 4922 eine Ueberraschung. Sie war etwa drei Kilometer ent¬
1166 4918 2068 4958 fernt und schien als eine reich und anmutig gegliederte,
1145 4954 2068 4993 smaragdene Fülle von Palmenwäldern, Wiesen, klei¬
1145 4986 2068 5023 nen Anhöhen, die sich um das Hafenstädtchen in seiner
1145 5020 2069 5061 ausgedehnten Bucht schlossen, dahinter häuften sich die
1145 5059 2068 5096 Wipfel; Schluchten und Hügel waren davon angefüllt,
1158 5091 2068 5127 so daß sich alles rundete zu vollen, betörenden Formen.
1145 5121 2068 5158 Die Hügel stuften sich übereinander, lauter sanfte, be¬
1158 5158 2068 5194 laubte Kuppen, die immer höher wurden, immer ent¬
1145 5191 2068 5235 fernter, immer dunstiger — bis die Berge im Inneren
1154 5225 2068 5259 der Insel in bläulicher Höhe in hellen, wogenden Ne¬
1145 5255 2068 5295 bel- und Wolkenbetten verschwanden. Aber trotz der
1145 5294 2068 5338 unerwarteten Schönheit dieses Inselbildes empfand
1144 5323 2068 5374 man, im Anschauen versunken, kein Entzücken, wie ich
1145 5365 2068 5406 es bei den Balearen, den Bermudas, auf Cypern und
1144 5403 2068 5443 erst kürzlich bei der Landung in Funchal auf Madeira
1145 5433 2068 5468 gekannt hatte. Dort hatte man Vertrautheiten entdeckt,
1160 5467 2068 5496 sich an ähnliche Orte auf der Welt, oder auch an
1145 5495 2068 5539 Traumbilder erinnert, und sich sofort unwillkürlich vor¬
1144 5528 2068 5564 gestellt, ob man im wiedergefundenen, paradiesischen
1158 5568 2069 5606 Erdenfleck vielleicht leben könnte. San Thomé, obwohl
1145 5605 2068 5649 es nicht kahl und groß war wie gewisse urfremde Re¬
1145 5636 2068 5677 gionen von Wüsten und Hochebenen, sondern lieblich
1145 5670 2068 5714 und schwelgerisch verhangen von üppigem Grün und
1145 5700 2068 5747 mildernden Dunststreifen — es erschreckte doch das
1145 5734 1961 5785 Herz, wie es sich so darbot voller Verführungen.\:p\
1205 5759 2068 5822 \p\Wir landeten bald im Hafen und fanden ein Städt¬
1145 5785 2068 5844 chen mit einigen alten Befestigungen am Rand, wo auf
1145 5839 2068 5884 barocken Mauern bronze Kanönchen aufgepflanzt
1145 5874 2068 5913 waren, um den Marktplatz in der Mitte ein paar breite
1145 5908 2069 5964 Gassen mit Verkaufsbuden, rosa Häusern mit geschlos¬
1152 5939 2036 5979 senen Läden, einer Apotheke, einem großen, halbdunk¬
1144 5974 2067 6026 len Restaurant mit kahlen Eßtischen und einer mit
1145 6006 1982 6049 Weinen und Schnapsflaschen überladenen Theke —
1145 6029 2069 6092 zwei zerlumpte Negerbuben trugen Gläser und Speisen
1145 6079 2068 6115 umher, der Besitzer des Lokals in fleckigem gelbem
1145 6107 2068 6164 Anzug schlief, den Kopf auf der Marmorplatte. In
2064 4473 3000 4521 den Läden wurden bunte Baumwollstoffe an Neger¬
2063 4496 3000 4566 frauen verkauft, die ihre Kinder in breite leuchtende
2064 4553 3000 4593 Shawls gebunden auf dem Rücken trugen — in einem
2064 4574 3000 4631 Bazar gab es Tropenhelme, Stoffschuhe, kunstseidene
2080 4612 3000 4652 Hemden, neben allerlei Schälchen, Schachteln, Kannen
2064 4658 2975 4694 und Tabletts aus grob ziseliertem Messing — in einer
2064 4685 3000 4720 Warenhalle sah man Säcke mit Reis und Hülsenfrüch¬
2064 4721 3000 4763 ten, Konserven, Biskuits, daneben Flit, Moskitonetze.
2063 4750 3000 4802 Bastmatten, Bürsten, Emilgeschirr, Stapel von Ziga¬
2064 4788 3000 4823 rettenschachteln. Die Verkäufer waren Portugiesen,
2064 4813 3001 4869 Mischlinge und Neger. Gleich hinter dem Marktplatz,
2064 4859 3000 4891 wo Hunderte von lustig bunt gekleideten Negerinnen
2064 4891 3000 4928 Maiskörner, Mangofrüchte, Mandarinen, rosa Bana¬
2064 4926 3000 4961 nen, Hühner, getrocknete Fische und fettes Backwerk
2064 4961 3000 4997 verkauften, lag eine hellgelbe Kirche mit zwei Türmen,
2063 4993 3000 5033 dahinter begann schon der Palmwald. Wir haben dann
2064 5026 3000 5074 den Tag damit verbracht, alten, gepflasterten, von Grün
2064 5061 3000 5096 überwucherten Straßen zu folgen bis zu hinter Bana¬
2064 5095 3000 5137 nenhainen verborgenen Negerdörfchen mit hellrosa
2064 5123 2970 5173 Bretterbuden und Strohhütten, fanden auch eine pri¬
2064 5156 2970 5206 mitive Stierkampfarena, die verlassen mitten im Dschun¬
2064 5190 3000 5236 gel lag. Der Küste folgend sahen wir ein kleines
2064 5226 2970 5270 Festungsviereck, das die Jahreszahl 1530 trug, und
2064 5263 3000 5310 San Jeronimo hieß — am Ende einer von Palmen
2064 5302 2998 5351 begleiteten Straße eine barocke altersgraue Kapelle.
2064 5335 3000 5377 Im über die Hügel sich ausbreitenden Kokoswald streb¬
2063 5369 3000 5414 ten die Palmen wie die Pfeiler einer Kathedrale aus
2063 5407 3000 5451 dem dämmernden Grün zum weißen Himmel, am
2064 5438 3000 5483 Rand einer breiten Wiesenlichtung neigten sich andere
2064 5470 3000 5504 Palmen wie schlank im Bogen emporschießende Fon¬
2064 5501 2974 5544 tänen, unter den wunderbar glatten, silbergrauen
2063 5538 2975 5590 Stämmen riesiger Bäume mit ihrem riesigen Rund
2064 5579 2961 5619 aus Fächern fetter, saftiger Blätter weideten junge
2063 5597 3000 5660 Ziegen. Und immer wieder öffneten sich im Grün
2064 5641 3000 5695 Durchblicke zu den fernen Bergen, die bis zu den in
2064 5678 3000 5738 Wolken unsichtbaren Gipfeln von Wachstum strotzten.
2064 5701 2964 5749 Auf dem farblosen Meer, weit hinter den sich bre¬
2064 5749 3000 5799 chenden Wellen, die wie Wände dem Sandufer ent¬
2064 5773 2961 5817 gegenwanderten, sah man schmale Boote dahinschnel¬
2063 5807 3000 5875 len, mit zwischen im Wind sich biegenden Bambus¬
2064 5849 3000 5906 masten ausgespannten, rissigen Segeln, und erkannte
2064 5880 3001 5953 die geschmeidigen Rücken und leuchtenden Gesichter
2064 5908 2362 5960 schwarzer Fischer.\:p\
2115 5941 3000 6006 \p\Es waren Märchenbilder, während man in der
2064 5971 2964 6026 bleichen, feuchten Umklammerung der Luft schon von
2081 6011 2964 6060 Ermattung taumelte, sah man noch die jähe Pracht
2064 6049 3000 6090 eines feuerfarbenen Blütenbaums, hörte in der feier¬
2063 6084 3000 6131 lichen Mittagsstille der fast gläsernen Palmstämme eine
2064 6119 3000 6161 Kokosnuß fallen, erblickte in einer sumpfigen Niede¬
3001 4491 3910 4536 rung die gewaltigen Rücken, geneigten Häupter und
3001 4523 3913 4568 geschwungenen Hörner einer Herde träge badender
3001 4567 3912 4608 Ochsen, und war unwiderstehlich versucht, einem schma¬
3000 4597 3911 4652 len Pfad durch den Dschungel ins Innere zu folgen,
3001 4632 3676 4671 das üppige Geheimnisse bergen mußte ...\:p\
3056 4641 3910 4704 \p\Statt dessen ertönte von fern die Sirene unseres
3001 4683 3908 4744 Dampfers. Als wir auf einem kleinen Boot in ziem¬
3001 4726 3911 4775 lich heftigem Wellengang zurückfuhren, begann schon
3001 4767 3913 4807 der Abend, das blindende Licht war plötzlich aus¬
3001 4805 3911 4847 gelöscht, eine kurze, stumpfe, lastende Dämmerung be¬
3000 4834 3913 4879 reitete das Dunkel der Tropennacht vor. Ich wandte
3000 4872 3913 4918 mich nicht nch der Insel um, nach der ich kein Heim¬
3000 4909 3917 4949 weh haben werde. Aber ihr zauberisches Wachstum,
3001 4929 3913 4982 ihre verführende Fieberhitze, die Fülle ihrer Anmut,
3000 4969 3911 5019 diese uns durchaus fremde Pracht, ihr uns nur um
3001 5004 3917 5045 einen hohen und gefährlichen Preis gegönnter Reich¬
3001 5045 3905 5081 tum, ich spürte alles auf einmal so stark und ahnungs¬
3001 5069 3908 5124 voll wie man erwachend sich eines Traums bewußt
3001 5104 3096 5155 wird.\:p\
