<?xml version="1.0" encoding="UTF-8"?>
<validation-wrapper>
   <PcGts xmlns="http://schema.primaresearch.org/PAGE/gts/pagecontent/2013-07-15">
      <Metadata>
         <Creator>prov=READ-COOP:name=TrHtr:version=2.23.1:model_id=51170:date=25_02_2025_11:15</Creator>
         <Created>2025-02-25T11:09:52.610+01:00</Created>
         <LastChange>2026-03-04T10:09:44.018+01:00</LastChange>
         <TranskribusMetadata docId="7098613"
                              pageId="92193565"
                              pageNr="1"
                              status="IN_PROGRESS"
                              userId="295818"
                              imgUrl="https://files.transkribus.eu/Get?fileType=view&amp;id=EDYQCRTBMMIMMTNYWZCPGAEF"
                              imageId="76971163"/>
      </Metadata>
      <Page imageFilename="smallform_0467_001.jpg"
            imageWidth="3776"
            imageHeight="5669">
         <TextRegion id="r" custom="readingOrder {index:0;}">
            <Coords points="104,1123 923,1123 923,5004 104,5004"/>
            <TextLine id="r_tl_1" custom="readingOrder {index:0;}">
               <Coords points="353,1227 540,1215 564,1234 702,1228 741,1241 759,1232 759,1179 352,1155"/>
               <Baseline points="358,1209 403,1209 447,1209 492,1209 537,1209 582,1209 626,1209 671,1212 716,1212 761,1220"/>
               <TextEquiv>
                  <Unicode>Arbeiterbewegung</Unicode>
               </TextEquiv>
            </TextLine>
            <TextLine id="r_tl_2" custom="readingOrder {index:1;}">
               <Coords points="172,1302 921,1305 920,1232 171,1241"/>
               <Baseline points="176,1277 220,1274 265,1274 310,1274 355,1274 400,1274 444,1274 489,1274 534,1274 579,1274 623,1277 668,1277 713,1277 758,1277 803,1280 847,1280 892,1280 923,1280"/>
               <TextEquiv>
                  <Unicode>und Landesverteidigung in Amerika</Unicode>
               </TextEquiv>
            </TextLine>
            <TextLine id="r_tl_3" custom="readingOrder {index:2;}">
               <Coords points="434,1369 518,1352 591,1372 619,1358 797,1370 888,1358 887,1315 839,1328 696,1293 571,1332 507,1307 467,1327 433,1321"/>
               <Baseline points="438,1343 483,1340 528,1340 573,1343 617,1343 662,1343 707,1343 752,1343 797,1346 841,1346 886,1346 889,1346"/>
               <TextEquiv>
                  <Unicode>A. C.-Sch. New York, im Januar</Unicode>
               </TextEquiv>
            </TextLine>
            <TextLine id="r_tl_4" custom="readingOrder {index:3;}">
               <Coords points="221,1402 921,1409 921,1384 863,1366 765,1383 713,1363 221,1361"/>
               <Baseline points="226,1391 271,1394 316,1394 361,1394 405,1394 450,1397 495,1397 540,1394 585,1397 629,1397 674,1397 719,1397 764,1397 809,1397 853,1400 898,1400 923,1400"/>
               <TextEquiv>
                  <Unicode>\p\Gleich nach Jahresbeginn stiegen \g\Gewitter¬</Unicode>
               </TextEquiv>
            </TextLine>
            <TextLine id="r_tl_5" custom="readingOrder {index:4;}">
               <Coords points="171,1440 905,1453 904,1419 170,1409"/>
               <Baseline points="176,1432 220,1429 265,1429 310,1429 355,1432 400,1432 444,1432 489,1432 534,1432 579,1435 623,1435 668,1435 713,1435 758,1435 803,1435 847,1435 892,1438 907,1438"/>
               <TextEquiv>
                  <Unicode>wolken am amerikanischen Horizont\:g\</Unicode>
               </TextEquiv>
            </TextLine>
            <TextLine id="r_tl_6" custom="readingOrder {index:5;}">
               <Coords points="174,1482 921,1485 921,1452 884,1446 174,1454"/>
               <Baseline points="179,1468 223,1468 268,1468 313,1468 358,1468 403,1468 447,1471 492,1468 537,1471 582,1471 626,1471 671,1471 716,1471 761,1471 806,1474 850,1474 895,1474 923,1471"/>
               <TextEquiv>
                  <Unicode>auf und verdichteten sich drohend über den düste¬</Unicode>
               </TextEquiv>
            </TextLine>
            <TextLine id="r_tl_7" custom="readingOrder {index:6;}">
               <Coords points="171,1512 905,1528 905,1485 171,1485"/>
               <Baseline points="176,1507 220,1504 265,1504 310,1507 355,1504 400,1507 444,1507 489,1507 534,1510 579,1510 623,1510 668,1510 713,1510 758,1510 803,1510 847,1510 892,1516 907,1513"/>
               <TextEquiv>
                  <Unicode>ren Städten der Stahlindustrie, über Pittsburgh,</Unicode>
               </TextEquiv>
            </TextLine>
            <TextLine id="r_tl_8" custom="readingOrder {index:7;}">
               <Coords points="174,1553 912,1569 911,1527 872,1523 701,1540 174,1514"/>
               <Baseline points="179,1543 223,1543 268,1543 313,1543 358,1546 403,1543 447,1546 492,1546 537,1546 582,1546 626,1546 671,1546 716,1546 761,1546 806,1549 850,1549 895,1549 913,1552"/>
               <TextEquiv>
                  <Unicode>Bethlehem, Buffalo, Youngstown und Süd-Chi¬</Unicode>
               </TextEquiv>
            </TextLine>
            <TextLine id="r_tl_9" custom="readingOrder {index:8;}">
               <Coords points="165,1584 921,1598 921,1566 841,1560 165,1571"/>
               <Baseline points="170,1582 214,1582 259,1582 304,1582 349,1582 394,1582 438,1582 483,1582 528,1582 573,1585 617,1585 662,1585 707,1585 752,1585 797,1588 841,1585 886,1588 923,1588"/>
               <TextEquiv>
                  <Unicode>cago. Zuerst traten in einem, dann in mehreren</Unicode>
               </TextEquiv>
            </TextLine>
            <TextLine id="r_tl_10" custom="readingOrder {index:9;}">
               <Coords points="174,1631 908,1638 908,1608 789,1595 174,1597"/>
               <Baseline points="179,1618 223,1618 268,1618 313,1618 358,1618 403,1618 447,1618 492,1620 537,1620 582,1620 626,1620 671,1623 716,1623 761,1623 806,1623 850,1623 895,1626 910,1626"/>
               <TextEquiv>
                  <Unicode>\g\Stahlwerken\:g\ ein kleiner Teil der Arbeiter,</Unicode>
               </TextEquiv>
            </TextLine>
            <TextLine id="r_tl_11" custom="readingOrder {index:10;}">
               <Coords points="165,1667 917,1673 917,1640 869,1634 165,1634"/>
               <Baseline points="170,1656 214,1653 259,1653 304,1656 349,1656 394,1656 438,1656 483,1656 528,1656 573,1659 617,1659 662,1659 707,1659 752,1659 797,1659 841,1659 886,1662 919,1662"/>
               <TextEquiv>
                  <Unicode>dann Tausende in den \g\Streik\:g\. Während in</Unicode>
               </TextEquiv>
            </TextLine>
            <TextLine id="r_tl_12" custom="readingOrder {index:11;}">
               <Coords points="168,1704 912,1714 912,1678 167,1668"/>
               <Baseline points="173,1695 217,1692 262,1692 307,1692 352,1692 397,1692 441,1692 486,1695 531,1695 576,1695 620,1695 665,1698 710,1698 755,1698 800,1698 844,1698 889,1701 913,1698"/>
               <TextEquiv>
                  <Unicode>Washington die Männer der Regierung eine er¬</Unicode>
               </TextEquiv>
            </TextLine>
            <TextLine id="r_tl_13" custom="readingOrder {index:12;}">
               <Coords points="165,1751 911,1757 905,1712 165,1702"/>
               <Baseline points="170,1728 214,1731 259,1731 304,1731 349,1731 394,1731 438,1731 483,1731 528,1734 573,1731 617,1734 662,1734 707,1734 752,1734 797,1737 841,1734 886,1737 913,1737"/>
               <TextEquiv>
                  <Unicode>bitterte Debatte um das von Präsident Roosevelt</Unicode>
               </TextEquiv>
            </TextLine>
            <TextLine id="r_tl_14" custom="readingOrder {index:13;}">
               <Coords points="165,1772 911,1785 911,1757 799,1744 165,1751"/>
               <Baseline points="170,1767 214,1767 259,1767 304,1767 349,1770 394,1770 438,1770 483,1770 528,1770 573,1773 617,1773 662,1773 707,1773 752,1773 797,1773 841,1770 886,1776 913,1773"/>
               <TextEquiv>
                  <Unicode>vorgeschlagene Rüstungsprogramm sowie die Vor¬</Unicode>
               </TextEquiv>
            </TextLine>
            <TextLine id="r_tl_15" custom="readingOrder {index:14;}">
               <Coords points="165,1811 905,1821 883,1782 165,1788"/>
               <Baseline points="170,1806 214,1803 259,1806 304,1806 349,1806 394,1806 438,1806 483,1809 528,1809 573,1809 617,1809 662,1809 707,1809 752,1809 797,1809 841,1812 886,1812 907,1812"/>
               <TextEquiv>
                  <Unicode>lage für die Hilfe an England führten, während</Unicode>
               </TextEquiv>
            </TextLine>
            <TextLine id="r_tl_16" custom="readingOrder {index:15;}">
               <Coords points="168,1852 914,1863 914,1824 889,1820 168,1818"/>
               <Baseline points="173,1841 217,1841 262,1841 307,1844 352,1844 397,1844 441,1844 486,1844 531,1844 576,1844 620,1847 665,1847 710,1847 755,1847 800,1847 844,1847 889,1850 916,1847"/>
               <TextEquiv>
                  <Unicode>im ganzen Land Rekruten zum erstenmal in Frie¬</Unicode>
               </TextEquiv>
            </TextLine>
            <TextLine id="r_tl_17" custom="readingOrder {index:16;}">
               <Coords points="168,1886 902,1903 902,1871 820,1860 168,1856"/>
               <Baseline points="173,1880 217,1877 262,1880 307,1880 352,1880 397,1880 441,1880 486,1880 531,1883 576,1883 620,1883 665,1883 710,1883 755,1883 800,1883 844,1886 889,1886 904,1886"/>
               <TextEquiv>
                  <Unicode>denszeiten einberufen wurden, während der per¬</Unicode>
               </TextEquiv>
            </TextLine>
            <TextLine id="r_tl_18" custom="readingOrder {index:17;}">
               <Coords points="165,1927 914,1933 903,1895 165,1897"/>
               <Baseline points="170,1919 214,1916 259,1916 304,1916 349,1919 394,1916 438,1919 483,1919 528,1919 573,1919 617,1919 662,1919 707,1922 752,1922 797,1922 841,1922 886,1922 916,1925"/>
               <TextEquiv>
                  <Unicode>sönliche Einsatz von allen Wehrpflichtigen und die</Unicode>
               </TextEquiv>
            </TextLine>
            <TextLine id="r_tl_19" custom="readingOrder {index:18;}">
               <Coords points="165,1967 917,1971 917,1937 854,1933 165,1928"/>
               <Baseline points="170,1955 214,1952 259,1952 304,1955 349,1955 394,1955 438,1958 483,1958 528,1958 573,1958 617,1955 662,1958 707,1958 752,1958 797,1958 841,1958 886,1961 919,1961"/>
               <TextEquiv>
                  <Unicode>Bereitschaft zu finanziellen Opfern von jedem</Unicode>
               </TextEquiv>
            </TextLine>
            <TextLine id="r_tl_20" custom="readingOrder {index:19;}">
               <Coords points="165,1996 900,2014 914,1977 164,1967"/>
               <Baseline points="170,1994 214,1991 259,1991 304,1991 349,1994 394,1994 438,1994 483,1994 528,1997 573,1994 617,1994 662,1997 707,1997 752,1994 797,1997 841,1997 886,2000 916,1997"/>
               <TextEquiv>
                  <Unicode>Steuerzahler verlangt wurde, während die freien</Unicode>
               </TextEquiv>
            </TextLine>
            <TextLine id="r_tl_21" custom="readingOrder {index:20;}">
               <Coords points="165,2041 911,2046 877,2005 165,2002"/>
               <Baseline points="170,2032 214,2029 259,2029 304,2029 349,2029 394,2029 438,2029 483,2032 528,2032 573,2032 617,2032 662,2032 707,2032 752,2032 797,2032 841,2032 886,2035 913,2038"/>
               <TextEquiv>
                  <Unicode>Bürger des freien Amerika zum erstenmal in bis¬</Unicode>
               </TextEquiv>
            </TextLine>
            <TextLine id="r_tl_22" custom="readingOrder {index:21;}">
               <Coords points="165,2081 909,2086 909,2049 876,2044 165,2041"/>
               <Baseline points="170,2068 214,2065 259,2068 304,2068 349,2068 394,2068 438,2068 483,2068 528,2068 573,2068 617,2068 662,2068 707,2068 752,2071 797,2071 841,2071 886,2071 910,2074"/>
               <TextEquiv>
                  <Unicode>her unbekanntem Maße aufgefordert werden, diese</Unicode>
               </TextEquiv>
            </TextLine>
            <TextLine id="r_tl_23" custom="readingOrder {index:22;}">
               <Coords points="165,2117 902,2118 886,2084 165,2081"/>
               <Baseline points="170,2107 214,2104 259,2104 304,2104 349,2104 394,2107 438,2104 483,2107 528,2107 573,2107 617,2107 662,2107 707,2107 752,2107 797,2107 841,2107 886,2110 904,2110"/>
               <TextEquiv>
                  <Unicode>Freiheit zu verteidigen und damit ihr Teil zu lei¬</Unicode>
               </TextEquiv>
            </TextLine>
            <TextLine id="r_tl_24" custom="readingOrder {index:23;}">
               <Coords points="169,2156 913,2157 912,2124 873,2119 168,2115"/>
               <Baseline points="173,2146 217,2140 262,2143 307,2143 352,2140 397,2143 441,2143 486,2143 531,2143 576,2143 620,2143 665,2143 710,2143 755,2143 800,2143 844,2146 889,2146 913,2146"/>
               <TextEquiv>
                  <Unicode>sten für die Rettung und Erhaltung der demokra¬</Unicode>
               </TextEquiv>
            </TextLine>
            <TextLine id="r_tl_25" custom="readingOrder {index:24;}">
               <Coords points="162,2185 911,2200 911,2165 823,2153 162,2161"/>
               <Baseline points="167,2182 211,2179 256,2179 301,2179 346,2179 391,2179 435,2179 480,2179 525,2179 570,2179 614,2182 659,2182 704,2182 749,2182 794,2179 838,2182 883,2185 913,2182"/>
               <TextEquiv>
                  <Unicode>tischen Idee in einer von totalem Krieg heimge¬</Unicode>
               </TextEquiv>
            </TextLine>
            <TextLine id="r_tl_26" custom="readingOrder {index:25;}">
               <Coords points="168,2232 905,2231 905,2202 866,2192 168,2184"/>
               <Baseline points="173,2221 191,2215 235,2215 280,2215 325,2218 370,2215 414,2218 459,2218 504,2218 549,2218 594,2218 638,2218 683,2221 728,2218 773,2218 817,2218 862,2218 907,2218"/>
               <TextEquiv>
                  <Unicode>suchten Welt, während dieser ganze Prozeß der</Unicode>
               </TextEquiv>
            </TextLine>
            <TextLine id="r_tl_27" custom="readingOrder {index:26;}">
               <Coords points="168,2265 902,2267 902,2230 168,2233"/>
               <Baseline points="173,2256 188,2253 232,2253 277,2253 322,2256 367,2256 411,2256 456,2256 501,2253 546,2256 591,2253 635,2256 680,2256 725,2253 770,2253 814,2253 859,2256 904,2253"/>
               <TextEquiv>
                  <Unicode>psychologischen, moralischen und materiellen Um¬</Unicode>
               </TextEquiv>
            </TextLine>
            <TextLine id="r_tl_28" custom="readingOrder {index:27;}">
               <Coords points="165,2310 902,2305 902,2278 856,2264 165,2266"/>
               <Baseline points="170,2292 214,2292 259,2292 304,2292 349,2292 394,2292 438,2292 483,2292 528,2292 573,2292 617,2292 662,2292 707,2292 752,2292 797,2289 841,2292 886,2295 904,2295"/>
               <TextEquiv>
                  <Unicode>stellung eines bisher friedlichen und isolierten</Unicode>
               </TextEquiv>
            </TextLine>
            <TextLine id="r_tl_29" custom="readingOrder {index:28;}">
               <Coords points="168,2341 922,2343 905,2303 168,2309"/>
               <Baseline points="173,2331 217,2328 262,2328 307,2328 352,2328 397,2328 441,2331 486,2328 531,2331 576,2331 620,2328 665,2328 710,2328 755,2328 800,2328 844,2328 889,2331 916,2331 923,2332"/>
               <TextEquiv>
                  <Unicode>Kontinents auf die Teilnahme an einem Welt¬</Unicode>
               </TextEquiv>
            </TextLine>
            <TextLine id="r_tl_30" custom="readingOrder {index:29;}">
               <Coords points="165,2378 911,2383 911,2350 847,2341 165,2351"/>
               <Baseline points="170,2370 214,2367 259,2367 304,2367 349,2367 394,2367 438,2367 483,2367 528,2367 573,2367 617,2367 662,2367 707,2367 752,2364 797,2364 841,2367 886,2370 913,2373"/>
               <TextEquiv>
                  <Unicode>geschehen und Weltschicksal gerade erst in Gang</Unicode>
               </TextEquiv>
            </TextLine>
            <TextLine id="r_tl_31" custom="readingOrder {index:30;}">
               <Coords points="159,2410 921,2414 921,2389 843,2374 159,2387"/>
               <Baseline points="164,2403 208,2403 253,2403 298,2403 343,2403 388,2403 432,2406 477,2406 522,2406 567,2403 611,2403 656,2403 701,2403 746,2403 791,2406 835,2403 880,2406 916,2403 923,2404"/>
               <TextEquiv>
                  <Unicode>kam, erfolgte schon der erste Gegenschlag: Arbeiter</Unicode>
               </TextEquiv>
            </TextLine>
            <TextLine id="r_tl_32" custom="readingOrder {index:31;}">
               <Coords points="162,2452 246,2470 273,2457 609,2450 609,2427 587,2416 162,2423"/>
               <Baseline points="167,2441 211,2441 256,2441 301,2441 346,2441 391,2441 435,2441 480,2441 525,2441 570,2441 611,2444"/>
               <TextEquiv>
                  <Unicode>der Stahlindustrie streikten.\:p\</Unicode>
               </TextEquiv>
            </TextLine>
            <TextLine id="r_tl_33" custom="readingOrder {index:32;}">
               <Coords points="215,2502 911,2507 911,2471 870,2464 634,2458 577,2481 382,2452 215,2462"/>
               <Baseline points="220,2495 265,2492 310,2492 355,2492 400,2492 444,2492 489,2492 534,2492 579,2492 623,2492 668,2489 713,2492 758,2492 803,2492 847,2492 892,2495 913,2495"/>
               <TextEquiv>
                  <Unicode>\p\Die Stahlindustrie ist eines der wichtigsten</Unicode>
               </TextEquiv>
            </TextLine>
            <TextLine id="r_tl_34" custom="readingOrder {index:33;}">
               <Coords points="165,2538 905,2542 898,2501 165,2505"/>
               <Baseline points="170,2534 191,2531 235,2528 280,2531 325,2531 370,2531 414,2531 459,2528 504,2528 549,2528 594,2528 638,2528 683,2528 728,2528 773,2528 817,2528 862,2531 907,2531"/>
               <TextEquiv>
                  <Unicode>Zweige der Rüstungsindustrie. Es gilt, das Maxi¬</Unicode>
               </TextEquiv>
            </TextLine>
            <TextLine id="r_tl_35" custom="readingOrder {index:34;}">
               <Coords points="168,2579 922,2578 907,2544 168,2548"/>
               <Baseline points="173,2570 217,2567 262,2564 307,2567 352,2567 397,2564 441,2567 486,2567 531,2567 576,2567 620,2567 665,2567 710,2564 755,2564 800,2567 844,2567 889,2570 919,2570 923,2569"/>
               <TextEquiv>
                  <Unicode>mum ihrer Leistungskraft auszunützen. Während</Unicode>
               </TextEquiv>
            </TextLine>
            <TextLine id="r_tl_36" custom="readingOrder {index:35;}">
               <Coords points="171,2617 908,2621 907,2577 170,2579"/>
               <Baseline points="176,2606 220,2603 265,2603 310,2603 355,2603 400,2603 444,2603 489,2603 534,2603 579,2603 623,2603 668,2603 713,2603 758,2606 803,2606 847,2606 892,2606 910,2609"/>
               <TextEquiv>
                  <Unicode>sieben Wochentagen und vierundzwanzig Stunden</Unicode>
               </TextEquiv>
            </TextLine>
            <TextLine id="r_tl_37" custom="readingOrder {index:36;}">
               <Coords points="159,2645 903,2660 892,2615 159,2625"/>
               <Baseline points="164,2638 208,2638 253,2638 298,2638 343,2638 388,2638 432,2638 477,2638 522,2638 567,2638 611,2638 656,2638 701,2641 746,2641 791,2641 835,2641 880,2644 904,2641"/>
               <TextEquiv>
                  <Unicode>täglich floß der Strom weißglühenden Stahls aus</Unicode>
               </TextEquiv>
            </TextLine>
            <TextLine id="r_tl_38" custom="readingOrder {index:37;}">
               <Coords points="153,2688 908,2696 884,2654 153,2647"/>
               <Baseline points="158,2674 202,2674 247,2674 292,2674 337,2674 382,2677 426,2677 471,2677 516,2677 561,2677 606,2677 650,2677 695,2677 740,2677 785,2677 829,2677 874,2680 910,2677"/>
               <TextEquiv>
                  <Unicode>den gewaltigen Schmelzöfen der größten amerika¬</Unicode>
               </TextEquiv>
            </TextLine>
            <TextLine id="r_tl_39" custom="readingOrder {index:38;}">
               <Coords points="159,2731 908,2737 907,2696 860,2691 158,2688"/>
               <Baseline points="164,2713 208,2710 253,2713 298,2713 343,2713 388,2713 432,2713 477,2713 522,2716 567,2716 611,2716 656,2716 701,2713 746,2716 791,2716 835,2716 880,2719 910,2716"/>
               <TextEquiv>
                  <Unicode>nischen Werke. Die Losung für die Stahlindustrie</Unicode>
               </TextEquiv>
            </TextLine>
            <TextLine id="r_tl_40" custom="readingOrder {index:39;}">
               <Coords points="159,2753 911,2763 911,2738 844,2728 159,2732"/>
               <Baseline points="164,2752 208,2749 253,2749 298,2749 343,2752 388,2752 432,2752 477,2752 522,2752 567,2752 611,2752 656,2752 701,2752 746,2755 791,2752 835,2755 880,2755 913,2755"/>
               <TextEquiv>
                  <Unicode>und für jede andere der für die Rüstung lebens¬</Unicode>
               </TextEquiv>
            </TextLine>
            <TextLine id="r_tl_41" custom="readingOrder {index:40;}">
               <Coords points="159,2796 840,2814 903,2810 903,2778 158,2763"/>
               <Baseline points="164,2788 208,2785 253,2785 298,2788 343,2788 388,2788 432,2788 477,2788 522,2788 567,2788 611,2791 656,2791 701,2791 746,2791 791,2791 835,2791 880,2794 904,2794"/>
               <TextEquiv>
                  <Unicode>wichtigen Industrien war: Keine Unterbrechung</Unicode>
               </TextEquiv>
            </TextLine>
            <TextLine id="r_tl_42" custom="readingOrder {index:41;}">
               <Coords points="159,2831 903,2839 903,2810 806,2800 159,2797"/>
               <Baseline points="164,2827 208,2824 253,2824 298,2827 343,2824 388,2827 432,2827 477,2827 522,2827 567,2827 611,2827 656,2827 701,2827 746,2830 791,2827 835,2830 880,2830 904,2830"/>
               <TextEquiv>
                  <Unicode>der Arbeit! Und in den Vereinigten Staaten</Unicode>
               </TextEquiv>
            </TextLine>
            <TextLine id="r_tl_43" custom="readingOrder {index:42;}">
               <Coords points="153,2865 912,2876 892,2838 153,2853"/>
               <Baseline points="158,2862 202,2859 247,2859 292,2862 337,2862 382,2862 426,2862 471,2862 516,2865 561,2865 606,2865 650,2865 695,2865 740,2865 785,2865 829,2865 874,2868 913,2865"/>
               <TextEquiv>
                  <Unicode>mehr noch als im früheren Frankreich bedeutet</Unicode>
               </TextEquiv>
            </TextLine>
            <TextLine id="r_tl_44" custom="readingOrder {index:43;}">
               <Coords points="156,2909 908,2913 902,2875 156,2878"/>
               <Baseline points="161,2898 205,2898 250,2898 295,2901 340,2901 385,2901 429,2901 474,2901 519,2901 564,2901 608,2901 653,2901 698,2901 743,2901 788,2901 832,2904 877,2904 910,2904"/>
               <TextEquiv>
                  <Unicode>dies: Keine Streiks! Denn die gewaltigen Streiks</Unicode>
               </TextEquiv>
            </TextLine>
            <TextLine id="r_tl_45" custom="readingOrder {index:44;}">
               <Coords points="153,2953 908,2955 908,2921 865,2913 153,2914"/>
               <Baseline points="158,2937 202,2937 247,2937 292,2937 337,2937 382,2940 426,2937 471,2937 516,2940 561,2937 606,2940 650,2940 695,2937 740,2940 785,2940 829,2940 874,2943 910,2940"/>
               <TextEquiv>
                  <Unicode>in den Kohlenbergwerken, in der Stahlindustrie</Unicode>
               </TextEquiv>
            </TextLine>
            <TextLine id="r_tl_46" custom="readingOrder {index:45;}">
               <Coords points="157,2989 904,2996 910,2955 156,2952"/>
               <Baseline points="161,2973 205,2973 250,2973 295,2976 340,2976 385,2976 429,2976 474,2976 519,2976 564,2976 608,2976 653,2976 698,2976 743,2976 788,2979 832,2979 877,2979 913,2982"/>
               <TextEquiv>
                  <Unicode>und besonders in den Automobilfabriken im Jahre</Unicode>
               </TextEquiv>
            </TextLine>
            <TextLine id="r_tl_47" custom="readingOrder {index:46;}">
               <Coords points="153,3029 913,3030 912,2990 153,2989"/>
               <Baseline points="158,3012 202,3012 247,3012 292,3012 337,3012 382,3015 426,3012 471,3015 516,3015 561,3015 606,3015 650,3015 695,3015 740,3015 785,3015 829,3015 874,3018 913,3015"/>
               <TextEquiv>
                  <Unicode>1936, die von der Gewerkschaftsorganisation</Unicode>
               </TextEquiv>
            </TextLine>
            <TextLine id="r_tl_48" custom="readingOrder {index:47;}">
               <Coords points="156,3065 911,3068 911,3031 868,3026 156,3028"/>
               <Baseline points="161,3056 197,3050 241,3050 286,3050 331,3047 376,3050 420,3050 465,3050 510,3050 555,3050 600,3050 644,3050 689,3050 734,3050 779,3053 823,3050 868,3053 913,3050"/>
               <TextEquiv>
                  <Unicode>"C.I.O." – Komitee für industrielle Organisa¬</Unicode>
               </TextEquiv>
            </TextLine>
            <TextLine id="r_tl_49" custom="readingOrder {index:48;}">
               <Coords points="153,3098 908,3114 908,3071 152,3065"/>
               <Baseline points="158,3089 202,3086 247,3083 292,3089 337,3089 382,3089 426,3086 471,3086 516,3089 561,3089 606,3089 650,3089 695,3086 740,3089 785,3089 829,3089 874,3092 910,3089"/>
               <TextEquiv>
                  <Unicode>tion – durchgeführt wurden, haben deutlich genug</Unicode>
               </TextEquiv>
            </TextLine>
            <TextLine id="r_tl_50" custom="readingOrder {index:49;}">
               <Coords points="153,3136 905,3142 877,3103 153,3098"/>
               <Baseline points="158,3125 202,3125 247,3125 292,3125 337,3125 382,3125 426,3128 471,3128 516,3125 561,3128 606,3125 650,3125 695,3125 740,3128 785,3125 829,3128 874,3131 907,3128"/>
               <TextEquiv>
                  <Unicode>bewiesen, daß Kapital, Maschinen und Hochöfen</Unicode>
               </TextEquiv>
            </TextLine>
            <TextLine id="r_tl_51" custom="readingOrder {index:50;}">
               <Coords points="156,3170 911,3175 887,3138 156,3137"/>
               <Baseline points="161,3164 205,3161 250,3161 295,3164 340,3164 385,3164 429,3164 474,3164 519,3164 564,3164 608,3164 653,3164 698,3164 743,3164 788,3164 832,3164 877,3167 913,3167"/>
               <TextEquiv>
                  <Unicode>nichts sind als Papier und altes Eisen, wenn die</Unicode>
               </TextEquiv>
            </TextLine>
            <TextLine id="r_tl_52" custom="readingOrder {index:51;}">
               <Coords points="159,3207 911,3220 911,3175 159,3171"/>
               <Baseline points="164,3200 208,3200 253,3200 298,3200 343,3203 388,3203 432,3203 477,3200 522,3203 567,3203 611,3200 656,3203 701,3200 746,3203 791,3203 835,3203 880,3203 913,3203"/>
               <TextEquiv>
                  <Unicode>Arbeiterschaft sich weigert, ihre Aufgabe im gewal¬</Unicode>
               </TextEquiv>
            </TextLine>
            <TextLine id="r_tl_53" custom="readingOrder {index:52;}">
               <Coords points="153,3250 922,3253 894,3217 153,3205"/>
               <Baseline points="158,3239 202,3236 247,3236 292,3239 337,3239 382,3239 426,3239 471,3239 516,3239 561,3239 606,3239 650,3239 695,3239 740,3239 785,3239 829,3239 874,3241 910,3239 923,3236"/>
               <TextEquiv>
                  <Unicode>tigen Unternehmen der modernen Industrie zu er¬</Unicode>
               </TextEquiv>
            </TextLine>
            <TextLine id="r_tl_54" custom="readingOrder {index:53;}">
               <Coords points="156,3290 905,3293 897,3251 156,3247"/>
               <Baseline points="161,3277 205,3274 250,3274 295,3277 340,3277 385,3277 429,3277 474,3277 519,3277 564,3277 608,3277 653,3277 698,3277 743,3277 788,3277 832,3277 877,3277 907,3280"/>
               <TextEquiv>
                  <Unicode>füllen. Die Arbeiterschaft der Stahlindustrie ist</Unicode>
               </TextEquiv>
            </TextLine>
            <TextLine id="r_tl_55" custom="readingOrder {index:54;}">
               <Coords points="156,3325 900,3327 900,3296 860,3287 156,3289"/>
               <Baseline points="161,3313 205,3310 250,3313 295,3313 340,3313 385,3313 429,3313 474,3313 519,3313 564,3313 608,3313 653,3313 698,3313 743,3313 788,3313 832,3313 877,3316 901,3316"/>
               <TextEquiv>
                  <Unicode>in einer der stärksten "C.I.O."-Gewerkschaften or¬</Unicode>
               </TextEquiv>
            </TextLine>
            <TextLine id="r_tl_56" custom="readingOrder {index:55;}">
               <Coords points="150,3371 905,3363 905,3334 757,3324 150,3328"/>
               <Baseline points="155,3355 191,3349 235,3349 280,3352 325,3352 370,3352 414,3349 459,3352 504,3352 549,3352 594,3352 638,3352 683,3352 728,3352 773,3352 817,3352 862,3352 907,3352"/>
               <TextEquiv>
                  <Unicode>ganisiert. Wenn sie beginnt, das Rüstungspro¬</Unicode>
               </TextEquiv>
            </TextLine>
            <TextLine id="r_tl_57" custom="readingOrder {index:56;}">
               <Coords points="147,3395 906,3400 906,3362 147,3375"/>
               <Baseline points="152,3391 191,3388 235,3388 280,3388 325,3388 370,3388 414,3388 459,3388 504,3388 549,3391 594,3388 638,3391 683,3391 728,3391 773,3388 817,3388 862,3391 907,3388"/>
               <TextEquiv>
                  <Unicode>gramm und die Sache der nationalen Verteidi¬</Unicode>
               </TextEquiv>
            </TextLine>
            <TextLine id="r_tl_58" custom="readingOrder {index:57;}">
               <Coords points="147,3441 906,3444 906,3400 147,3413"/>
               <Baseline points="152,3427 197,3427 241,3427 286,3427 331,3427 376,3427 420,3427 465,3427 510,3427 555,3427 600,3427 644,3427 689,3427 734,3427 779,3427 823,3427 868,3427 907,3427"/>
               <TextEquiv>
                  <Unicode>gung zu sabotieren, dann erwahren sich die düste¬</Unicode>
               </TextEquiv>
            </TextLine>
            <TextLine id="r_tl_59" custom="readingOrder {index:58;}">
               <Coords points="150,3469 902,3475 889,3437 150,3437"/>
               <Baseline points="155,3465 200,3462 244,3462 289,3465 334,3465 379,3462 423,3465 468,3465 513,3462 558,3465 603,3462 647,3462 692,3465 737,3462 782,3462 826,3465 871,3465 904,3465"/>
               <TextEquiv>
                  <Unicode>ren Befürchtungen, daß die Arbeiterschaft die in</Unicode>
               </TextEquiv>
            </TextLine>
            <TextLine id="r_tl_60" custom="readingOrder {index:59;}">
               <Coords points="147,3508 902,3513 896,3475 147,3469"/>
               <Baseline points="152,3498 197,3498 241,3501 286,3501 331,3501 376,3501 420,3501 465,3501 510,3501 555,3501 600,3501 644,3501 689,3501 734,3501 779,3501 823,3501 868,3501 904,3501"/>
               <TextEquiv>
                  <Unicode>den letzten ein oder zwei Jahrzehnten erworbenen</Unicode>
               </TextEquiv>
            </TextLine>
            <TextLine id="r_tl_61" custom="readingOrder {index:60;}">
               <Coords points="150,3553 905,3553 905,3525 846,3513 150,3516"/>
               <Baseline points="155,3543 191,3537 235,3537 280,3540 325,3540 370,3540 414,3540 459,3540 504,3540 549,3540 594,3540 638,3540 683,3540 728,3540 773,3540 817,3540 862,3540 907,3540"/>
               <TextEquiv>
                  <Unicode>sozialen Rechte heute dazu mißbraucht, von den</Unicode>
               </TextEquiv>
            </TextLine>
            <TextLine id="r_tl_62" custom="readingOrder {index:61;}">
               <Coords points="150,3584 905,3586 894,3551 150,3555"/>
               <Baseline points="155,3576 200,3576 244,3576 289,3576 334,3576 379,3576 423,3576 468,3576 513,3576 558,3576 603,3576 647,3576 692,3576 737,3576 782,3576 826,3576 871,3579 907,3576"/>
               <TextEquiv>
                  <Unicode>Unternehmern und vom Staat Vorteile zu erpres¬</Unicode>
               </TextEquiv>
            </TextLine>
            <TextLine id="r_tl_63" custom="readingOrder {index:62;}">
               <Coords points="147,3629 896,3634 896,3592 862,3585 147,3590"/>
               <Baseline points="152,3615 197,3612 241,3615 286,3615 331,3615 376,3615 420,3615 465,3615 510,3612 555,3615 600,3615 644,3615 689,3612 734,3615 779,3612 823,3612 868,3615 898,3615"/>
               <TextEquiv>
                  <Unicode>sen unter der Drohung, anderenfalls die Auf¬</Unicode>
               </TextEquiv>
            </TextLine>
            <TextLine id="r_tl_64" custom="readingOrder {index:63;}">
               <Coords points="141,3659 288,3684 641,3663 921,3686 921,3644 878,3630 141,3629"/>
               <Baseline points="146,3650 191,3650 235,3650 280,3653 325,3653 370,3653 414,3650 459,3653 504,3653 549,3653 594,3653 638,3650 683,3650 728,3650 773,3650 817,3650 862,3653 907,3656 913,3656 923,3663"/>
               <TextEquiv>
                  <Unicode>rüstung gründlich und effektvoll zu verhindern.\:p\</Unicode>
               </TextEquiv>
            </TextLine>
            <TextLine id="r_tl_65" custom="readingOrder {index:64;}">
               <Coords points="189,3706 338,3726 921,3710 890,3675 738,3667 484,3690 189,3677"/>
               <Baseline points="194,3704 238,3704 283,3704 328,3704 373,3704 417,3704 462,3701 507,3704 552,3704 597,3701 641,3704 686,3701 731,3704 776,3704 820,3704 865,3704 907,3707 923,3710"/>
               <TextEquiv>
                  <Unicode>\p\Diese Befürchtung hatte ihren Höhepunkt er¬</Unicode>
               </TextEquiv>
            </TextLine>
            <TextLine id="r_tl_66" custom="readingOrder {index:65;}">
               <Coords points="150,3747 921,3750 915,3715 150,3723"/>
               <Baseline points="155,3743 200,3740 244,3740 289,3743 334,3743 379,3740 423,3743 468,3743 513,3743 558,3740 603,3740 647,3740 692,3740 737,3740 782,3740 826,3740 871,3743 913,3746 923,3747"/>
               <TextEquiv>
                  <Unicode>reicht, als im Oktober, kaum vierzehn Tage vor</Unicode>
               </TextEquiv>
            </TextLine>
            <TextLine id="r_tl_67" custom="readingOrder {index:66;}">
               <Coords points="144,3787 921,3790 921,3758 892,3754 144,3753"/>
               <Baseline points="149,3776 194,3779 238,3779 283,3779 328,3779 373,3779 417,3779 462,3779 507,3779 552,3779 597,3779 641,3779 686,3779 731,3779 776,3779 820,3779 865,3779 904,3779 923,3783"/>
               <TextEquiv>
                  <Unicode>der Präsidentschaftswahl, der Präsident der</Unicode>
               </TextEquiv>
            </TextLine>
            <TextLine id="r_tl_68" custom="readingOrder {index:67;}">
               <Coords points="143,3831 920,3831 921,3798 178,3789 144,3810"/>
               <Baseline points="149,3821 191,3818 235,3818 280,3818 325,3818 370,3818 414,3818 459,3815 504,3818 549,3815 594,3815 638,3815 683,3815 728,3815 773,3815 817,3815 862,3818 907,3818 923,3822"/>
               <TextEquiv>
                  <Unicode>"C. I. O.", Amerikas mächtigster Arbeiterführer,</Unicode>
               </TextEquiv>
            </TextLine>
            <TextLine id="r_tl_69" custom="readingOrder {index:68;}">
               <Coords points="141,3865 688,3880 921,3859 890,3824 141,3830"/>
               <Baseline points="146,3856 152,3853 197,3853 241,3853 286,3853 331,3853 376,3853 420,3853 465,3856 510,3856 555,3853 600,3853 644,3853 689,3853 734,3850 779,3853 823,3853 868,3853 913,3853 923,3856"/>
               <TextEquiv>
                  <Unicode>John L. Lewis, sich gegen Roosevelt kehrte und die</Unicode>
               </TextEquiv>
            </TextLine>
            <TextLine id="r_tl_70" custom="readingOrder {index:69;}">
               <Coords points="141,3904 921,3903 921,3868 882,3864 141,3865"/>
               <Baseline points="146,3895 191,3892 235,3892 280,3892 325,3892 370,3892 414,3892 459,3892 504,3892 549,3889 594,3892 638,3892 683,3892 728,3889 773,3889 817,3889 862,3892 907,3895 923,3897"/>
               <TextEquiv>
                  <Unicode>"C.I.O."-Gewerkschafter aufforderte, geschlossen für</Unicode>
               </TextEquiv>
            </TextLine>
            <TextLine id="r_tl_71" custom="readingOrder {index:70;}">
               <Coords points="141,3934 902,3942 902,3902 141,3903"/>
               <Baseline points="146,3928 191,3928 235,3928 280,3928 325,3931 370,3928 414,3928 459,3928 504,3928 549,3928 594,3928 638,3928 683,3928 728,3928 773,3925 817,3925 862,3931 904,3928"/>
               <TextEquiv>
                  <Unicode>den republikanischen Gegenkandidaten Willkie zu</Unicode>
               </TextEquiv>
            </TextLine>
            <TextLine id="r_tl_72" custom="readingOrder {index:71;}">
               <Coords points="141,3974 900,3984 900,3941 141,3940"/>
               <Baseline points="146,3970 185,3967 229,3967 274,3967 319,3967 364,3967 408,3964 453,3967 498,3964 543,3964 588,3964 632,3964 677,3964 722,3964 767,3964 811,3967 856,3967 901,3967"/>
               <TextEquiv>
                  <Unicode>stimmen. Die Ueberraschung war um so größer, als</Unicode>
               </TextEquiv>
            </TextLine>
            <TextLine id="r_tl_73" custom="readingOrder {index:72;}">
               <Coords points="150,4017 921,4009 921,3983 861,3975 150,3979"/>
               <Baseline points="155,4006 188,4003 232,4003 277,4006 322,4003 367,4003 411,4003 456,4003 501,4003 546,4003 591,4003 635,4003 680,4003 725,4003 770,4003 814,4003 859,4003 904,4003 923,4007"/>
               <TextEquiv>
                  <Unicode>Lewis seine Erfolge bei der Organisation seiner</Unicode>
               </TextEquiv>
            </TextLine>
            <TextLine id="r_tl_74" custom="readingOrder {index:73;}">
               <Coords points="144,4058 921,4049 921,4022 854,4012 144,4016"/>
               <Baseline points="149,4042 191,4042 235,4042 280,4042 325,4042 370,4042 414,4042 459,4042 504,4042 549,4039 594,4042 638,4042 683,4039 728,4039 773,4039 817,4039 862,4039 907,4039 923,4044"/>
               <TextEquiv>
                  <Unicode>Gewerkschaften vor allem der gerechten und tole¬</Unicode>
               </TextEquiv>
            </TextLine>
            <TextLine id="r_tl_75" custom="readingOrder {index:74;}">
               <Coords points="144,4082 890,4092 882,4051 144,4058"/>
               <Baseline points="149,4080 176,4080 220,4080 265,4077 310,4080 355,4080 400,4077 444,4077 489,4077 534,4077 579,4077 623,4077 668,4077 713,4077 758,4077 803,4074 847,4077 892,4077"/>
               <TextEquiv>
                  <Unicode>ranten Haltung Roosevelts verdankte. Erst Roose¬</Unicode>
               </TextEquiv>
            </TextLine>
            <TextLine id="r_tl_76" custom="readingOrder {index:75;}">
               <Coords points="144,4122 899,4131 899,4091 144,4101"/>
               <Baseline points="149,4116 194,4116 238,4116 283,4116 328,4119 373,4116 417,4116 462,4116 507,4116 552,4116 597,4116 641,4113 686,4113 731,4113 776,4113 820,4113 865,4116 901,4116"/>
               <TextEquiv>
                  <Unicode>velt hat der Arbeiterschaft das Recht auf kollektive</Unicode>
               </TextEquiv>
            </TextLine>
            <TextLine id="r_tl_77" custom="readingOrder {index:76;}">
               <Coords points="140,4158 904,4163 894,4121 141,4126"/>
               <Baseline points="146,4155 191,4155 235,4155 280,4155 325,4155 370,4155 414,4155 459,4152 504,4155 549,4152 594,4152 638,4155 683,4152 728,4152 773,4152 817,4152 862,4155 907,4152"/>
               <TextEquiv>
                  <Unicode>Verträge mit den Unternehmern gewährt, und</Unicode>
               </TextEquiv>
            </TextLine>
            <TextLine id="r_tl_78" custom="readingOrder {index:77;}">
               <Coords points="141,4208 905,4203 898,4161 141,4168"/>
               <Baseline points="146,4194 191,4191 235,4191 280,4194 325,4191 370,4194 414,4191 459,4191 504,4191 549,4191 594,4191 638,4191 683,4191 728,4191 773,4188 817,4191 862,4191 907,4191"/>
               <TextEquiv>
                  <Unicode>folgerichtig hatte Lewis bei der zweiten Wieder¬</Unicode>
               </TextEquiv>
            </TextLine>
            <TextLine id="r_tl_79" custom="readingOrder {index:78;}">
               <Coords points="141,4244 921,4246 921,4208 897,4206 141,4208"/>
               <Baseline points="146,4230 188,4230 232,4230 277,4230 322,4230 367,4230 411,4230 456,4230 501,4230 546,4230 591,4230 635,4227 680,4230 725,4227 770,4230 814,4227 859,4230 904,4227 923,4231"/>
               <TextEquiv>
                  <Unicode>wahl Roosevelts im Jahr 1936 seine Stimme und</Unicode>
               </TextEquiv>
            </TextLine>
            <TextLine id="r_tl_80" custom="readingOrder {index:79;}">
               <Coords points="144,4273 899,4280 866,4240 144,4244"/>
               <Baseline points="149,4265 194,4265 238,4268 283,4268 328,4268 373,4268 417,4265 462,4268 507,4268 552,4265 597,4265 641,4268 686,4268 731,4265 776,4265 820,4265 865,4265 901,4265"/>
               <TextEquiv>
                  <Unicode>die seiner bereits nach Millionen zählenden Ge¬</Unicode>
               </TextEquiv>
            </TextLine>
            <TextLine id="r_tl_81" custom="readingOrder {index:80;}">
               <Coords points="141,4311 893,4312 893,4286 840,4274 141,4283"/>
               <Baseline points="146,4304 191,4304 235,4304 280,4304 325,4307 370,4304 414,4304 459,4304 504,4304 549,4304 594,4304 638,4304 683,4304 728,4304 773,4304 817,4304 862,4304 895,4304"/>
               <TextEquiv>
                  <Unicode>werkschaftler für den demokratischen Präsidenten</Unicode>
               </TextEquiv>
            </TextLine>
            <TextLine id="r_tl_82" custom="readingOrder {index:81;}">
               <Coords points="141,4346 893,4362 893,4316 860,4312 141,4311"/>
               <Baseline points="146,4343 191,4340 235,4343 280,4343 325,4343 370,4343 414,4343 459,4343 504,4343 549,4343 594,4343 638,4343 683,4340 728,4340 773,4340 817,4340 862,4343 895,4343"/>
               <TextEquiv>
                  <Unicode>abgegeben. Als daher im Oktober Lewis offen</Unicode>
               </TextEquiv>
            </TextLine>
            <TextLine id="r_tl_83" custom="readingOrder {index:82;}">
               <Coords points="150,4398 896,4396 896,4359 150,4360"/>
               <Baseline points="155,4382 200,4379 244,4379 289,4379 334,4382 379,4379 423,4382 468,4382 513,4382 558,4379 603,4382 647,4379 692,4379 737,4379 782,4379 826,4379 871,4382 898,4382"/>
               <TextEquiv>
                  <Unicode>gegen Roosevelt hervortrat, wurde diese Handlung</Unicode>
               </TextEquiv>
            </TextLine>
            <TextLine id="r_tl_84" custom="readingOrder {index:83;}">
               <Coords points="150,4437 899,4434 899,4399 851,4387 150,4398"/>
               <Baseline points="155,4418 200,4415 244,4418 289,4418 334,4418 379,4418 423,4418 468,4418 513,4418 558,4418 603,4418 647,4418 692,4418 737,4418 782,4418 826,4418 871,4418 901,4418"/>
               <TextEquiv>
                  <Unicode>nicht nur von Roosevelts demokratischen Anhän¬</Unicode>
               </TextEquiv>
            </TextLine>
            <TextLine id="r_tl_85" custom="readingOrder {index:84;}">
               <Coords points="141,4464 902,4467 902,4440 840,4428 141,4436"/>
               <Baseline points="146,4456 188,4454 232,4454 277,4454 322,4456 367,4456 411,4456 456,4454 501,4456 546,4456 591,4454 635,4454 680,4456 725,4454 770,4454 814,4454 859,4456 904,4454"/>
               <TextEquiv>
                  <Unicode>gern als Verrat empfunden, sondern in stärkerem</Unicode>
               </TextEquiv>
            </TextLine>
            <TextLine id="r_tl_86" custom="readingOrder {index:85;}">
               <Coords points="150,4501 896,4507 883,4463 150,4468"/>
               <Baseline points="155,4492 200,4489 244,4489 289,4492 334,4492 379,4492 423,4492 468,4492 513,4492 558,4492 603,4492 647,4492 692,4492 737,4492 782,4492 826,4492 871,4492 898,4498"/>
               <TextEquiv>
                  <Unicode>Maße von den "C.I.O."-Gewerkschaftlern selbst,</Unicode>
               </TextEquiv>
            </TextLine>
            <TextLine id="r_tl_87" custom="readingOrder {index:86;}">
               <Coords points="150,4540 905,4543 905,4507 866,4502 150,4508"/>
               <Baseline points="155,4528 200,4528 244,4528 289,4528 334,4528 379,4528 423,4528 468,4528 513,4531 558,4531 603,4528 647,4531 692,4531 737,4531 782,4531 826,4531 871,4531 907,4531"/>
               <TextEquiv>
                  <Unicode>und nur eine Minderheit folgte ihm. Denn der</Unicode>
               </TextEquiv>
            </TextLine>
            <TextLine id="r_tl_88" custom="readingOrder {index:87;}">
               <Coords points="147,4578 891,4587 891,4544 147,4549"/>
               <Baseline points="152,4570 176,4567 220,4567 265,4567 310,4567 355,4567 400,4567 444,4567 489,4567 534,4567 579,4567 623,4567 668,4567 713,4567 758,4567 803,4567 847,4567 892,4567"/>
               <TextEquiv>
                  <Unicode>größere Teil der amerikanischen Arbeiter war sich</Unicode>
               </TextEquiv>
            </TextLine>
            <TextLine id="r_tl_89" custom="readingOrder {index:88;}">
               <Coords points="159,4613 921,4614 921,4589 860,4578 159,4579"/>
               <Baseline points="164,4603 208,4603 253,4603 298,4603 343,4606 388,4606 432,4606 477,4603 522,4606 567,4606 611,4606 656,4603 701,4606 746,4603 791,4603 835,4606 880,4606 907,4606 923,4613"/>
               <TextEquiv>
                  <Unicode>bewußt, daß Willkie der Kandidat der großen</Unicode>
               </TextEquiv>
            </TextLine>
            <TextLine id="r_tl_90" custom="readingOrder {index:89;}">
               <Coords points="156,4645 902,4657 876,4616 484,4612 452,4634 156,4613"/>
               <Baseline points="161,4642 205,4639 250,4642 295,4642 340,4642 385,4642 429,4642 474,4642 519,4642 564,4642 608,4645 653,4642 698,4645 743,4642 788,4642 832,4642 877,4645 904,4642"/>
               <TextEquiv>
                  <Unicode>Geschäftswelt und der Gegner von Roosevelts</Unicode>
               </TextEquiv>
            </TextLine>
            <TextLine id="r_tl_91" custom="readingOrder {index:90;}">
               <Coords points="150,4694 724,4692 724,4656 150,4647"/>
               <Baseline points="155,4677 200,4677 244,4680 289,4680 334,4680 379,4680 423,4680 468,4680 513,4680 558,4680 603,4680 647,4680 692,4680 725,4683"/>
               <TextEquiv>
                  <Unicode>fortschrittlichem Sozialprogramm war.\:p\</Unicode>
               </TextEquiv>
            </TextLine>
            <TextLine id="r_tl_92" custom="readingOrder {index:91;}">
               <Coords points="200,4740 921,4747 906,4699 200,4705"/>
               <Baseline points="205,4731 250,4731 295,4731 340,4731 385,4731 429,4731 474,4734 519,4734 564,4731 608,4734 653,4734 698,4731 743,4731 788,4731 832,4734 877,4734 913,4737 923,4736"/>
               <TextEquiv>
                  <Unicode>\p\Nach der Wahlniederlage von Willkie mußte</Unicode>
               </TextEquiv>
            </TextLine>
            <TextLine id="r_tl_93" custom="readingOrder {index:92;}">
               <Coords points="156,4777 921,4788 903,4745 611,4739 566,4764 156,4740"/>
               <Baseline points="161,4767 205,4767 250,4767 295,4770 340,4770 385,4770 429,4770 474,4770 519,4770 564,4770 608,4770 653,4770 698,4767 743,4770 788,4770 832,4770 877,4773 913,4773 923,4774"/>
               <TextEquiv>
                  <Unicode>Lewis als Präsident der "C. I. O." zurücktreten.</Unicode>
               </TextEquiv>
            </TextLine>
            <TextLine id="r_tl_94" custom="readingOrder {index:93;}">
               <Coords points="153,4807 922,4822 908,4782 153,4778"/>
               <Baseline points="158,4803 202,4803 247,4803 292,4806 337,4806 382,4806 426,4809 471,4809 516,4806 561,4809 606,4806 650,4806 695,4806 740,4809 785,4809 829,4809 874,4809 913,4809 923,4810"/>
               <TextEquiv>
                  <Unicode>Sein Nachfolger wurde Philip \g\Murray\:g\, der bei</Unicode>
               </TextEquiv>
            </TextLine>
            <TextLine id="r_tl_95" custom="readingOrder {index:94;}">
               <Coords points="159,4846 921,4862 921,4831 879,4818 565,4815 521,4837 159,4811"/>
               <Baseline points="164,4839 208,4839 253,4842 298,4842 343,4845 388,4845 432,4845 477,4845 522,4845 567,4845 611,4845 656,4845 701,4845 746,4845 791,4845 835,4845 880,4848 913,4845 923,4845"/>
               <TextEquiv>
                  <Unicode>Unternehmern als zäher, aber korrekter und loyaler</Unicode>
               </TextEquiv>
            </TextLine>
            <TextLine id="r_tl_96" custom="readingOrder {index:95;}">
               <Coords points="159,4886 899,4901 898,4858 355,4868 158,4846"/>
               <Baseline points="164,4877 208,4877 253,4877 298,4880 343,4880 388,4883 432,4883 477,4880 522,4883 567,4883 611,4883 656,4883 701,4883 746,4883 791,4883 835,4883 880,4883 901,4883"/>
               <TextEquiv>
                  <Unicode>Verhandlungspartner gilt. Er hatte mit zehn Jah¬</Unicode>
               </TextEquiv>
            </TextLine>
            <TextLine id="r_tl_97" custom="readingOrder {index:96;}">
               <Coords points="162,4927 921,4936 921,4910 861,4891 162,4893"/>
               <Baseline points="167,4913 211,4913 256,4916 301,4916 346,4919 391,4919 435,4919 480,4919 525,4922 570,4919 614,4919 659,4919 704,4919 749,4922 794,4919 838,4922 883,4922 923,4922"/>
               <TextEquiv>
                  <Unicode>ren in einer Kohlengrube in Schottland gearbei¬</Unicode>
               </TextEquiv>
            </TextLine>
            <TextEquiv>
               <Unicode/>
            </TextEquiv>
         </TextRegion>
         <TextRegion id="r_3" custom="readingOrder {index:1;}">
            <Coords points="969,915 1721,915 1721,3303 951,3315"/>
            <TextLine id="r_3_tl_1" custom="readingOrder {index:0;}">
               <Coords points="965,958 1719,969 1719,924 1693,920 965,928"/>
               <Baseline points="970,949 1014,946 1059,946 1104,949 1149,949 1194,949 1238,949 1283,949 1328,952 1373,949 1417,952 1462,952 1507,949 1552,952 1597,949 1641,949 1686,949 1721,949"/>
               <TextEquiv>
                  <Unicode>tet, wanderte mit seiner Familie nach Amerika</Unicode>
               </TextEquiv>
            </TextLine>
            <TextLine id="r_3_tl_2" custom="readingOrder {index:1;}">
               <Coords points="963,994 1699,1006 1692,964 963,971"/>
               <Baseline points="968,985 1009,985 1053,985 1098,985 1143,985 1188,988 1232,988 1277,988 1322,988 1367,988 1412,988 1456,991 1501,988 1546,988 1591,988 1635,988 1680,988 1701,985"/>
               <TextEquiv>
                  <Unicode>aus, wurde Kohlenarbeiter in Pennsylvania, pro¬</Unicode>
               </TextEquiv>
            </TextLine>
            <TextLine id="r_3_tl_3" custom="readingOrder {index:2;}">
               <Coords points="968,1029 1719,1037 1704,1003 968,991"/>
               <Baseline points="973,1023 1017,1020 1062,1023 1107,1020 1152,1020 1197,1023 1241,1023 1286,1026 1331,1026 1376,1026 1420,1026 1465,1026 1510,1026 1555,1026 1600,1023 1644,1023 1689,1026 1713,1026 1721,1026"/>
               <TextEquiv>
                  <Unicode>testierte als Achtzehnjähriger gegen einen Waag¬</Unicode>
               </TextEquiv>
            </TextLine>
            <TextLine id="r_3_tl_4" custom="readingOrder {index:3;}">
               <Coords points="962,1070 1706,1070 1683,1033 962,1039"/>
               <Baseline points="967,1056 1009,1056 1053,1059 1098,1059 1143,1059 1188,1059 1232,1062 1277,1062 1322,1062 1367,1062 1412,1062 1456,1062 1501,1062 1546,1059 1591,1062 1635,1062 1680,1059 1707,1062"/>
               <TextEquiv>
                  <Unicode>meister, der die geförderte Kohle zu ungunsten der</Unicode>
               </TextEquiv>
            </TextLine>
            <TextLine id="r_3_tl_5" custom="readingOrder {index:4;}">
               <Coords points="965,1109 1720,1112 1695,1069 965,1071"/>
               <Baseline points="970,1098 1014,1095 1059,1095 1104,1095 1149,1098 1194,1098 1238,1098 1283,1098 1328,1098 1373,1098 1417,1098 1462,1098 1507,1098 1552,1098 1597,1098 1641,1098 1686,1098 1719,1101 1721,1101"/>
               <TextEquiv>
                  <Unicode>Bergleute falsch abwog, wurde entlassen und trotz</Unicode>
               </TextEquiv>
            </TextLine>
            <TextLine id="r_3_tl_6" custom="readingOrder {index:5;}">
               <Coords points="962,1146 1719,1158 1718,1113 961,1109"/>
               <Baseline points="967,1134 1009,1131 1053,1131 1098,1134 1143,1134 1188,1134 1232,1134 1277,1137 1322,1137 1367,1134 1412,1137 1456,1137 1501,1137 1546,1137 1591,1134 1635,1134 1680,1137 1713,1137 1721,1136"/>
               <TextEquiv>
                  <Unicode>seiner Jugend von seinen Kameraden aus Protest</Unicode>
               </TextEquiv>
            </TextLine>
            <TextLine id="r_3_tl_7" custom="readingOrder {index:6;}">
               <Coords points="962,1184 1719,1190 1719,1156 1674,1146 962,1147"/>
               <Baseline points="967,1173 1009,1170 1053,1170 1098,1170 1143,1170 1188,1170 1232,1170 1277,1170 1322,1173 1367,1173 1412,1173 1456,1173 1501,1173 1546,1173 1591,1173 1635,1173 1680,1173 1713,1173 1721,1172"/>
               <TextEquiv>
                  <Unicode>zum Präsidenten der lokalen Grubenarbeiter-Ge¬</Unicode>
               </TextEquiv>
            </TextLine>
            <TextLine id="r_3_tl_8" custom="readingOrder {index:7;}">
               <Coords points="961,1220 1720,1226 1720,1190 1686,1181 961,1192"/>
               <Baseline points="966,1206 1009,1206 1053,1206 1098,1209 1143,1206 1188,1206 1232,1209 1277,1209 1322,1209 1367,1209 1412,1209 1456,1209 1501,1212 1546,1212 1591,1212 1635,1209 1680,1209 1719,1209 1721,1209"/>
               <TextEquiv>
                  <Unicode>werkschaft gewählt; der wegen dieses Zwischenfalls</Unicode>
               </TextEquiv>
            </TextLine>
            <TextLine id="r_3_tl_9" custom="readingOrder {index:8;}">
               <Coords points="962,1256 1719,1265 1718,1228 961,1229"/>
               <Baseline points="967,1244 1012,1241 1056,1244 1101,1244 1146,1241 1191,1244 1235,1244 1280,1244 1325,1244 1370,1244 1415,1247 1459,1247 1504,1247 1549,1247 1594,1247 1638,1247 1683,1247 1713,1247 1721,1247"/>
               <TextEquiv>
                  <Unicode>ausgerufene Streik wurde durch Hunger gebro¬</Unicode>
               </TextEquiv>
            </TextLine>
            <TextLine id="r_3_tl_10" custom="readingOrder {index:9;}">
               <Coords points="961,1288 1711,1297 1711,1262 1668,1255 961,1253"/>
               <Baseline points="966,1277 1009,1280 1053,1280 1098,1280 1143,1280 1188,1280 1232,1283 1277,1280 1322,1283 1367,1283 1412,1280 1456,1283 1501,1283 1546,1283 1591,1283 1635,1283 1680,1286 1713,1286"/>
               <TextEquiv>
                  <Unicode>chen, und der junge Murray wurde aus dem</Unicode>
               </TextEquiv>
            </TextLine>
            <TextLine id="r_3_tl_11" custom="readingOrder {index:10;}">
               <Coords points="968,1323 1703,1336 1702,1297 1676,1292 968,1293"/>
               <Baseline points="973,1319 1017,1316 1062,1316 1107,1319 1152,1319 1197,1319 1241,1319 1286,1319 1331,1319 1376,1319 1420,1322 1465,1322 1510,1322 1555,1319 1600,1322 1644,1319 1689,1322 1704,1319"/>
               <TextEquiv>
                  <Unicode>Staat verbannt. In den zwei Jahrzehnten zwi¬</Unicode>
               </TextEquiv>
            </TextLine>
            <TextLine id="r_3_tl_12" custom="readingOrder {index:11;}">
               <Coords points="960,1367 1702,1376 1689,1334 960,1329"/>
               <Baseline points="965,1355 1009,1355 1053,1352 1098,1352 1143,1355 1188,1355 1232,1355 1277,1355 1322,1355 1367,1358 1412,1355 1456,1355 1501,1358 1546,1358 1591,1358 1635,1358 1680,1358 1704,1358"/>
               <TextEquiv>
                  <Unicode>schen 1914 und 1930 nahm der ruhige, beinahe</Unicode>
               </TextEquiv>
            </TextLine>
            <TextLine id="r_3_tl_13" custom="readingOrder {index:12;}">
               <Coords points="960,1405 1625,1415 1711,1404 1711,1380 959,1366"/>
               <Baseline points="965,1394 1009,1391 1053,1391 1098,1391 1143,1391 1188,1394 1232,1394 1277,1394 1322,1394 1367,1394 1412,1394 1456,1394 1501,1397 1546,1394 1591,1397 1635,1394 1680,1394 1713,1394"/>
               <TextEquiv>
                  <Unicode>sanft wirkende, schottisch-irische Grubenarbeiter</Unicode>
               </TextEquiv>
            </TextLine>
            <TextLine id="r_3_tl_14" custom="readingOrder {index:13;}">
               <Coords points="965,1437 1690,1451 1689,1412 964,1406"/>
               <Baseline points="970,1426 1014,1426 1059,1426 1104,1429 1149,1429 1194,1429 1238,1429 1283,1429 1328,1432 1373,1429 1417,1432 1462,1432 1507,1432 1552,1432 1597,1432 1641,1432 1686,1432 1692,1435"/>
               <TextEquiv>
                  <Unicode>immer höhere Posten in der Arbeiterbewegung</Unicode>
               </TextEquiv>
            </TextLine>
            <TextLine id="r_3_tl_15" custom="readingOrder {index:14;}">
               <Coords points="965,1476 1705,1490 1687,1445 965,1444"/>
               <Baseline points="970,1468 1014,1465 1059,1465 1104,1465 1149,1465 1194,1468 1238,1468 1283,1468 1328,1468 1373,1468 1417,1468 1462,1468 1507,1468 1552,1468 1597,1468 1641,1468 1686,1471 1707,1471"/>
               <TextEquiv>
                  <Unicode>ein, die in dieser Zeitspanne einen rauhen Kampf</Unicode>
               </TextEquiv>
            </TextLine>
            <TextLine id="r_3_tl_16" custom="readingOrder {index:15;}">
               <Coords points="962,1509 1717,1512 1716,1486 1677,1479 961,1475"/>
               <Baseline points="967,1504 1012,1501 1056,1501 1101,1501 1146,1504 1191,1504 1235,1504 1280,1507 1325,1507 1370,1504 1415,1507 1459,1504 1504,1504 1549,1504 1594,1504 1638,1504 1683,1507 1719,1507"/>
               <TextEquiv>
                  <Unicode>um die primitivsten, in europäischen Ländern</Unicode>
               </TextEquiv>
            </TextLine>
            <TextLine id="r_3_tl_17" custom="readingOrder {index:16;}">
               <Coords points="959,1553 1719,1551 1706,1513 959,1519"/>
               <Baseline points="964,1540 1006,1540 1050,1540 1095,1540 1140,1540 1185,1543 1229,1543 1274,1540 1319,1543 1364,1540 1409,1540 1453,1543 1498,1543 1543,1540 1588,1540 1632,1543 1677,1543 1713,1543 1721,1542"/>
               <TextEquiv>
                  <Unicode>längst anerkannten sozialen Rechte zu führen</Unicode>
               </TextEquiv>
            </TextLine>
            <TextLine id="r_3_tl_18" custom="readingOrder {index:17;}">
               <Coords points="959,1592 1708,1589 1681,1548 959,1554"/>
               <Baseline points="964,1579 994,1579 1038,1576 1083,1576 1128,1576 1173,1579 1217,1579 1262,1579 1307,1579 1352,1579 1397,1579 1441,1579 1486,1579 1531,1579 1576,1579 1620,1579 1665,1579 1710,1576"/>
               <TextEquiv>
                  <Unicode>hatte. 1936 übernahm er die Aufgabe, die Arbeiter</Unicode>
               </TextEquiv>
            </TextLine>
            <TextLine id="r_3_tl_19" custom="readingOrder {index:18;}">
               <Coords points="958,1622 1697,1626 1697,1596 1589,1586 958,1591"/>
               <Baseline points="963,1612 1006,1615 1050,1615 1095,1615 1140,1615 1185,1618 1229,1618 1274,1618 1319,1615 1364,1618 1409,1615 1453,1615 1498,1615 1543,1615 1588,1615 1632,1618 1677,1620 1698,1618"/>
               <TextEquiv>
                  <Unicode>der äußerst reaktionär geleiteten Stahlwerke ge¬</Unicode>
               </TextEquiv>
            </TextLine>
            <TextLine id="r_3_tl_20" custom="readingOrder {index:19;}">
               <Coords points="958,1659 1719,1670 1707,1624 1395,1645 958,1628"/>
               <Baseline points="963,1653 1003,1653 1047,1653 1092,1653 1137,1653 1182,1653 1226,1653 1271,1653 1316,1653 1361,1653 1406,1653 1450,1653 1495,1653 1540,1650 1585,1653 1629,1653 1674,1653 1713,1656 1721,1656"/>
               <TextEquiv>
                  <Unicode>werkschaftlich zu organisieren, während im gleichen</Unicode>
               </TextEquiv>
            </TextLine>
            <TextLine id="r_3_tl_21" custom="readingOrder {index:20;}">
               <Coords points="959,1696 1719,1703 1719,1679 1652,1668 959,1657"/>
               <Baseline points="964,1692 994,1689 1038,1686 1083,1689 1128,1689 1173,1689 1217,1689 1262,1689 1307,1689 1352,1689 1397,1689 1441,1689 1486,1689 1531,1689 1576,1689 1620,1689 1665,1692 1710,1689 1721,1689"/>
               <TextEquiv>
                  <Unicode>Jahr L. Lewis durch seinen gigantischen Automo¬</Unicode>
               </TextEquiv>
            </TextLine>
            <TextLine id="r_3_tl_22" custom="readingOrder {index:21;}">
               <Coords points="962,1740 1719,1735 1699,1701 962,1699"/>
               <Baseline points="967,1725 1012,1725 1056,1728 1101,1728 1146,1728 1191,1725 1235,1728 1280,1725 1325,1725 1370,1725 1415,1728 1459,1725 1504,1728 1549,1728 1594,1728 1638,1728 1683,1728 1713,1728 1721,1727"/>
               <TextEquiv>
                  <Unicode>bil-Streik das Land beinahe einer Revolution ent¬</Unicode>
               </TextEquiv>
            </TextLine>
            <TextLine id="r_3_tl_23" custom="readingOrder {index:22;}">
               <Coords points="957,1786 1719,1782 1719,1751 1667,1737 957,1738"/>
               <Baseline points="962,1769 988,1767 1032,1764 1077,1764 1122,1764 1167,1764 1212,1764 1256,1764 1301,1761 1346,1764 1391,1764 1435,1764 1480,1764 1525,1764 1570,1764 1615,1764 1659,1767 1704,1764 1721,1761"/>
               <TextEquiv>
                  <Unicode>gegentrieb. Murrays Stahlarbeiterorganisation</Unicode>
               </TextEquiv>
            </TextLine>
            <TextLine id="r_3_tl_24" custom="readingOrder {index:23;}">
               <Coords points="959,1826 1719,1808 1700,1776 959,1785"/>
               <Baseline points="964,1803 1009,1803 1053,1803 1098,1803 1143,1803 1188,1800 1232,1803 1277,1803 1322,1800 1367,1803 1412,1803 1456,1800 1501,1803 1546,1803 1591,1803 1635,1803 1680,1803 1713,1803 1721,1803"/>
               <TextEquiv>
                  <Unicode>gilt als erstrangig. Stahlindustrielle, Unternehmer</Unicode>
               </TextEquiv>
            </TextLine>
            <TextLine id="r_3_tl_25" custom="readingOrder {index:24;}">
               <Coords points="959,1850 1699,1852 1679,1812 959,1823"/>
               <Baseline points="964,1841 1009,1838 1053,1838 1098,1838 1143,1838 1188,1838 1232,1838 1277,1838 1322,1838 1367,1838 1412,1838 1456,1838 1501,1838 1546,1838 1591,1838 1635,1838 1680,1841 1701,1841"/>
               <TextEquiv>
                  <Unicode>und Direktoren verhandeln gern mit ihm. Präsi¬</Unicode>
               </TextEquiv>
            </TextLine>
            <TextLine id="r_3_tl_26" custom="readingOrder {index:25;}">
               <Coords points="956,1894 1705,1892 1705,1857 956,1856"/>
               <Baseline points="961,1874 1003,1877 1047,1874 1092,1877 1137,1874 1182,1877 1226,1877 1271,1877 1316,1877 1361,1877 1406,1877 1450,1877 1495,1877 1540,1877 1585,1877 1629,1877 1674,1877 1707,1880"/>
               <TextEquiv>
                  <Unicode>dent Roosevelt nennt ihn bei seinem Vornamen</Unicode>
               </TextEquiv>
            </TextLine>
            <TextLine id="r_3_tl_27" custom="readingOrder {index:26;}">
               <Coords points="956,1932 1705,1924 1666,1886 956,1894"/>
               <Baseline points="961,1919 991,1916 1035,1913 1080,1916 1125,1913 1170,1913 1214,1913 1259,1913 1304,1913 1349,1913 1394,1916 1438,1916 1483,1913 1528,1916 1573,1916 1618,1916 1662,1916 1707,1916"/>
               <TextEquiv>
                  <Unicode>"Phil". Als bei den im Januar ausgebrochenen</Unicode>
               </TextEquiv>
            </TextLine>
            <TextLine id="r_3_tl_28" custom="readingOrder {index:27;}">
               <Coords points="956,1962 1696,1963 1696,1926 956,1934"/>
               <Baseline points="961,1952 1003,1952 1047,1952 1092,1949 1137,1949 1182,1952 1226,1952 1271,1952 1316,1949 1361,1952 1406,1952 1450,1952 1495,1949 1540,1952 1585,1949 1629,1952 1674,1952 1698,1952"/>
               <TextEquiv>
                  <Unicode>Streiks die Nervosität stieg und die riesigen</Unicode>
               </TextEquiv>
            </TextLine>
            <TextLine id="r_3_tl_29" custom="readingOrder {index:28;}">
               <Coords points="955,2002 1705,2010 1705,1970 1576,1956 955,1962"/>
               <Baseline points="960,1993 991,1991 1035,1988 1080,1988 1125,1991 1170,1988 1214,1988 1259,1988 1304,1988 1349,1991 1394,1991 1438,1988 1483,1988 1528,1988 1573,1988 1618,1988 1662,1988 1707,1991"/>
               <TextEquiv>
                  <Unicode>"Irvin"-Stahlwerke in Carnegie-Illinois für 24</Unicode>
               </TextEquiv>
            </TextLine>
            <TextLine id="r_3_tl_30" custom="readingOrder {index:29;}">
               <Coords points="955,2034 1694,2045 1675,2001 955,2008"/>
               <Baseline points="960,2026 1003,2026 1047,2024 1092,2024 1137,2026 1182,2026 1226,2024 1271,2026 1316,2026 1361,2026 1406,2026 1450,2026 1495,2026 1540,2026 1585,2024 1629,2026 1674,2029 1695,2026"/>
               <TextEquiv>
                  <Unicode>Stunden schließen mußten, weil ein Teil der Ar¬</Unicode>
               </TextEquiv>
            </TextLine>
            <TextLine id="r_3_tl_31" custom="readingOrder {index:30;}">
               <Coords points="959,2067 1719,2085 1719,2041 1663,2034 959,2041"/>
               <Baseline points="964,2062 1009,2062 1053,2062 1098,2062 1143,2062 1188,2062 1232,2062 1277,2062 1322,2062 1367,2062 1412,2062 1456,2065 1501,2062 1546,2062 1591,2062 1635,2062 1680,2065 1710,2062 1721,2059"/>
               <TextEquiv>
                  <Unicode>beiter ohne Wissen der Gewerkschaft höhere Löhne</Unicode>
               </TextEquiv>
            </TextLine>
            <TextLine id="r_3_tl_32" custom="readingOrder {index:31;}">
               <Coords points="956,2119 1696,2113 1696,2083 1610,2071 956,2068"/>
               <Baseline points="961,2101 982,2101 1026,2101 1071,2101 1116,2101 1161,2101 1206,2101 1250,2098 1295,2101 1340,2101 1385,2101 1429,2101 1474,2101 1519,2101 1564,2098 1609,2101 1653,2101 1698,2098"/>
               <TextEquiv>
                  <Unicode>forderte und in Ausstand trat, ordnete Phil Mur¬</Unicode>
               </TextEquiv>
            </TextLine>
            <TextLine id="r_3_tl_33" custom="readingOrder {index:32;}">
               <Coords points="954,2146 1719,2152 1719,2117 954,2124"/>
               <Baseline points="959,2137 1003,2137 1047,2137 1092,2137 1137,2140 1182,2137 1226,2137 1271,2137 1316,2137 1361,2137 1406,2137 1450,2137 1495,2137 1540,2137 1585,2137 1629,2140 1674,2140 1707,2140 1721,2134"/>
               <TextEquiv>
                  <Unicode>ray in einer sofort einberufenen Konferenz an,</Unicode>
               </TextEquiv>
            </TextLine>
            <TextLine id="r_3_tl_34" custom="readingOrder {index:33;}">
               <Coords points="954,2190 1720,2179 1719,2151 953,2146"/>
               <Baseline points="959,2175 1000,2173 1044,2176 1089,2173 1134,2176 1179,2173 1223,2173 1268,2173 1313,2176 1358,2176 1403,2176 1447,2176 1492,2176 1537,2176 1582,2176 1626,2176 1671,2176 1707,2176 1721,2171"/>
               <TextEquiv>
                  <Unicode>daß die Arbeit wieder aufgenommen werde; und</Unicode>
               </TextEquiv>
            </TextLine>
            <TextLine id="r_3_tl_35" custom="readingOrder {index:34;}">
               <Coords points="954,2220 1117,2241 1257,2217 1545,2226 1544,2187 1521,2182 954,2190"/>
               <Baseline points="959,2212 997,2212 1041,2209 1086,2212 1131,2212 1176,2212 1220,2212 1265,2212 1310,2212 1355,2215 1400,2212 1444,2215 1489,2212 1534,2215 1546,2215"/>
               <TextEquiv>
                  <Unicode>man leistete seiner Anordnung Folge.\:p\</Unicode>
               </TextEquiv>
            </TextLine>
            <TextLine id="r_3_tl_36" custom="readingOrder {index:35;}">
               <Coords points="1004,2274 1705,2281 1705,2233 1584,2257 1170,2227 1004,2244"/>
               <Baseline points="1009,2265 1053,2262 1098,2262 1143,2262 1188,2262 1232,2262 1277,2259 1322,2262 1367,2262 1412,2262 1456,2262 1501,2262 1546,2265 1591,2265 1635,2262 1680,2265 1707,2265"/>
               <TextEquiv>
                  <Unicode>\p\Der Standpunkt von Murray ist: "Totaler</Unicode>
               </TextEquiv>
            </TextLine>
            <TextLine id="r_3_tl_37" custom="readingOrder {index:36;}">
               <Coords points="953,2314 1697,2315 1697,2286 1631,2276 1034,2284 953,2264"/>
               <Baseline points="958,2299 997,2301 1041,2298 1086,2301 1131,2301 1176,2298 1220,2301 1265,2301 1310,2301 1355,2301 1400,2301 1444,2301 1489,2301 1534,2301 1579,2301 1623,2301 1668,2301 1698,2298"/>
               <TextEquiv>
                  <Unicode>Krieg bedeutet totale Verteidigung. Diese ist nur</Unicode>
               </TextEquiv>
            </TextLine>
            <TextLine id="r_3_tl_38" custom="readingOrder {index:37;}">
               <Coords points="953,2354 1687,2351 1666,2311 953,2314"/>
               <Baseline points="958,2337 997,2337 1041,2337 1086,2337 1131,2337 1176,2337 1220,2337 1265,2337 1310,2337 1355,2337 1400,2337 1444,2340 1489,2337 1534,2337 1579,2337 1623,2337 1668,2340 1689,2337"/>
               <TextEquiv>
                  <Unicode>bei voller Mitarbeit der Arbeiterschaft möglich.</Unicode>
               </TextEquiv>
            </TextLine>
            <TextLine id="r_3_tl_39" custom="readingOrder {index:38;}">
               <Coords points="956,2382 1700,2385 1686,2350 956,2351"/>
               <Baseline points="961,2376 985,2373 1029,2373 1074,2373 1119,2376 1164,2376 1209,2376 1253,2373 1298,2376 1343,2376 1388,2376 1432,2376 1477,2373 1522,2376 1567,2376 1612,2376 1656,2376 1701,2373"/>
               <TextEquiv>
                  <Unicode>Die Arbeiterschaft fordert, daß die Industrie mit</Unicode>
               </TextEquiv>
            </TextLine>
            <TextLine id="r_3_tl_40" custom="readingOrder {index:39;}">
               <Coords points="952,2420 1687,2424 1687,2386 1655,2381 952,2385"/>
               <Baseline points="957,2412 997,2412 1041,2412 1086,2412 1131,2412 1176,2412 1220,2412 1265,2412 1310,2412 1355,2412 1400,2412 1444,2412 1489,2412 1534,2412 1579,2412 1623,2412 1668,2412 1689,2412"/>
               <TextEquiv>
                  <Unicode>ihrer Aufgabe fertig wird, indem sie mit der Ar¬</Unicode>
               </TextEquiv>
            </TextLine>
            <TextLine id="r_3_tl_41" custom="readingOrder {index:40;}">
               <Coords points="953,2468 1222,2454 1275,2475 1319,2448 1687,2466 1686,2431 1644,2422 952,2421"/>
               <Baseline points="957,2447 997,2447 1041,2447 1086,2447 1131,2447 1176,2447 1220,2447 1265,2447 1310,2447 1355,2450 1400,2450 1444,2447 1489,2450 1534,2447 1579,2450 1623,2450 1668,2453 1689,2453"/>
               <TextEquiv>
                  <Unicode>beiterschaft einig wird." Um Streiks zukünftig zu</Unicode>
               </TextEquiv>
            </TextLine>
            <TextLine id="r_3_tl_42" custom="readingOrder {index:41;}">
               <Coords points="952,2493 1696,2506 1672,2462 952,2468"/>
               <Baseline points="957,2486 1000,2486 1044,2486 1089,2486 1134,2486 1179,2486 1223,2486 1268,2486 1313,2486 1358,2486 1403,2486 1447,2486 1492,2486 1537,2486 1582,2486 1626,2486 1671,2489 1698,2489"/>
               <TextEquiv>
                  <Unicode>vermeiden, schlägt er die Berufung von ständigen</Unicode>
               </TextEquiv>
            </TextLine>
            <TextLine id="r_3_tl_43" custom="readingOrder {index:42;}">
               <Coords points="951,2540 1700,2537 1700,2504 1533,2492 1206,2516 951,2495"/>
               <Baseline points="956,2527 985,2522 1029,2522 1074,2522 1119,2522 1164,2522 1209,2522 1253,2522 1298,2522 1343,2522 1388,2522 1432,2522 1477,2522 1522,2522 1567,2522 1612,2525 1656,2525 1701,2522"/>
               <TextEquiv>
                  <Unicode>"Industrieräten" vor, die vom Präsidenten der</Unicode>
               </TextEquiv>
            </TextLine>
            <TextLine id="r_3_tl_44" custom="readingOrder {index:43;}">
               <Coords points="951,2573 1690,2579 1683,2533 951,2539"/>
               <Baseline points="956,2561 997,2561 1041,2561 1086,2561 1131,2561 1176,2561 1220,2561 1265,2561 1310,2561 1355,2561 1400,2561 1444,2561 1489,2561 1534,2558 1579,2561 1623,2561 1668,2564 1692,2561"/>
               <TextEquiv>
                  <Unicode>Vereinigten Staaten ernannt und aus einer glei¬</Unicode>
               </TextEquiv>
            </TextLine>
            <TextLine id="r_3_tl_45" custom="readingOrder {index:44;}">
               <Coords points="951,2612 1696,2608 1696,2576 1566,2569 951,2573"/>
               <Baseline points="956,2597 997,2597 1041,2597 1086,2597 1131,2597 1176,2597 1220,2597 1265,2597 1310,2597 1355,2597 1400,2597 1444,2597 1489,2597 1534,2597 1579,2597 1623,2597 1668,2600 1698,2597"/>
               <TextEquiv>
                  <Unicode>chen Anzahl Vertreter von Unternehmerschaft und</Unicode>
               </TextEquiv>
            </TextLine>
            <TextLine id="r_3_tl_46" custom="readingOrder {index:45;}">
               <Coords points="951,2647 1720,2639 1680,2606 951,2611"/>
               <Baseline points="956,2635 991,2632 1035,2635 1080,2632 1125,2632 1170,2632 1214,2635 1259,2635 1304,2635 1349,2632 1394,2632 1438,2632 1483,2635 1528,2635 1573,2632 1618,2635 1662,2635 1707,2632 1721,2629"/>
               <TextEquiv>
                  <Unicode>Arbeiterschaft zusammengesetzt wären, während</Unicode>
               </TextEquiv>
            </TextLine>
            <TextLine id="r_3_tl_47" custom="readingOrder {index:46;}">
               <Coords points="950,2682 1699,2681 1679,2642 950,2647"/>
               <Baseline points="955,2671 1000,2671 1044,2671 1089,2671 1134,2671 1179,2668 1223,2671 1268,2671 1313,2671 1358,2671 1403,2671 1447,2671 1492,2668 1537,2671 1582,2668 1626,2671 1671,2671 1701,2671"/>
               <TextEquiv>
                  <Unicode>ein Vertreter der Regierung den Vorsitz führen</Unicode>
               </TextEquiv>
            </TextLine>
            <TextLine id="r_3_tl_48" custom="readingOrder {index:47;}">
               <Coords points="950,2713 1699,2718 1699,2681 950,2682"/>
               <Baseline points="955,2707 1000,2707 1044,2710 1089,2707 1134,2710 1179,2707 1223,2707 1268,2707 1313,2707 1358,2710 1403,2707 1447,2707 1492,2707 1537,2707 1582,2707 1626,2707 1671,2710 1701,2707"/>
               <TextEquiv>
                  <Unicode>würde. Murray hat noch andere Pläne und Vor¬</Unicode>
               </TextEquiv>
            </TextLine>
            <TextLine id="r_3_tl_49" custom="readingOrder {index:48;}">
               <Coords points="950,2764 1699,2757 1673,2718 950,2723"/>
               <Baseline points="955,2743 997,2746 1041,2746 1086,2746 1131,2746 1176,2746 1220,2746 1265,2746 1310,2746 1355,2746 1400,2746 1444,2746 1489,2746 1534,2746 1579,2746 1623,2746 1668,2746 1701,2743"/>
               <TextEquiv>
                  <Unicode>schläge. Er unterstützt zum Beispiel den "Reuther-</Unicode>
               </TextEquiv>
            </TextLine>
            <TextLine id="r_3_tl_50" custom="readingOrder {index:49;}">
               <Coords points="950,2798 1699,2796 1683,2755 950,2763"/>
               <Baseline points="955,2782 1000,2782 1044,2782 1089,2782 1134,2782 1179,2782 1223,2782 1268,2782 1313,2782 1358,2782 1403,2785 1447,2782 1492,2782 1537,2782 1582,2782 1626,2782 1671,2785 1701,2782"/>
               <TextEquiv>
                  <Unicode>Plan" zur Beschleunigung der Flugzeugfabrika¬</Unicode>
               </TextEquiv>
            </TextLine>
            <TextLine id="r_3_tl_51" custom="readingOrder {index:50;}">
               <Coords points="950,2834 1699,2835 1690,2792 950,2799"/>
               <Baseline points="955,2821 1000,2821 1044,2821 1089,2818 1134,2821 1179,2818 1223,2818 1268,2821 1313,2818 1358,2818 1403,2821 1447,2818 1492,2818 1537,2818 1582,2818 1626,2818 1671,2821 1701,2821"/>
               <TextEquiv>
                  <Unicode>tion, und er hat einen eigenen Plan, um die</Unicode>
               </TextEquiv>
            </TextLine>
            <TextLine id="r_3_tl_52" custom="readingOrder {index:51;}">
               <Coords points="949,2876 1719,2867 1711,2831 1573,2824 949,2834"/>
               <Baseline points="954,2859 988,2856 1032,2856 1077,2856 1122,2856 1167,2856 1212,2856 1256,2856 1301,2853 1346,2856 1391,2856 1435,2856 1480,2856 1525,2856 1570,2856 1615,2856 1659,2859 1704,2856 1721,2852"/>
               <TextEquiv>
                  <Unicode>Stahlproduktion um 30 Prozent zu steigern. Er ist</Unicode>
               </TextEquiv>
            </TextLine>
            <TextLine id="r_3_tl_53" custom="readingOrder {index:52;}">
               <Coords points="949,2898 1696,2901 1696,2873 1620,2867 949,2876"/>
               <Baseline points="954,2895 982,2895 1026,2895 1071,2895 1116,2895 1161,2895 1206,2892 1250,2892 1295,2892 1340,2892 1385,2892 1429,2892 1474,2892 1519,2892 1564,2892 1609,2892 1653,2895 1698,2889"/>
               <TextEquiv>
                  <Unicode>ein Mann, der seine Bildung in Abendschulen er¬</Unicode>
               </TextEquiv>
            </TextLine>
            <TextLine id="r_3_tl_54" custom="readingOrder {index:53;}">
               <Coords points="950,2938 1696,2944 1696,2901 950,2920"/>
               <Baseline points="955,2931 982,2931 1026,2931 1071,2931 1116,2931 1161,2931 1206,2931 1250,2931 1295,2928 1340,2931 1385,2931 1429,2931 1474,2928 1519,2928 1564,2931 1609,2931 1653,2931 1698,2928"/>
               <TextEquiv>
                  <Unicode>worben hat, aber ein Mann, auf den die Unter¬</Unicode>
               </TextEquiv>
            </TextLine>
            <TextLine id="r_3_tl_55" custom="readingOrder {index:54;}">
               <Coords points="950,2980 1689,2983 1700,2941 950,2949"/>
               <Baseline points="955,2973 985,2970 1029,2970 1074,2970 1119,2970 1164,2967 1209,2967 1253,2967 1298,2967 1343,2967 1388,2967 1432,2967 1477,2967 1522,2967 1567,2967 1612,2967 1656,2967 1701,2970"/>
               <TextEquiv>
                  <Unicode>nehmer und die Arbeiterschaft hören, und mit dem</Unicode>
               </TextEquiv>
            </TextLine>
            <TextLine id="r_3_tl_56" custom="readingOrder {index:55;}">
               <Coords points="948,3015 1697,3017 1697,2982 1655,2977 948,2981"/>
               <Baseline points="953,3009 982,3009 1026,3006 1071,3006 1116,3006 1161,3006 1206,3006 1250,3006 1295,3006 1340,3006 1385,3006 1429,3006 1474,3003 1519,3006 1564,3003 1609,3006 1653,3006 1698,3003"/>
               <TextEquiv>
                  <Unicode>Präsident Roosevelt gern lange freundschaftliche</Unicode>
               </TextEquiv>
            </TextLine>
            <TextLine id="r_3_tl_57" custom="readingOrder {index:56;}">
               <Coords points="948,3051 1702,3054 1703,3015 949,3016"/>
               <Baseline points="953,3044 988,3044 1032,3044 1077,3044 1122,3044 1167,3044 1212,3041 1256,3041 1301,3041 1346,3041 1391,3041 1435,3041 1480,3041 1525,3041 1570,3038 1615,3041 1659,3044 1704,3041"/>
               <TextEquiv>
                  <Unicode>Unterhaltungen pflegt. Die Aussichten für eine</Unicode>
               </TextEquiv>
            </TextLine>
            <TextLine id="r_3_tl_58" custom="readingOrder {index:57;}">
               <Coords points="947,3094 1684,3091 1684,3056 1656,3054 947,3054"/>
               <Baseline points="952,3083 970,3083 1014,3080 1059,3080 1104,3080 1149,3080 1194,3080 1238,3080 1283,3080 1328,3080 1373,3080 1417,3077 1462,3077 1507,3077 1552,3080 1597,3077 1641,3080 1686,3080"/>
               <TextEquiv>
                  <Unicode>Zusammenarbeit von Kapital und Gewerkschaften</Unicode>
               </TextEquiv>
            </TextLine>
            <TextLine id="r_3_tl_59" custom="readingOrder {index:58;}">
               <Coords points="950,3139 1702,3134 1702,3090 950,3096"/>
               <Baseline points="955,3119 1000,3119 1044,3119 1089,3119 1134,3119 1179,3119 1223,3116 1268,3116 1313,3116 1358,3116 1403,3116 1447,3116 1492,3116 1537,3116 1582,3116 1626,3116 1671,3116 1704,3119"/>
               <TextEquiv>
                  <Unicode>beim Aufbau der amerikanischen Landesverteidi¬</Unicode>
               </TextEquiv>
            </TextLine>
            <TextLine id="r_3_tl_60" custom="readingOrder {index:59;}">
               <Coords points="949,3172 1719,3164 1648,3126 950,3138"/>
               <Baseline points="955,3164 988,3158 1032,3158 1077,3158 1122,3155 1167,3155 1212,3155 1256,3155 1301,3155 1346,3155 1391,3155 1435,3155 1480,3155 1525,3152 1570,3152 1615,3152 1659,3155 1704,3155 1721,3152"/>
               <TextEquiv>
                  <Unicode>gung scheinen plötzlich, seit Murray die Leitung</Unicode>
               </TextEquiv>
            </TextLine>
            <TextLine id="r_3_tl_61" custom="readingOrder {index:60;}">
               <Coords points="947,3213 1685,3208 1693,3168 948,3172"/>
               <Baseline points="952,3194 979,3194 1023,3194 1068,3194 1113,3194 1158,3191 1203,3191 1247,3194 1292,3191 1337,3194 1382,3191 1426,3191 1471,3191 1516,3191 1561,3191 1606,3191 1650,3191 1695,3191"/>
               <TextEquiv>
                  <Unicode>inne hat, so sehr gewachsen zu sein, daß der Auf¬</Unicode>
               </TextEquiv>
            </TextLine>
            <TextLine id="r_3_tl_62" custom="readingOrder {index:61;}">
               <Coords points="946,3242 1696,3241 1696,3204 946,3215"/>
               <Baseline points="951,3233 982,3233 1026,3230 1071,3230 1116,3230 1161,3230 1206,3230 1250,3230 1295,3230 1340,3230 1385,3230 1429,3230 1474,3230 1519,3230 1564,3230 1609,3227 1653,3230 1698,3227"/>
               <TextEquiv>
                  <Unicode>rüstung von Gewerkschaftsseite kaum noch ernst¬</Unicode>
               </TextEquiv>
            </TextLine>
            <TextLine id="r_3_tl_63" custom="readingOrder {index:62;}">
               <Coords points="946,3279 987,3289 1092,3280 1123,3291 1147,3280 1172,3294 1255,3278 1293,3286 1293,3254 1248,3239 1163,3252 1088,3251 1073,3240 1059,3250 946,3245"/>
               <Baseline points="951,3268 991,3268 1035,3268 1080,3268 1125,3268 1170,3268 1214,3268 1259,3268 1295,3268"/>
               <TextEquiv>
                  <Unicode>liche Gefahren drohen.\:p\</Unicode>
               </TextEquiv>
            </TextLine>
            <TextEquiv>
               <Unicode/>
            </TextEquiv>
         </TextRegion>
      </Page>
   </PcGts>
</validation-wrapper>
