3830 5669
737 1063 1974 1185 Eine Atempause in Estoril
603 1217 963 1276 Estoril, im Mai 1941.
196 1256 963 1317 \p\Der Frühling hat sich dieses Jahr in Portugal
168 1299 961 1347 verspätet. Man konnte seit dem grossen Zyklon
171 1334 961 1377 im Februar [vgl. Wiedersehen mit Portugal, smallform_0551] nicht eigentlich von schlechtem Wet¬
173 1371 961 1418 ter sprechen, aber die Sonne brach täglich nur
168 1410 963 1453 für ein paar Stunden, und nach hartem Kampf mit
171 1450 961 1502 den Wolkenschichten, hervor, die Winde waren
168 1487 961 1524 rauh, das Meer fast ständig in stürmischer Bewe¬
171 1526 961 1567 gung. Diese Veränderung des Klimas machte sich
171 1558 571 1609 besonders in Estoril be¬
171 1603 566 1644 merkbar, welches an einer
168 1637 569 1686 weit und sanft geschwun¬
176 1666 560 1714 genen Bucht an der Tajo-
168 1706 568 1751 Mündung gelegen ist, und
168 1745 563 1791 immer «die Sonnenküste
171 1789 560 1839 des ewigen Frühlings»
171 1823 566 1863 genannt wurde. Vor dem
168 1857 563 1907 Kriege war dieser bevor¬
171 1885 560 1944 zugte Vorort von Lissa¬
171 1931 560 1984 bon nur wenigen bekannt,
168 1967 569 2019 wählerischen Freunden
167 2007 563 2061 milder Winter, Golf- und
167 2044 560 2092 Glückspielern, Schwim¬
171 2081 571 2126 mern, Fremden, die sich
168 2118 568 2166 auf Sportplätzen, am
167 2160 569 2206 Strand, im Kasino mit
167 2190 614 2246 der eleganten Jugend
173 2232 569 2280 Portugals zusammen¬
165 2258 569 2320 fanden, und einzelgänge¬
168 2297 963 2351 rischen Liebhabern des Meeres und der kargen,
168 2354 961 2397 gelben, mit Fichten bestandenen Hügel, die aber
168 2392 961 2433 vom Licht des blauen Horizonts getränkt, und
171 2425 961 2468 von der Sonne genährt waren wie von purem Gold.
191 2457 963 2505 In diesem Jahr sind die Tajo-Ufer im Gegenteil
165 2497 961 2542 grün wie Smaragd, und übersät von Blumen in
162 2539 963 2573 leuchtenden Farben. Die Erde erscheint rot, die
168 2567 963 2621 Fichten sind in solcher Pracht fast wie ein frem¬
162 2611 933 2652 des Element. Dank der ungewöhnlich zahlreichen
165 2647 961 2699 Regenfälle hat das ohnehin anmutige und reiche
165 2684 961 2726 Land einen Aspekt tropischer Sattheit, und ist
156 2729 961 2767 ständig wie von silbrig wehenden Schleiern ein¬
156 2761 936 2806 gehüllt. Dahinter werden zur Linken, auf dem
162 2798 927 2835 Fluss, die majestätischen Segel grosser Fischer¬
165 2830 961 2883 boote sichtbar, zur Rechten blaugraue Hügel, hin¬
165 2864 961 2925 ter denen man Täler, weisse Dörfer, Kirchen, Fel¬
162 2905 963 2945 der, auch Gärten und Rebberge vermutet. Es ist
156 2949 930 2996 gerade genug, während der wenigen guten Stun¬
165 2979 961 3034 den des Tages, damit man Wünsche äussert und
168 3013 876 3059 Träume hegt, die hier beinahe greifbar sind.\:p\
202 3050 935 3102 \p\Träume, man lasse sich rühren vom ausbre¬
162 3090 963 3124 chenden Frühling, man spüre die Gewalt der aus
165 3122 961 3170 Erdreich, Stämmen und Knospen hervorschiessen¬
171 3162 961 3208 den Frucht, man gehe leichtfüssig über wie dichte
956 1200 1754 1274 Teppiche schwellende Wiesen, streichle die damp¬
956 1271 1754 1319 fenden Nüstern der Fohlen und Kälber, folge der
956 1303 1754 1350 gleissenden Pflugschar, bestelle die Ernte in
956 1340 1754 1387 Frieden und wünsche, man sei hingegeben ohne
955 1379 1754 1427 Fehl der Fülle dieser Jahreszeit, ohne Furcht vor
956 1414 1754 1458 der sich ankündenden Zukunft, man warte mit
956 1442 1754 1505 Ungeduld auf den nächsten Morgen, die neue Tä¬
956 1484 1754 1527 tigkeit, die nächste Stunde könne man nicht er¬
956 1526 1754 1583 warten, könne sich von dieser nicht trennen, wolle
955 2297 1754 2372 alles und nichts und werfe sich mit geblendeten
956 2362 1754 2403 Augen der Umarmung entgegen, die man immer
956 2397 1754 2445 gesucht und schon überwunden hat; und man
956 2436 1754 2487 wünscht sie wieder, die sich schon ankündigt,
956 2474 1754 2519 über das Land schreitend wie ein Wind, der die
956 2513 1754 2564 Halme neigt und die Felsen erschüttert und alles
956 2554 1754 2593 beschwichtigt und beschwingt mit dem hinreissen¬
956 2585 1364 2642 den Atemzug der Liebe.\:p\
992 2616 1754 2682 \p\Draussen im Hafen, auf dem ewig grauen Was¬
956 2665 1754 2715 ser eines zu herben Winters, lagen indessen die
956 2707 1754 2758 Schiffe. Viele rosteten, von ihrer Besatzung ver¬
956 2739 1754 2801 lassen, frierende Möwen sassen auf den Masten,
967 2783 1755 2832 die Fahnen verblichen. Auf anderen Schiffen
955 2814 1754 2868 herrschte rege Tätigkeit, Krane ratterten, Arbei¬
956 2858 1754 2909 ter schleppten Säcke mit Getreide vom La Plata,
956 2888 1754 2934 singende Matrosen freuten sich, an Gibraltar vor¬
959 2932 1754 2986 bei ins Mittelmeer zu fahren, auf noch andere
956 2971 1755 3036 malte man das Sternenbanner, und Hunderte von
961 3003 1754 3071 Passagieren nahmen von Europa Abschied. Dann,
967 3063 1754 3111 gab es Kriegsschiffe, mit stahlfarbigen, gepanzer¬
955 3102 1754 3148 ten Wänden, Kanonen auf dem Deck, und Clipper.
956 3136 1754 3173 Diese letzten lagen wie grosse Vögel, Silber auf
956 3170 1754 3213 den Flügeln, mit Propellern wie Feuergarben, in
1749 1214 2519 1276 der düsteren Morgenfrühe und glitten über das
1749 1259 2524 1330 matte Wasser, erhoben sich, entschwanden in der
1748 1303 1894 1350 Wolken.\:p\
1749 1331 2527 1396 \p\Am Ufer wartete eine ganze Stadt, die, des
1749 1388 2540 1435 Schlafes beraubt, zwischen Abend, Mittag und
1749 1421 2542 1461 Morgen nicht mehr unterscheidet. Denn da häm¬
1749 1455 2544 1501 mert, in Lissabon, das ohrenbetäubende Echo des
1749 1489 2542 1542 Krieges aus den Nachbarländern, da staut sich
1749 1533 2542 1572 der Atem und die Not von Abertausenden, Flücht¬
2144 1570 2524 1620 lingen, Fremden ,da häuft
2132 1606 2540 1658 sich ausweglose Ge¬
2141 1640 2540 1687 schäftigkeit, da verebben
2138 1678 2540 1734 vergebliche Anstrengun¬
2141 1708 2540 1769 gen, da wird Tag und
2141 1758 2517 1800 Nacht um Rettung ge¬
2138 1788 2540 1842 schrien und man lebt
2138 1822 2540 1879 weiter in besinnungs¬
2141 1866 2540 1914 losem Alpdruck, in la¬
2138 1903 2540 1951 stender Dämmerung, den
2141 1945 2540 1987 Blick auf das Weltmeer
2141 1976 2465 2028 gerichtet, vergeblich.\:p\
2173 2013 2542 2064 \p\Als vor einigen Tagen
2138 2055 2540 2106 der Frühling verspätet
2141 2089 2540 2138 eintraf, haben es die mei¬
2138 2129 2540 2181 sten wohl nicht mehr be¬
2138 2166 2540 2221 merkt, einigen Wenigen
2138 2203 2540 2257 blieb der Atem stehen,
2138 2241 2540 2294 und es war beinahe töd¬
2144 2280 2540 2334 lich. Man brauchte nur
1749 2317 2542 2368 aus der Stadt hinauszugehen, der breiten Strasse
1749 2360 2542 2417 entlang, bis nach Estoril, man sah Blumen, ganze
1748 2385 2542 2453 Felder über Nacht aufgeblühter Rosen in allen
1749 2439 2542 2480 zarten Farben, das Meer war wie Sammet und
1749 2466 2542 2517 Kreide, der ferne Strand verschwand in zartem
1748 2500 2542 2565 Dunst, die Luft war frisch, man konnte ihren
1749 2550 2542 2596 Atem spüren und wie Schaum trinken, auf den
1755 2590 2540 2635 sanften Wellen sassen Seevögel mit schimmernden
1749 2630 2542 2679 Flügeln, im Rücken tauchten Berge auf, und ihre
1749 2672 2542 2715 Zinnen krönten sich selbst mit Licht aus den Früh¬
1749 2713 2542 2750 wolken. Man musste sich bergen in Wäldern, un¬
1749 2746 2542 2792 ter Bäumen Schatten suchen, den Mund kühlen
1749 2780 2542 2830 auf taufrischen Blumen, und die Hände verfingen
1749 2821 2542 2866 sich in Dornbüschen, ruhten aus auf lehmglattem,
1749 2863 2542 2912 feuchtem Erdreich. Schon hob man wieder den
1749 2900 2544 2951 Blick, — und vernahm endlich die Stille wie ein
1749 2928 2542 2989 fremd gewordenes Pausenzeichen, atmete auf wie
1748 2969 2542 3036 im liebenden Schoss, und liess sich die Augen
1749 3008 2542 3066 kühlen, an welchem friedlichen Gemälde! — Da
1749 3051 2542 3102 musste man sich Wünsche und Träume einge¬
1749 3091 2497 3148 stehen, lebte wieder und liebte, noch einmal,
1749 3134 2544 3179 ach, um einen unverfälschten Atemzug, einen
1749 3182 1984 3214 Augenblick!\:p\
1984 3176 2542 3216 Annemarie Clarac-Schwarzenbach.
699 2232 861 2315 \f\Federzeichnung einer Hafenszene mit Schiffen [von Eugen Früh]\:f\
