3712 5416
220 3929 1013 4019 Brief von der Côte d'Azur [Schlagwörter: Reisen,  Reiseliteratur, Mode]
213 4017 929 4088 Von Annemarie Schwarzenbach
197 4100 1014 4144 \p\Was tut man? Den ganzen Tag am Strand
152 4141 1013 4182 liegen? Das tun hier die meisten Leute und fühlen
155 4179 1013 4228 sich wohl dabei. Es ist bemerkenswert: Sie haben
155 4218 1013 4261 durchaus kein schlechtes Gewissen. Da liegen sie,
152 4260 988 4312 ohne Uhr, ohne Gedanken, fast ohne Kleider, braun
154 4300 1013 4346 und teilweise hübsch anzusehen — da liegen sie
155 4338 1013 4383 und stehlen dem lieben Gott die Zeit ab. Sie sind
155 4375 1013 4421 skrupellos genug, zu behaupten, es sei dem lieben
155 4413 983 4463 Gott eben ganz gleichgültig. Man bekehrt sich, ob
155 4452 1013 4498 wohl schwerfälliger, arbeitssüchtiger, nebelbedrück¬
161 4491 947 4537 ter Nordländer, ziemlich rasch zu dieser Ansicht.\:p\
202 4531 1013 4575 \p\Es liegt wohl an der Kleidung. Natürlich liegt
161 4580 1014 4628 es an der Kleidung, würde Gottfried Keller ein¬
155 4607 1013 4660 wenden. Man wirft also die gewohnten Hüllen
155 4644 1013 4692 in eine Ecke, oder man verbirgt sie im Kleider¬
154 4703 1013 4745 schrank. Man kauft sich weite Matrosenhosen,
154 4724 1013 4764 welche ebenso billig wie preiswert sind. Ich per¬
155 4763 1013 4816 sönlich rate zu dunkelblau, man kann aber auch
161 4805 995 4852 ganz anderer Ansicht sein: sehr beliebt ist zurzeit
154 4844 815 4895 rot, auch hellblau wird häufig gesehen.\:p\
208 4879 1014 4930 \p\Mit einer solchen Hose und einem offenen, far¬
160 4914 1013 4972 bigen Hemd angetan (welches „chemise d'Antibe“
167 4960 1013 5007 heißt) verändert sich der ganze Mensch. Man wird
161 4997 1013 5045 mutig, sogar frech. Man wird unbekümmert und
155 5036 1013 5085 gleichgültig, man vergißt die Regeln der Essenszeit
160 5076 1013 5124 und des normalen Menüs. Wir leben augenblick¬
161 5113 1012 5155 lich von Spargeln und Erdbeeren. Klaus bestellt
167 5152 1013 5197 täglich hartnäckig grüne Bohnen, denn er neigt zur
172 5198 1013 5243 Verschwendung. Zuweilen erfaßt uns gerechter
1015 3892 1879 3957 Hunger. Ein Mädchen brach gestern gegen Mitter¬
1010 3939 1879 3984 nacht in eine fremde Küche ein. Wir standen ängst¬
1010 3973 1879 4033 lich draußen unter einem Bambusdach, während
1010 4020 1879 4064 sie, koboldhaft lachend (wie eine betrunkene Bäue¬
1010 4056 1879 4104 rin, sagte der junge Dichter), auf Stühle und
1010 4097 1879 4150 Schränke stieg, die Mütze schief auf dem rechten
1010 4137 1879 4175 Ohr, Brot, Wein und abscheulich trockene Waffeln
1010 4174 1879 4234 mit unterdrücktem Triumphgeschrei uns entgegen¬
1010 4210 1221 4273 schwingend.\:p\
1062 4243 1880 4307 \p\Heute bekamen wir Muscheln mit feingehackter
1010 4284 1879 4335 Langouste gefüllt und leise angebraten. Das war
1010 4328 1879 4368 schön und wird uns für diesen Tag vor Ausschrei¬
1010 4368 1376 4424 tungen bewahren.\:p\
1062 4403 1880 4459 \p\Aber wir waren an der Bekleidung. Neben den
1010 4447 1879 4494 Matrosenanzügen gibt es Kostüme aller Art;
1010 4483 1879 4519 manche Damen denken sich etwas besonders Hüb¬
1010 4525 1879 4560 sches aus, andere machen es sich leicht und tragen
1009 4560 1879 4605 Pyjamas, als seien sie eigens dazu da. Die Küste
1010 4601 1879 4644 ist lang und vielseitig. Man kann, wenn man sich
1010 4643 1879 4696 dafür interessiert, ein Buch darüber lesen, welches
1010 4679 1879 4728 demnächst bei Pieper in München erscheinen soll
1010 4721 1879 4767 und von Erika und Klaus Mann geschrieben
1874 4764 1882 4817 \del\
1010 4763 1150 4810 wurde.\:p\
1056 4784 1879 4851 \p\Bandol (denn da wohne ich augenblicklich) ist
1015 4838 1879 4878 beinahe mondän, es gibt da ein Casino, ein Grand
1010 4874 1879 4914 Hotel des Bains und ziemlich viel Engländer.
1010 4913 1879 4951 Marseille ist einige 60 Kilometer entfernt, Toulon
1010 4945 1879 4997 ist leicht erreichbar und als Matrosenhafen sehens¬
1010 4995 1879 5048 wert. Ganz nahe ist Sanary, wo viele berühmte
1010 5021 1879 5084 Leute wohnen. Man ist hier nicht so faul, als man
1010 5064 1879 5104 sein könnte. Es werden in Sanary und Bandol
1010 5112 1879 5162 viele Romane geschrieben, auch Reisebriefe. Jeden
1010 5151 1879 5204 Vormittag also werden einige Kapitel geschrieben.
1010 5191 1879 5233 Von Wilhelm Speyer beispielsweise und von
1876 3897 2742 3955 Klaus Mann. Ueber allen thront der Engländer
1876 3932 2742 3977 Huxley, welcher in Sanary wohnt. Man ist hier
1876 3976 2212 4033 sehr stolz auf ihn.\:p\
2734 3961 2744 4011 \del\
1876 4004 2742 4067 \p\Ferner ist zu berichten: Die Mistinguette,
1876 4060 2720 4111 immer noch ebenso jugendlich wie geschäftstüchtig,
1876 4095 2738 4149 baut ein Hotel. Chevalier ruht sich manchmal hier
1876 4120 2726 4183 aus, die Schauspielerin Cecile Sorel und ihr
1876 4175 2720 4220 Mann, der Comte de Ségur, gehören auch dazu.
1876 4216 2742 4275 Den Maler Kißling habe ich nicht gesehen, dafür
1879 4254 2741 4304 hielt ich seine Frau für einen absonderlichen
1876 4295 2070 4340 Matrosen.\:p\
1876 4319 2742 4384 \p\Alle Provenienzen trifft man bei „Suzie“.
1876 4358 2488 4426 „Suzie“ ist das Lokal von Bandol.\:p\
1892 4391 2742 4459 \p\Es gibt hier Stammgäste und richtige Matro¬
1876 4450 2742 4500 sen, auch Frauen, welche ganz aufregend aussehen,
1876 4488 2742 4531 man weiß nicht recht, wer sie hergeschickt hat. Da¬
1876 4525 2742 4577 neben sitzt unser Friseur und der dunkelbraune
1876 4552 2742 4609 Mann, der uns nach dem Baden mit Spargeln
1876 4599 2564 4643 und Coquilles à la Langouste versorgt.\:p\
1876 4631 2742 4686 \p\Jetzt, weil es Pfingsten ist, kommen auch viele
1876 4683 2742 4728 Automobile mit vergnügungssüchtigen Bürgern.
1876 4713 2742 4775 Sie lassen sich bei „Suzie“ nieder und verwundern
1876 4759 2494 4810 sich, weil die Frauen Hosen tragen.\:p\
1876 4786 2742 4847 \p\Uebrigens heißt das Lokal ganz anders, näm¬
1876 4835 2742 4871 lich „Fortuné Cadet“, was sehr hübsch klingt.
1876 4876 2742 4920 Suzie ist die Besitzerin und Ernest, der Mixer, ihr
1876 4903 2742 4966 Liebhaber. Monsieur Cadet ist vor acht Tagen ge¬
1876 4954 2742 5000 storben, Suzie trägt deshalb schwarz und weint
1876 4995 2742 5048 manchmal. Ihre Gäste begrüßt sie als „ma
1876 5032 2319 5081 chérie“ und „mon petit“.\:p\
1876 5056 2742 5114 \p\Tagsüber durch Bandol zu bummeln, ist sehr
1876 5110 2742 5152 anregend. Es gibt Palmen, Segelboote, Snobs
1876 5148 2742 5203 und Fischer. Die Fischer fahren aber nur auf das
1876 5191 2720 5238 Meer, wenn sie keinen Sou mehr in der Tasche
2764 3907 3587 3958 haben. Die meisten Einheimischen kann man nicht
2764 3948 3586 3991 verstehen, sie sind schön und braun und sehen aus
2764 3991 3586 4033 wie Analphabeten. Sie stehen an der Quaimauer
2764 4022 3299 4073 und rauchen oder spielen Boule.\:p\
