4298 7054
653 1562 1917 1704 Amerika vor der Entscheidung
1053 1683 1519 1765 Von Dr. Annemarie Clark
409 1721 1271 1801 \p\Obwohl der Wahlkampf noch weit von seinem
366 1782 1271 1848 fiebrigen Höhepunkt entfernt ist, halten die bevor¬
359 1826 1271 1887 stehenden Präsidentschaftswahlen das ganze Land in
350 1861 1261 1923 Atem. Von Washington, dem Zentrum aller Dis¬
353 1906 1271 1958 kussionen, bis hinauf in das kleinste Dorf in Maine
356 1941 1271 2006 ist sich jeder Amerikaner bewußt, daß diese Wahlen
348 1975 1271 2044 die wichtigsten der ganzen amerikanischen Geschichte
356 2019 1271 2079 sind, und daß ihr Ausgang über die Zukunft des
350 2068 1242 2112 Landes entscheiden wird. „Amerika so oder so", —
350 2102 1271 2152 aber die Bezeichnung nach den alten Parteien, repu¬
353 2137 1271 2198 blikanisch oder demokratisch, dient nur noch zur
350 2174 1271 2237 Umschreibung der Frage, die man immer häufiger
367 2223 1272 2281 gestellt hört: Wird Amerika fascistisch? Oder wird
350 2256 1271 2317 Roosevelt eine letzte Chance erhalten, das Land vor
353 2292 1271 2352 dem Fascismus zu bewahren? — Er hat keinen
351 2341 1271 2394 ebenbürtigen Gegenkandidaten, — wer für Landon
350 2378 1271 2433 stimmt, tut es, weil er nicht für Roosevelt stimmen
356 2421 1271 2480 will. Amerika wird sich für oder gegen das „New
351 2439 871 2507 Deal“ Roosevelts entscheiden.\:p\
406 2494 1269 2552 \p\Hierbei spielt die Taktik der reaktionären Partei,
355 2516 1272 2588 Roosevelt, selbst fascistischer Tendenzen zu verdächti¬
361 2571 1271 2632 gen und ihn als den Feind der Konstitution und den
356 2623 1264 2665 Zerstörer der alten amerikanischen Freiheit hinzu¬
364 2651 1266 2712 stellen, eine verhältnismäßig geringe Rolle. Der
351 2684 1271 2744 Amerikaner denkt ökonomisch, — er ist dazu erzogen
353 2730 1271 2780 worden, jedes Problem auf seine ökonomischen Ur¬
356 2766 1271 2830 sachen zurückzuführen und er betrachtet es als die
350 2808 1271 2860 Aufgabe der Zukunft, Lösungen auf dem Wege öko¬
353 2852 1261 2901 nomischer Regelung zu suchen. Diese dem Ameri¬
351 2886 1271 2959 kaner tief eingeprägte Denkungsart ist der Schlüssel
355 2926 813 2981 zu seiner Weltanschauung.\:p\
408 2945 1272 3015 \p\Ihr ist es zu verdanken, daß viele latente Schwie¬
347 2996 1272 3056 rigkeiten, etwa die Neger- und Rassenfrage, nicht
345 3047 1271 3105 überschätzt werden und nicht in den Vordergrund
348 3092 1271 3142 treten, — solange sich nicht gewissenlose Politiker
350 3123 1271 3177 ihrer als Propaganda- und Verführungsmittel be¬
344 3161 1255 3211 mächtigen. Für uns Europäer, die wir an eine
345 3202 1271 3260 skrupellose demagogische Methode gewöhnt sind, ist
344 3249 1271 3290 es überraschend, eine der klaren, sachlichen Reden
342 3280 1271 3338 Roosevelts zu hören, — etwa am Radio eines Bier¬
350 3319 1271 3381 lokals in einer kleinen Industriestadt des Nordens,
380 3368 1272 3407 — und die Reaktion der Zuhörer auf seine nüch¬
347 3393 1271 3456 terne Argumentation zu beobachten. Nichts deutet
344 3431 1271 3487 daraufhin, daß es sich um die Rede eines Wahlkan¬
345 3476 1271 3538 didaten handelt, keine Propaganda, keine goldenen
344 3511 1271 3567 Versprechungen, — die Schwierigkeiten werden beim
342 3547 1252 3614 Namen genannt, die Zahlen der Arbeitslosigkeit
347 3589 1271 3644 ebenso wie die katastrophale Lage der Farmer in
344 3630 1271 3688 den durch die Trockenheit heimgesuchten Gebieten des
350 3669 1271 3732 Mittelwestens. Und ebenso sachlich und allgemein
350 3715 1271 3768 verständlich wird gesagt, welcher Mittel die Regie¬
344 3752 990 3812 rung bedarf, um Abhilfe zu schaffen.\:p\
397 3790 1271 3850 \p\Ein Volk, das dieser Art von Realismus zu¬
350 3832 1271 3878 gänglich ist, verfügt über ein gesundes und geschul¬
347 3867 1249 3928 tes Denken, um das wir Europäer es beneiden müs¬
342 3906 1271 3953 sen. Das Geheimnis liegt in dem Prozeß einer Be¬
344 3947 1271 3999 wußtwerdung, die der Amerikaner selbst als „Neuen
344 3978 1271 4035 Realismus" bezeichnet. Amerika beginnt sich über
344 4019 1272 4076 seine ökonomische Lage klar zu werden und gewinnt
344 4060 1271 4135 dadurch die Fähigkeit, seinen Schwierigkeiten plan¬
1293 1746 2210 1818 mäßig zu begegnen. Aber dieses Bewußtsein ist
1293 1810 2209 1862 neu, — bisher war die Geschichte Amerikas die einer
1293 1853 2209 1895 ungeheuren und planlosen Verschwendung. Auf den
1302 1892 2210 1939 großen Pflanzungen im Süden hat man den Boden
1293 1928 2193 1975 durch Raubbau erschöpft, im Mittelwesten hat man
1293 1963 2209 2014 die Weideflächen mit Getreide bepflanzt, sodaß heute
1293 2010 2209 2052 weite Strecken reichen Landes sich in Staubwüste
1293 2041 2209 2096 verwandeln, im Norden hat man die Wälder ge¬
1291 2088 2209 2141 rodet, ohne jemals an Aufforstung zu denken. Wenn
1291 2119 2209 2184 das Land zu eng wurde, der Boden erschöpft war,
1291 2168 2209 2223 zog man nach Westen und überließ den alten Besitz
1293 2204 2209 2251 der völligen Zerstörung. Land und Bodenschätze
1293 2237 2187 2298 schienen unerschöpflich, die Reserve der "Westgrenze"
1293 2281 2190 2334 spielt im Bewußtsein des amerikanischen Pioniers
1293 2317 2198 2377 eine entscheidende Rolle, sie nahm jahrhundertelang
1293 2359 2196 2416 alle unzufriedenen, verarmten oder revolutionären
1293 2399 2209 2457 Elemente auf und verhinderte jede Organisation der
1291 2438 2209 2496 Arbeit, jede Form eines bewußten Sozialismus. Sie
1299 2474 2209 2534 ist die Grundlage jenes typischen amerikanischen
1293 2524 2192 2577 "Optimismus", der eine Art von Religion schran¬
1293 2560 2209 2618 kenloser individueller Willkür und die Chance des
1291 2595 1837 2651 "selfmade-man" geworden ist.\:p\
1346 2631 2196 2684 \p\Heute ist diesem Optimismus die Grundlage ent¬
1302 2670 2210 2726 zogen, die äußerste Westgrenze, der Pazifik, ist
1291 2720 2209 2770 erreicht, die Schließung der kalifornischen Grenze
1293 2748 2209 2802 für die "wandernden" Arbeiter beendet das letzte
1293 2791 2209 2846 Kapitel amerikanischer Pioniergeschichte. Die Nation
1291 2827 2209 2893 zerfällt heute schismatisch in zwei Hälften: die eine
1304 2869 2209 2918 Hälfte glaubt immer noch, der Boden Amerikas,
1291 2905 2209 2954 seine Reichtümer und Reserven sollten jedem ein¬
1305 2952 2192 3003 zelnen sozusagen als privater Besitz, als private
1293 2987 2209 3036 Chance, zur schrankenlosen Ausbeutung offen stehen.
1293 3018 2210 3075 Das bedeutet, da keine Westgrenze mehr vorhanden
1293 3059 2196 3119 ist, die Ausbeutung von Arbeitskräften, ein skrupel¬
1293 3097 2196 3155 loses Profitsystem, dem alle Dollarkönige ihren
1291 3136 2185 3199 märchenhaften Aufstieg verdanken. Die Folgen dieser
1299 3175 2193 3230 Ausartung kapitalistischer Wirtschaftsform ist, daß
1293 3214 2193 3261 Amerika, reich genug, um eine dreifache Bevölke¬
1291 3254 2196 3312 rungszahl zu ernähren, große Schichten seiner 120
1293 3291 2187 3349 Millionen nicht vor Hunger und Arbeitslosigkeit zu
1293 3332 2210 3376 bewahren vermag. Um die daraus resultierende
1293 3368 2209 3415 Unzufriedenheit und die drohende Revolution zu be¬
1293 3407 2190 3464 kämpfen, wollen die reaktionären Vertreter des alten
1291 3450 2209 3503 „Individualismus“ zu Gewaltmethoden greifen, die
1293 3487 2210 3547 denen unserer europäischen Fascismen täuschend
1293 3525 1523 3586 ähnlich sehen.\:p\
1340 3539 2209 3613 \p\Die andere Hälfte der Nation ist zur Einsicht
1293 3610 2209 3649 gekommen, daß die Reichtümer Amerikas kein pri¬
1293 3647 2209 3696 vater, sondern öffentlicher Besitz sind, daß die Ver¬
1293 3682 2210 3730 teilung der Güter der Kern des Problems ist, und
1293 3720 2209 3778 daß seine Lösung nur durch planmäßige Wirtschaft
1293 3757 2209 3815 unter einer gewissen staatlichen Kontrolle erreicht
1293 3798 2181 3854 werden kann. Die Leute, die heute diese Forde¬
1293 3842 2209 3883 rung stellen, sind die Anhänger Roosevelts und des
1296 3876 2184 3930 "New Deal". Sie verlangen, daß der Boden vor
1293 3912 2187 3971 Raubbau geschützt, die durch die Trockenheit ver¬
1293 3956 2209 4008 wüsteten Getreidegebiete wieder in Weidegründe
1293 3997 2210 4043 verwandelt werden, daß die Pflanzungen im Süden,
1293 4030 2209 4087 die einigen Banken und Gesellschaften gehören, nicht
1293 4077 2187 4120 zur Ausbeutung der weißen und schwarzen Arbeits¬
1293 4110 2185 4167 kräfte dienen sollen — die weißen Baumwoll¬
1293 4152 2210 4206 arbeiter, die sogenannten "Share-Croopers", haben
1293 4189 2166 4231 einen der niedrigsten Lebensstandarde der Welt! —,
1293 4223 2185 4273 daß die Industrie nicht nur für den Profit einer
1293 4262 2210 4322 sehr kleinen Zahl von Leuten arbeiten soll, son¬
1293 4306 2209 4372 dern daß man gleichzeitig die Arbeit organisiere und
1293 4341 2209 4400 den Unternehmer, wenn nötig, unterstütze. Sie
1291 4386 2209 4436 wissen, daß in einem reichen Land mit hochentwickel¬
1293 4419 2210 4480 ter Industrie Arbeitslosigkeit keine tragische Not¬
1293 4457 2210 4515 wendigkeit, Hunger nicht unvermeidlich ist, und sie
1293 4505 2210 4543 verlangen, daß jeder junge Amerikaner von der
1293 4534 2209 4584 Regierung die Chance erhalten soll, die er sich in
1293 4573 2210 4653 den alten Pionierzeiten auf andere Weise erwerben
1293 4612 1401 4667 konnte.\:p\
1335 4640 2209 4706 \p\Die Regierung des "New Deal" hat bisher einen
2215 4250 3133 4339 mittleren Weg eingehalten, der die Beschuldigung
2214 4314 3133 4380 diktatorischer Tendenzen von rechts oder links
2214 4350 3133 4418 keineswegs rechtfertigt. Sie hat der Industrie neue
2215 4392 3133 4447 Antriebe gegeben — wie es sich am deutlichsten in
2214 4427 3133 4494 der Eisen- und Stahlindustrie zeigt — und die Ar¬
2215 4468 3133 4524 beitslosigkeit verringert. Dieser "mittlere" Weg, der
2215 4520 3133 4563 eine Organisation des Bestehenden versucht, ohne
2214 4551 3133 4606 der amerikanischen Freiheit des Einzelnen Abbruch
2215 4590 3109 4645 zu tun, wird von vielen als der "amerikanische Weg"
2215 4631 3133 4680 bezeichnet, die sich dagegen wehren, amerikanische
2215 4664 3134 4730 Vorgänge mit europäischen zu vergleichen und mit
3145 4283 4061 4352 deutschen oder russischen "ismen" zu belegen. Andere
3147 4338 4065 4388 fürchten nach wie vor, daß Amerika der einen oder
3145 4375 4055 4424 anderen Form eines gefährlichen Radikalismus zu¬
3147 4407 4063 4463 steuere. Aber die schwärzesten Pessimisten unter
3145 4449 4061 4504 den Anhängern Roosevelts besitzen die große Quali¬
3147 4493 4065 4538 tät einer tapferen und ausdauernden Aktivität; sie
3147 4529 4063 4579 sind entschlossen, nicht untätig auf die Katastrophe
3147 4573 4063 4620 zu warten und sie fatalistisch hinzunehmen, und sie
3155 4614 4063 4662 sammeln um sich den besten Teil der Nation, eine
3147 4648 4065 4713 aufgeklärte, ihrer Situation bewußte und opfer¬
3147 4681 3426 4739 willige Jugend. \:p\
