4294 7183
1736 1162 2585 1239 Die Frauen Afghanistans
1288 1255 2164 1299 \p\Ella und ich hatten bisher nur theoretische Ge¬
1213 1299 2164 1337 spräche über die Frauen Afghanistans führen können.
1212 1328 2163 1384 Seit mehreren Wochen in diesem streng mohammeda¬
1213 1370 2164 1414 nischen Land, hatten wir uns mit Bauern und städti¬
1237 1408 2164 1453 schen Beamten, Soldaten, Bazarhändlern und Provinz¬
1212 1438 2164 1491 gouverneuren angefreundet, waren überall gastfreund¬
1213 1459 2164 1513 lich aufgenommen worden und begannen dieses männ¬
1213 1512 2142 1546 liche, fröhliche und unverdorbene Volk liebzugewinnen.
1241 1541 2164 1577 In der prächtigen alten Stadt Herat hatten wir den
1213 1575 2137 1623 Fechterspielen und dem gemeinsamen Gebet der Jüng¬
1213 1615 2164 1660 linge zugesehen, die sich abends vor dem Tor auf
1235 1645 2164 1683 einem Rasenplatz versammelten. Unterwegs auf langen
1231 1683 2142 1724 schattenlosen Strecken, wenn wir Halt machten, ge¬
1213 1709 2164 1754 sellten sich schlichte Bauern zu uns und teilten mit
1212 1750 2164 1805 uns ihre Melonen. Nie hatten wir es nötig, unser Zelt
1213 1788 2164 1823 aufzuschlagen und unsere Suppe selber zu kochen. Wir
1213 1812 2164 1863 wurden in den Dörfern vom Bürgermeister begrüsst,
1213 1857 2134 1901 mit Tee und Trauben bewirtet. Am Abend führte man
1233 1890 2137 1942 uns in schöne Gärten; aufmerksame Diener trugen den
1213 1921 2164 1967 «Palaw», das einheimische Reisgericht, auf, und wäh¬
1213 1953 2164 2006 rend wir assen, kam der Gastgeber mit seinem Ge¬
1212 2000 2164 2044 folge, um uns seinen Besuch zu machen, und unterhielt
1213 2029 1882 2072 sich oft lange und eingehend mit uns.\:p\
1282 2049 2164 2113 \p\Aber wir schienen in einem Land ohne Frauen zu
1212 2113 2134 2154 sein! Wir kannten wohl den «Tschador», das alles
1213 2138 2165 2180 verhüllende Faltengewand der Mohammedanerinnen,
1213 2166 2164 2208 das mit der romantischen Vorstellung vom zarten
1229 2207 2164 2244 Schleier orientalischer Prinzessinnen wenig gemeinsam
1213 2248 2164 2282 hat. Es umschliesst eng den Kopf und ist vor dem
1213 2279 2164 2318 Gesicht wie ein Gitterchen durchbrochen und fällt dann
1213 2309 2164 2345 in weiten Falten bis zur Erde, kaum die gestickte
1213 2354 2164 2384 Spitze und den schiefgetretenen Absatz der Pantoffeln
1212 2395 2134 2436 frei lassend. Wir hatten solche vermummten, form¬
1213 2409 2134 2459 losen Gestalten scheu durch die Bazargassen huschen
1230 2452 2137 2501 sehen und wussten, das seien die Frauen der stolzen
1213 2474 2164 2538 frei einherschreitenden Afghanen, die ihrerseits die
1213 2524 2164 2573 Gesellschaft und das fröhliche Gespräch liebten und
1213 2554 2164 2613 den halben Tag nichtstuend im Teehaus und im Bazar
1213 2586 2164 2645 verbrachten. Aber diese gespenstischen Erscheinungen
1212 2631 2131 2680 hatten wenig Menschliches an sich. Waren es Mädchen
1213 2657 2165 2710 Mütter, Greisinnen; waren sie jung oder alt, froh oder
1213 2696 2137 2739 traurig, schön oder hässlich? Wie lebten sie; mit was
1241 2730 2164 2772 beschäftigten sie sich; wem galt ihre Anteilnahme, ihre
1213 2763 2131 2809 Liebe oder ihr Hass? In der Türkei, auch in Iran hat¬
1212 2788 2134 2851 ten wir Schülerinnen, Pfadfinderinnen, Studentinnen
1212 2820 2128 2885 gesehen, auch selbständige, erwerbstätige Frauen oder
1212 2860 2134 2925 solche, die auf sozialem Gebiete etwas leisteten und
1213 2910 2131 2948 bereits das Gesicht ihrer Nation mitbestimmten, aus
1213 2943 2135 2982 dem Leben dieser Nation nicht mehr hinwegzudenken
1212 2977 2128 3016 waren. Wir wussten, dass der junge König Amanullah
1213 3011 2137 3047 von einer europäischen Reise zurückkehrend, in Afgha¬
1212 3041 2137 3085 nistan überstürzte Reformen eingeführt und versucht
1212 3067 2131 3122 hatte, dem Beispiel vor allem der Türkei zu folgen.
1212 3111 2164 3158 Er war zu rasch vorgegangen. Am meisten warf man
1213 3145 2164 3204 ihm die Emanzipation der Frau vor. Während einigen
1213 3183 2164 3231 Wochen war in der Hauptstadt Kabul der Tschador
1213 3218 2164 3247 gefallen; dann brach die Revolution aus; die Frauen
1235 3247 2131 3291 kehrten in den Harem, in ihr streng abgeschlossene
1230 3283 2164 3350 häusliches Leben zurück und durften sich auf der
1213 3322 1859 3367 Strasse nur noch im Schleier zeigen.\:p\
1269 3323 2164 3411 \p\Waren die Ansätze zur Freiheit vergessen, die
1229 3396 2164 3460 wenigen Wochen des Jahres 1929 aus dem Gedächtnis
1213 3430 1680 3475 der Frauen verschwunden?\:p\
1270 3458 2164 3535 \p\Als wir einmal Gäste eines jungen, aufgeschlossenen
1229 3510 2164 3568 und klugen Gouverneurs irgendwo im Norden waren,
1213 3547 2123 3585 wagte Ella die Frage. Unser Gastgeber hatte viel Ver¬
1213 3579 2164 3616 ständnis für die Notwendigkeiten des afghanischen
1212 3610 2164 3674 Staates gezeigt und hatte davon gesprochen, wie der
1213 3651 2119 3696 Bau von Strassen das Land dem Verkehr öffnen werde,
1213 3683 2164 3720 wie dann Industrien eingeführt, aber auch Schulen und
1218 3716 2126 3755 Spitäler eingerichtet würden. Konnte man die Frauen
1213 3755 2164 3814 von einem solchen Programm des Fortschritts aus¬
1212 3787 2164 3842 schliessen? Mussten sie nicht teilhaben am neuen Leben
1212 3822 2116 3879 und befreit werden aus der abstumpfenden Beschränk¬
1212 3854 2164 3903 heit ihres Daseins? Der Gouverneur antwortete uns
1218 3887 2164 3932 ausweichend. Als wir höflich fragten, ob wir seine
1212 3925 2164 3987 Frau besuchen dürften, sagte er zwar zu, fand dann
1213 3956 1542 4004 aber eine Ausrede.\:p\
1267 3976 2163 4052 \p\Erst in Kaisar, einem kleinen Oasenort in der nörd¬
1212 4023 2164 4086 lichen Provinz Turkestan, wurden wir zu unserer nicht
1213 4071 2164 4112 geringen Ueberraschung vom «Hakim Saib», dem Herrn
1213 4097 2119 4150 Bürgermeister selbst ohne viel Umstände dürch ein
1213 4125 2125 4184 Pförtchen in den inneren Garten seines Hauses geführt,
1212 4173 2164 4232 dem Garten seiner Frauen und Töchter. Zwei junge
1213 4196 2164 4240 Mädchen in Sommerkleidern, das dunkle Haar von
1212 4237 2164 4301 einem luftigen, zarten Schleier eingehüllt, kamen uns
1213 4271 2165 4321 lächelnd entgegen. Sie waren beide auffallend schön,
1212 4309 2163 4368 und schön war auch die stattliche, ernst und freundlich
1220 4336 2165 4406 blickende Mutter, die uns unter den grossen Bäumen
2160 1249 3120 1319 begrüsste, wo Teppiche ausgebreitet waren. Dort spiel¬
2160 1322 3119 1353 ten auch die Kinder, jüngere Geschwister, und das
2160 1342 3117 1383 blonde Bübchen der Schwiegertochter Sarah. Ihr zwei¬
2160 1374 3117 1433 tes Kind schlief in einer Hängematte im Schatten. Ein
2160 1409 3076 1457 wenig abseits, unter dem Vordach des einfachen Lehm
2160 1428 3117 1487 hauses, stand der Samowar; man brachte uns zuerst
2160 1469 3116 1538 ein Waschbecken und Handtücher, dann Tee und
2184 1514 3076 1552 Früchte. Eine Stunde später folgte der Palaw. Die
2160 1548 3116 1609 Mutter ass mit uns nach europäischer Manier am Tisch.
2178 1585 3116 1619 Die Töchter bedienten uns und assen dann mit den
2160 1615 3072 1654 Kindern auf dem Teppich, alle aus der gleichen riesi¬
2160 1656 3080 1695 gen Reisschüssel — und mit den Fingern. Zuletzt assen
2184 1690 3072 1727 die Dienerinnen die reichlichen Reste. Während die
2160 1717 3072 1760 Familie des Hakim die schönen und strengen Gesichts¬
2160 1755 3072 1800 züge der Afghanen hatte, waren die Dienerinnen offen¬
2160 1796 3076 1845 bar mongolischer Rasse, vielleicht Turkmeninnen oder
2160 1825 2375 1877 Usbekinnen.\:p\
2224 1848 3078 1907 \p\Nach dem Essen brachte man uns seidene Matratzen
2178 1904 3110 1945 und Moskitonetze; aber wir kamen nicht dazu, uns
2160 1942 3110 1977 auszuruhen. Obwohl die Mädchen kaum ein Wort fran¬
2159 1964 3108 2031 zösisch kannten und wir nur ein paar Brocken persisch,
2160 2009 3077 2052 unterhielten wir uns doch ganz lebhaft. Sie brachten
2166 2043 3107 2072 uns einen hellblauen Seidenstoff und eine Schere und
2160 2071 3107 2115 wollten, dass wir ihnen ein Kleid zuschnitten. Wir
2176 2115 3105 2144 wagten uns aber nicht daran und versprachen, ihnen
2160 2139 3105 2195 von Kabul französische Zeitschriften mit Schnittmustern
2160 2175 3105 2219 und Modebeilagen zu schicken. Kabul war für die
2160 2209 3066 2255 Frauen von Kaisar schon die grosse Welt, die Zivili¬
2160 2245 3104 2292 sation. Und doch waren sie — zuhause natürlich — im
2159 2286 3104 2335 Lesen und Schreiben unterrichtet worden und wussten,
2160 2324 3104 2364 wo Indien, Moskau, Paris lag, ja sogar die Schweiz
2160 2347 3102 2403 war ihnen ein Begriff. Aber sie hatten nie eine Reise
2183 2389 3102 2437 gemacht. Sie konnten sich nicht vorstellen, dass sie
2178 2425 3101 2458 jemals weiter gelangen würden als bis nach Mazar-i-
2182 2451 3102 2497 Sherif, der Hauptstadt von Afghanisch-Turkestan. Hat¬
2160 2497 3099 2528 ten sie überhaupt den Wunsch, die Welt kennenzuler¬
2159 2529 3099 2566 nen, ein anderes Leben zu führen? Oder würden sie
2159 2556 3099 2603 immer im schattigen, von hohen Lehmmauern um¬
2160 2599 3098 2639 schlossenen Garten von Kaisar bleiben, unter der
2177 2628 3098 2693 patriarchalisch strengen Aufsicht ihrer Mutter und
2160 2660 2292 2708 Herrin?\:p\
2218 2701 3097 2751 \p\Gegen Abend, als es ein wenig kühler wurde, liess
2160 2742 3095 2803 uns der Hakim rufen. Der kleine blonde Yakub durfte
3109 648 4030 707 uns bis zum Auto begleiten; die Mädchen aber blieben
3109 694 3594 745 an der Gartenpforte zurück.\:p\
3160 718 4015 778 \p\Es waren zweifellos kluge, ja begabte und anmutig
3109 762 4030 815 Mädchen. Wir erinnerten uns an ihr Lächeln, an ihren
3115 804 4027 841 wachen und freundlichen Gesichtsausdruck. Nur die
3109 834 4027 877 junge Schwiegertochter hatte manchmal herb und fast
3109 876 4027 913 böse dreingesehen, während sie ihren Säugling aus
3109 906 4030 947 der Hängematte nahm und ihm die Brust gab. Sie war
3109 944 4018 979 hier, in der Familie ihres Gatten eben doch unter
3109 981 4027 1020 Fremden, hatte keinen eigenen Hausstand und hatte
3109 1010 3643 1066 keinerlei Freiheit noch Rechte.\:p\
3166 1049 4027 1096 \p\Wenn diese Mädchen den Garten verliessen, trugen
3113 1093 4021 1139 sie den Tschador — und sahen die Welt draussen nur
3109 1129 4027 1181 durch das durchbrochene Gitterchen, das ihr Gesicht
3109 1166 3690 1225 neugierigen Männeraugen verbarg.\:p\
3160 1194 4021 1251 \p\Ein solches Leben konnten wir uns kaum vorstellen
3109 1241 4023 1288 Aber waren diese Frauen etwa besonders unglücklich?
3127 1286 4021 1323 — Man kann nur begehren, was man kennt. Und war
3109 1315 4024 1360 es richtig, nötig, sie zu bilden und aufzuklären, und
3109 1351 3964 1394 ihnen den Stachel der Unzufriedenheit zu geben?
3109 1389 4030 1430 Aber wir lernten bald, dass diese Frage sich gar nicht
3109 1422 4027 1462 stellt. Afghanistan entwickelt sich heute nach jenen
3115 1455 4024 1497 fatalen Gesetzen, die man Fortschritt nennt und deren
3109 1491 4024 1537 Verlauf man nicht aufhalten kann. Als wir von Kabul
3113 1529 4021 1572 aus die versprochenen Schnittmuster nach Kaisar
3109 1559 4021 1607 schickten, leisteten wir auch einen winzigen Beitrag
3109 1598 4024 1638 zu den Folgen dieser Gesetze. Wir bekämpften den
3114 1628 3306 1683 Tschador!\:p\
3659 1634 4000 1690 Annemarie \g\Clark\:g\.
