4294 7133
700 1748 1756 1870 Die Vereinigten Staaten
743 1872 1731 1958 und die deutschen Siege
972 1943 1486 2032 Von Dr. Annemarie \g\Clark\:g\
576 2026 1178 2092 Nantucket (USA.), Mitte August.
360 2065 1212 2140 \p\Die politischen Energien der Amerikaner scheinen
303 2105 1204 2182 zur Zeit völlig vom Wahlkampf für die im Novem¬
296 2167 1202 2212 ber fällige Präsidentschaftswahl in Anspruch ge¬
302 2209 1212 2249 nommen zu sein. Ausländische Beobachter, besonders
296 2244 1202 2298 Engländer, stellen dies mit einer gewissen Ent¬
296 2283 1213 2329 täuschung fest, nachdem es im Mai und Juni einige
303 2324 1212 2369 Wochen lang so aussah, als sei dieses Land von der
303 2354 1212 2406 Notwendigkeit überzeugt, auf die eine oder andere
306 2395 1213 2444 Weise in den "europäischen Konflikt" eingreifen und
295 2426 1212 2494 den totalen Sieg der fascistischen Staaten verhindern
300 2482 1213 2519 zu müssen. Die Wahl des Präsidenten bringt alle
300 2516 1212 2569 vier Jahre eine Periode "fiebriger" politischer Agita¬
306 2553 1213 2598 tion mit sich. Es schien wirklich ein Glied in der
300 2588 1212 2643 Kette der für Hitler glücklichen Umstände zu sein,
295 2631 1212 2675 daß die Vereinigten Staaten gerade im Kriegsjahre
303 2667 1212 2723 1940 wegen des Wahlkampfes außenpolitisch beinahe
303 2710 1202 2759 ausscheiden und lahm gelegt sind. Bis zur Er¬
296 2748 1212 2792 oberung von Holland und Belgien, – einem Er¬
303 2784 1212 2847 eignis, welches denn doch die Gemüter wach rüt¬
296 2819 1212 2876 telte –, hieß es sogar, Roosevelt werde sich, so
296 2860 1212 2909 lange seine Wiederwahl nicht gesichert sei, mit keinem
304 2900 1212 2956 Rüstungsprogramm hervortrauen, sondern sich als
296 2934 1213 2997 traditioneller amerikanischer "Isolationist" aus¬
306 2975 414 3036 geben.\:p\
357 2997 1212 3065 \p\Dies allerdings erwies sich als unmöglich. Heute
299 3047 1212 3107 vertreten beide Präsidentschaftskandidaten, der
295 3092 1212 3157 demokratische Roosevelt wie auch sein republikanischer
303 3132 1212 3182 Gegenspieler Willkie, den Standpunkt, Amerika
296 3169 1213 3215 müsse für alle Eventualitäten gerüstet sein, und die
296 3207 1212 3257 Vorwürfe seiner Gegner gegen Roosevelt in diesem
303 3246 1212 3292 Punkt erschöpfen sich darin, er habe schlecht gerüstet.
303 3286 1212 3329 Die Zeit der "Isolation" ist vorbei, kein Amerikaner
303 3327 1212 3369 glaubt mehr, sich auf das Schlagwort "Amerika den
299 3357 1212 3403 Amerikanern" zurückziehen und von den Welt¬
291 3402 1212 3452 händeln fernhalten zu können. Man kann leicht
300 3439 1196 3493 feststellen, daß die populären Zeitschriften und Maga¬
296 3481 1212 3528 zine in jeder Nummer irgendeinen Artikel bringen,
300 3519 1212 3563 der über Europa handelt. Die besten amerikanischen
300 3553 1212 3614 Journalisten, von Dorothy Thompson zu Vincent
300 3597 1212 3636 Sheean, schreiben über die Frage, welches die Wir¬
296 3627 1199 3677 kung eines totalen Sieges Hitlers auf die Ver¬
294 3665 1213 3717 einigten Staaten sein würde. Und diese Artikel sind
300 3715 1212 3758 es, die den größten Publikumserfolg haben. Ob¬
296 3747 1212 3794 wohl sich die Amerikaner vom ersten oder zweiten
296 3784 1212 3842 Schrecken wieder etwas erholt haben und nicht mehr
295 3822 1212 3872 fürchten, daß morgen schon die deutschen Fallschirm¬
296 3860 1212 3914 springer an ihrer ungeschützten Küste landen könn¬
294 3909 1212 3952 ten, frägt sich doch jeder Amerikaner: "Wie lange
296 3939 1212 3985 sind wir davor sicher? Werden wir uns eines Tages
300 3985 1212 4036 verteidigen müssen? Können wir uns überhaupt
294 4025 1212 4072 verteidigen?" Und der junge Amerikaner, der nun
300 4055 1212 4104 vielleicht im nächsten Jahr zum Militärdienst auf¬
300 4101 1212 4150 gerufen wird, fragt sich: "Will ich kämpfen? Und
296 4140 1212 4183 wenn ich darnach nicht mehr gefragt werde, wenn
303 4175 1212 4221 ich eines Tages darum kämpfen muß, um friedlich
294 4217 1212 4257 auf meiner Farm im Mittelwesten zu leben, ist
295 4252 1212 4294 dann dieses Land überhaupt noch eine Demokratie?
291 4292 1212 4332 Ich habe ja mit allerhand gerechnet, mit Sand¬
300 4324 1199 4375 stürmen, Trockenheit und Heuschreckenplage im
300 4364 1202 4418 Westen, mit Arbeitslosigkeit im Osten, mit dem
294 4400 1199 4451 Kampf um soziale Rechte in einem kapitalistischen
294 4444 1203 4497 Land, aber Krieg? Warum soll ein junger Mensch,
294 4486 1204 4527 warum sollen wir alle plötzlich unsere ganzen Kräfte
294 4520 1196 4566 für etwas einsetzen, was wir nicht gewollt haben,
294 4563 1198 4614 was uns nichts angeht?" Und darum fragen jetzt
296 4595 1199 4643 die Amerikaner unablässig: "Wer ist Hitler? Was
294 4635 1204 4685 für ein Mann ist er, wie ist es möglich, daß er ein
296 4680 1192 4726 ganzes, großes, europäisches Volk dazu brachte, alles
296 4721 1212 4763 andere zu vergessen, und jedes Opfer zu bringen,
296 4755 1212 4800 um diesen Krieg vorzubereiten? Denn so muß es
291 4789 1212 4840 doch sein, in Deutschland müssen sie unablässig mit
283 4835 1195 4884 allen Kräften sich gerüstet haben, sonst könnten sie
291 4860 1192 4916 ja nicht ein Land nach dem anderen, eine Armee
287 4910 1212 4966 nach der anderen besiegen. Die französischen und
285 4950 1196 4995 englischen Soldaten haben doch gewiß tapfer ge¬
291 4984 1212 5046 kämpft, die Belgier, die Norweger liebten doch ihr
291 5021 889 5087 Vaterland und ihre Freiheit auch?"\:p\
344 5061 1196 5117 \p\Da es jeden Tag offensichtlicher wird, daß der
294 5100 1212 5159 Krieg sich nicht auf Europa beschränkt und nun schon
287 5145 1212 5194 von Indochina, den Philippinen, den Azoren,
292 5179 1212 5237 Mexiko die Rede ist, morgen von Neu-Guinea, ist
294 5223 1212 5266 es für die Amerikaner nur ein Schritt bis zu der
290 5262 1212 5304 entscheidenden und klärenden Frage: "Was würde
287 5299 1199 5352 der Sieg Hitlers für uns für Folgen nach sich
286 5344 1212 5385 ziehen?" Wie in jedem anderen Land, das bisher
285 5381 1212 5431 mit dieser Frage konfrontiert wurde, gibt es auch
291 5411 1199 5464 in den Vereinigten Staaten zwei Haltungen.
286 5449 1212 5503 Die erste ist die der "Befriedung" (appeasement),
336 5497 1198 5543 – Oberst Lindbergh ist dafür der typische Vertreter.
296 5528 1198 5589 Er gilt in Amerika als Fascist, ist ein Bewunderer
286 5569 1191 5636 der deutschen Luftwaffe, neigt aber gleichzeitig dazu,
285 5606 1192 5656 die "Nazigefahr" zu bagatellisieren. Die Lind¬
286 5649 1212 5709 berghianer erklären gemeinsam mit den Gegnern
283 5682 1212 5742 Roosevelts, Amerika sollte viel besser gerüstet sein,
291 5723 1212 5775 Präsident Roosevelt habe die für die nationale Ver¬
285 5769 1212 5805 teidigung bestimmten Gelder verschwendet, und es
287 5798 1213 5851 sei eine Schande, daß die Gewerkschaften durch die
285 5842 1212 5891 tolerante Haltung des Präsidenten zu solcher Macht
285 5880 1212 5931 gelangt seien, daß man jetzt bei der Durchführung
285 5923 1212 5964 eines Rüstungsprogramms auf ihren Widerstand
291 5956 1212 6012 gefaßt sein müsse, weil die Arbeiterschaft befürchte,
287 5996 1212 6055 ihre sozialen Vorrechte könnten unter einem solchen
291 6028 1212 6072 Vorwand geschmälert werden. Gleichzeitig ver¬
287 6067 1199 6117 treten diese Leute die Ansicht, England sei ohnehin
287 6107 1212 6175 schon so gut wie besiegt, es sei nutzlos, nach England
1233 2022 2154 2099 Kriegsmaterial zu liefern, und warum sollten nicht
1223 2078 2153 2134 ein starkes Amerika und ein starkes, unter deutscher
1249 2126 2154 2179 Führung geeintes Europa sich verständigen können?
1246 2166 2145 2224 Die andere Haltung ist davon bestimmt, daß man
1221 2190 2153 2262 den deutschen Machtansprüchen und dem Sieg des
1249 2241 2153 2292 fascistischen, dem demokratischen Gedanken in jedem
1223 2260 2153 2333 Punkt entgegengesetzten Prinzip Widerstand leisten
1223 2315 2153 2369 müsse. Wahrend die Lindberghianer sich damit be¬
1223 2364 2153 2424 ruhigen, der Nationalsozialismus bedrohe alle an¬
1223 2395 2153 2451 deren, aber niemals sie selbst und Amerika, realisieren
1221 2441 2153 2498 ihre Opponenten, daß der Sieg der totalitären Staaten
1223 2472 2153 2535 in Europa die Welt in zwei durch einen funda¬
1223 2512 2153 2572 mentalen Antagonismus getrennte Hälften spalten
1223 2560 2153 2611 werde, und daß nach einer englischen Niederlage nur
1221 2586 2153 2651 noch die Demokratie der Vereinigten Staaten vor¬
1223 2635 2133 2690 handen sein werde, um den unvermeidlichen Kampf
1223 2667 1468 2727 auszufechten.\:p\
1300 2686 2153 2761 \p\Es kann kein Zweifel darüber bestehen, daß die
1223 2734 2138 2801 Vereinigten Staaten heute schon von der Aus¬
1223 2794 2154 2837 breitung des europäischen Krieges, oder von seinen
1223 2830 2153 2879 unvermeidlichen Auswirkungen auf die übrige Welt
1221 2863 2153 2921 bedroht sind. Dieses Land hat in den letzten Jahren
1221 2896 2153 2950 schon viel von seinem Prestige, dem Prestige einer
1223 2945 2153 2993 Großmacht, eingebüßt. In Deutschland ist man
1228 2985 2153 3034 überzeugt, daß Amerika bei der Durchführung der
1223 3021 2153 3065 deutschen Welteroberungspläne kaum ein ernst¬
1223 3055 2145 3115 haftes Hindernis sein wird. Roosevelt hat zu oft
1221 3095 2153 3153 europäische Handlungen verurteilt, europäischen
1223 3140 2153 3186 Staatsmännern in entscheidenden Stunden seinen
1223 3176 2133 3223 Rat und Segen gegeben, oder seine moralische Miß¬
1223 3207 2153 3263 billigung geäußert, und da Amerika nie gehandelt,
1223 3256 2153 3298 nicht einmal die Bereitschaft geäußert hat, zu han¬
1223 3291 2153 3341 deln, sind seine Botschaften heute sehr entwertet.
1223 3333 2153 3379 Anhänger der "Pax Germanica" argumentieren
1223 3365 2138 3416 denn auch, Europa sei ja auf friedlichem Wege
1221 3398 2153 3453 nicht zu einigen gewesen, jetzt aber würden die Zoll¬
1240 3440 2155 3498 schranken fallen, und heutzutage genüge eine Luft¬
1221 3490 2153 3539 waffe und gut organisierte Polizeimacht des
1223 3520 2153 3566 herrschenden Staates, um jede Revolte besiegter
1223 3557 2153 3611 und entwaffneter Staaten zu verhindern. Dem wird
1223 3603 2153 3643 entgegengehalten, daß eine auf Gewalt gegründete
1240 3634 2154 3698 Ordnung nicht segensreich und nicht von Dauer sein
1223 3678 2133 3732 könne. Ein Amerikaner kann natürlich darauf ant¬
1223 3702 2153 3764 worten, daß es den amerikanischen Automobil¬
1223 3756 2154 3809 fabrikanten, Weizenverkäufern und Arbeitern
1223 3805 2153 3856 gleichgültig sein könne, ob sie ihre Waren mit einem
1221 3834 2153 3880 "freien" oder einem von Deutschland dominierten
1223 3871 2153 3918 Europa austauschen. Aber die Vision eines solchen
1223 3902 2153 3955 friedlichen Austausches ist vielleicht ein Irrtum.
1223 3942 2153 3993 Nach einem uneingeschränkten deutschen Sieg wür¬
1223 3988 2153 4034 den Mexiko, das Karibische Meer, wahrscheinlich auch
1221 4025 2153 4071 die kleinen Staaten Mittelamerikas Deutschland
1223 4055 2153 4108 mindestens in der Form von "Einflußzonen" zu¬
1223 4088 2153 4150 fallen. Auch die südamerikanischen Märkte würden
1221 4141 2153 4187 Deutschland offenstehen. Auf den bisher britischen
1223 4182 2153 4223 Malaiischen Inseln, im bisher französischen Indo¬
1223 4221 2153 4273 china, im bisher holländischen Ostindien strecken die
1223 4259 2153 4310 Japaner, geschützt durch die Niederlage ihrer euro¬
1223 4303 2153 4366 päischen Partner, bereits die Hand aus. Um auch
2178 1764 3091 1814 nur die für den Verkehr mit Ostasien lebenswichtigen
2183 1808 3082 1855 Philippinen zu schützen, um überhaupt die in fünf
2179 1848 3082 1900 Jahrzehnten gewonnene Position im Pazifik zu hal¬
2179 1891 3091 1929 ten, müßte Amerika einen Seekrieg mit Japan aus¬
2192 1929 3107 1970 fechten, wobei Japan alle Vorteile der Verkehrs¬
2177 1967 3105 2012 linien und der durch keine französische oder englische
2178 2011 3105 2051 Macht mehr beeinträchtigten Konzentration der
2178 2049 3105 2094 Kräfte auf seiner Seite hätte. Diese Auseinander¬
2178 2094 3105 2154 setzung im Osten könnte Amerika teuer zu stehen
2177 2122 2333 2184 kommen.\:p\
2238 2149 3104 2223 \p\Aber nehmen wir an, Amerika würde auch
2175 2192 3105 2261 diesem Konflikt ausweichen, Japan würde sich im
2177 2242 3080 2298 Osten (und bis nach Indien!) ausbreiten wie Deutsch¬
2177 2287 3105 2328 land in Europa, dann wäre Amerika eine "demo¬
2175 2323 3105 2368 kratische, kapitalistische Insel" in einer von totali¬
2175 2364 3105 2416 tären Staaten eroberten Welt [Punkt fehlt] Ein informierter
2175 2395 3105 2447 amerikanischer Journalist hat kürzlich darauf hin¬
2175 2443 3091 2487 gewiesen, daß es dann den Vereinigten Staaten
2174 2485 3084 2526 unmöglich sein würde, genau die zehn Prozent
2175 2518 3107 2570 seines Exports zu verkaufen, die in der amerika¬
2175 2565 3104 2613 nischen Wirtschaft den Unterschied zwischen Gewinn
2174 2599 3105 2651 und Verlust ausmachen. Amerika ist beinahe autark,
2175 2634 3105 2676 aber sein ökonomischer Reichtum ist abhängig von
2183 2671 3107 2735 freien Märkten, von seiner natürlichen, freien, bisher
2174 2713 2602 2771 friedlichen Ausbreitung.\:p\
2233 2752 3105 2797 \p\Was wird inzwischen in Europa geschehen? Wird
2174 2784 3105 2837 sich dort ein großer, von Deutschland aus regulierter,
2174 2833 3075 2872 und in höchstem Maße produktionsfähiger Wirt¬
2173 2871 3107 2909 schaftsraum vorbereiten? Amerika sieht dieser Ent¬
2171 2913 3082 2963 wicklung skeptisch entgegen. Man vermutet hier,
2171 2943 3107 3005 daß der europäische Kontinent dieses Jahr unbefrie¬
2173 2979 3084 3036 digende Ernten haben wird. Wahrscheinlich werden
2173 3025 3105 3075 sich dann die humanitären Anstrengungen in Ame¬
2184 3065 3080 3115 rika verdoppeln, und unzählige Liebespakete nach
2171 3107 3105 3149 Europa geschickt werden. Es sei hier der Kuriosität
2171 3141 3105 3194 wegen erwähnt, daß man in New Yorker Delikateß¬
2179 3178 3107 3240 geschäften echte importierte deutsche Wurstwaren
2171 3219 3074 3265 kaufen kann, und daß man in Amerika Nahrungs¬
2171 3254 3107 3311 mittelpakete bestellen und in Devisen bezahlen kann,
2171 3295 3076 3352 die dann in Deutschland besorgt und an die Emp¬
2171 3336 2607 3386 fänger geliefert werden!\:p\
2228 3342 3105 3428 \p\Kehren wir zu anderen Tatsachen zurück. Es ist
2170 3407 3105 3468 nicht anzunehmen, daß Amerika eine bewaffnete In¬
2170 3454 3105 3510 vasion befürchten muß. Aber Welteroberungspläne
2169 3491 3078 3539 können nicht zur Ausführung gelangen, wenn Ame¬
2169 3528 3105 3580 rika nicht "mitmacht", das heißt, sich den not¬
2169 3572 3080 3615 wendigen Maßnahmen fügt, welche nicht nur
2170 3609 3082 3663 Europa, sondern auch die afrikanischen Kolonien, die
2167 3642 3105 3702 Besitzungen im Nahen und Fernen Osten, Süd¬
2177 3692 3105 3735 amerika, den Pazifischen Raum, in ein reglemen¬
2167 3732 3076 3777 tiertes Wirtschaftssystem einbauen. Sollten die Ver¬
2169 3768 3084 3809 einigten Staaten damit in Konflikt geraten, etwa,
2167 3801 3105 3859 weil sie unter ihrem jetzigen demokratischen System
2167 3843 3075 3888 der natürlichen Tendenz nach Erhöhung des Lebens¬
2167 3879 3105 3934 standards nicht entgegenwirken wollen, und also mit
2167 3917 3105 3968 Japans und Europas Arbeitsmethoden nicht konkur¬
2167 3963 3076 4007 rieren, sondern mit dieser Konkurrenz den Kampf
2167 3992 3105 4057 ausfechten wollen, so wird der unvermeidliche Ant¬
2166 4038 3105 4091 agonismus zutage treten: die Welt der Demokratie
2167 4079 3104 4133 wird sich mit der des totalen Staates nicht friedlich
2167 4112 3082 4162 einigen können. Hitler hat in "Mein Kampf" deut¬
2167 4153 3105 4202 lich gesagt, daß der "Weltfriede" nur unter deutscher
2165 4194 3076 4253 Hegemonie zu verwirklichen sei. Amerika setzt sich
2166 4233 3072 4285 mit dem Gedanken auseinander, daß es diese Hege¬
2166 4270 3105 4344 monie immer noch eindämmen kann, ja, ihr eines
2166 4311 2646 4361 Tages entgegentreten muß.\:p\
