3760 5440
487 120 677 171 Novelle [Schlagwörter: Vergewaltigung, Sexualität, Freundschaft, Krieg, Traum, Jugend]
226 146 930 212 von Annemarie Schwarzenbach.
212 215 995 270 \p\Sie wissen nicht, wie lange sie schon gefahren
165 245 1015 308 sind: es ist Nacht geworden und der Wind weht
167 296 1014 345 kalt über das Wasser. Weißer Schaum spritzt am
161 337 1007 389 Kiel. Kleine Wellen weithin. Das Schiff schwankt,
167 374 696 418 durch ihren Anprall erschüttert.\:p\
213 411 1015 459 \p\Ein Knabe hält das Steuer. Seine Hände sind
161 446 1015 495 kalt und fassen das Holz mit steifem Griff. Zwei
167 497 1015 552 seiner Gefährten stehen neben ihm, mit geschlos¬
167 539 1015 578 senen Lippen. Glanzlose Augen starren in die
160 580 995 628 Dunkelheit. Wären ihre mageren Körper nicht, ihre
161 622 996 659 großen und rauhen Hände, wie nur Jünglinge sie
167 658 1015 706 haben, man würde sie für Männer halten. So
155 696 977 752 glanzlos und hart sind ihre Gesichter.\:p\
208 743 1014 780 \p\Nun beugt sich der Knabe am Steuer vor: man
161 774 1015 819 sieht den Umriß von bewaldeter Küste. Irgendwo
161 818 1015 862 flackert ein Licht. Sie halten darauf zu und lassen
154 864 1015 911 die Segel herunter. Die Taue gehorchen den steif
155 893 607 948 gefrorenen Fingern nicht.\:p\
208 933 1000 987 \p\Die Knaben arbeiten schweigend, verständigen
155 971 1015 1028 sich durch Blick und Gebärde. Dann kommen sie
161 1020 1015 1062 alle ans Land, geben an dem flackernden Licht vor¬
161 1056 1015 1104 bei und folgen dem kleinen, ausgetretenen Pfad,
155 1102 1015 1144 der zum Fischerhaus führt. Harte Fäuste pochen
161 1144 1015 1178 an die Haustüre, aus der Spalte dringt matter
154 1186 1015 1229 Lichtschein. Ein Mann öffnet, steht mißtrauisch:
155 1224 1015 1264 was sie wollen. „Unterkunft für die Nacht“, sagt
155 1264 1015 1313 Erik. Er tritt aus dem Kreis hervor und wieder¬
155 1301 1016 1344 holt es: „Trocken werden wollen wir. — Wir sind
169 1337 272 1369 zehn."\:p\
208 1378 1014 1423 \p\„Zehn — zuviel für einen Mann.“ Der Fischer
155 1423 1016 1455 öffnet ihnen, geht voran in die Stube. Das Feuer
161 1459 1015 1500 im Herd glimmt noch. Aus Wandbetten schauen
155 1501 988 1549 schlaftrunkene Kinder, sehen ängstlich die Fremden
155 1541 1015 1570 an, deren Düsterheit den Raum erfüllt. Die Kna¬
155 1579 1015 1617 ben rücken näher zum Feuer, die Flamme gibt
155 1615 552 1661 ihren Gesichtern Glanz.\:p\
203 1657 982 1709 \p\Der das Steuer führte, Hans der Rothaarige
161 1699 1016 1746 schläft, an die Schulter seines Freundes gelehnt.
161 1743 1015 1780 Gedämpft sprechen die anderen. Wenige Worte.
161 1779 1015 1820 Die stehen wie Figuren zwischen ihnen, sie blicken
149 1819 1014 1857 ihnen nach, bevor sie von anderen abgelöst werden.\:p\
203 1862 1014 1899 \p\Erik ist am Tisch stehen geblieben neben dem
161 1896 1015 1943 mißtrauischen Mann. Er sagt in seiner düsteren
161 1940 1015 1985 Art: „Wir sind arm ... ärmer als Du. Du brauchst
167 1980 1015 2018 keine Furcht zu haben." Dann, sich halb umwen¬
155 2020 1015 2060 dend, sieht er die zerzausten Köpfe der Kinder,
161 2058 1015 2105 geht auf das erste zu — es ist ein Mädchen — und
155 2096 1015 2143 betrachtet es mit demselben unbeweglichen Blick.
161 2138 803 2184 Das Kind verkriecht sich in sein Kissen.\:p\
213 2182 1014 2226 \p\„Deine Kinder?“ fragt er den Mann. Der nickt.
155 2233 1015 2260 „Wir bringen ihnen morgen zu essen, wenn Du
149 2263 1014 2312 willst." Der Mann nickt wieder, zögernd, dann
167 2295 1012 2345 geht er in die Kammer. Einen Augenblick denkt
167 2338 1015 2383 Erik: „Sein Weib wartet auf ihn.“ Dann legt er
149 2387 1015 2425 sich zu den andern, die am Feuer eingeschlafen sind.\:p\
203 2421 1014 2464 \p\Das Feuer ist niedergebrannt, wenige Funken
161 2458 1015 2507 glühen in der Asche. Wie Sterne in der Nacht,
161 2507 1014 2546 oder wie Glühwürmchen. Der Raum ist warm ge¬
161 2538 1015 2587 worden. Erik horcht auf den Atem der Schlafen¬
155 2575 1015 2625 den. Er horcht auf ihre Träume, liest sie von den
155 2614 1006 2673 Gesichtern, deren Züge er im Mondlicht erkennen
160 2656 1014 2697 kann. Da ist Dietrich. Sein langes, bondes Haar
155 2699 1015 2742 bedeckt die Stirne. Hinter der Stirne gehen die
155 2738 1015 2777 Gedanken: sehnsüchtig sind sie. Unruhig bewegt
155 2777 1015 2824 sich der magere Körper. Und stammelnde Lippen
155 2818 403 2871 formen Worte.\:p\
212 2842 1014 2912 \p\„Mutter“ sagt er und wendet den Kopf hin
155 2909 1015 2938 und her. Immer wieder, als ob er irr wäre.
161 2943 1015 2992 „Mutter, Mutter“. Erik streckt die Hand aus,
155 2977 1015 3019 streicht langsam über das lange, wirre Haar, bis
155 3018 523 3074 der Blonde still wird.\:p\
203 3041 982 3100 \p\Wieder lauscht Erik auf die Träume der Kna¬
155 3098 1015 3140 ben. Alle rufen die Mutter. Meine Mutter ist tot.
154 3138 1014 3180 Weit sind die anderen. In den Krieg gezogen mit
155 3178 1015 3227 fremden Männern, von denen sie neue Kinder be¬
161 3224 1014 3270 kommen. Oder sie sind auch umgekommen oder
149 3258 947 3312 weggeschleppt. Keine Mütter warten auf uns.\:p\
202 3293 1014 3345 \p\Still: ihm ist als weine einer. Hans, der ge¬
155 3337 1015 3382 steuert hat. Hans ist noch so jung. Warum weint
160 3376 1015 3423 er? Es klingt wie das Wimmern eines kleinen
155 3415 1015 3465 Hundes. Erik steht auf und beugt sich zu ihm:
161 3460 1015 3504 Hans friert. Er lag mit Eberhart unter einem
167 3493 1015 3541 Mantel. Eberhart, der Große mit dem kühnen
155 3548 1016 3585 Gesicht, an dessen Schulter Hans eingeschlafen war.
155 3574 1015 3622 Jetzt hat er sich im Schlaf zur Seite gedreht. Erik
155 3614 1015 3665 stößt ihn an. „Hans friert", sagt er. Dann geht er
161 3658 659 3708 an seinen Platz zurück.\:p\
197 3699 1014 3743 \p\Eberhart schiebt sich zu dem Jüngeren hinüber,
161 3734 1015 3782 deckt den Mantel über ihn, fühlt, halb im Schlafe
149 3773 1014 3814 schon, wie der fremde Körper sich an seinen war¬
155 3814 1015 3872 men drängt und schmale Arme ihn umschlingen.\:p\
1092 37 1906 108 \p\Die anderen schlafen fest. Wolf und Peter
1039 75 1908 150 brüderlich beieinander, die Arme verschränkt, und
1033 134 1906 181 seitab, noch schwer im Schlaf, Martin, der Pfar¬
1039 162 1906 208 rerssohn. Erik schaut ihm lange ins Gesicht. Er hat
1027 202 1906 245 Furchen wie das eines Mannes. Nur die Stirne
1010 242 1906 311 wölbt sich jünglingshaft über den tiefen Höhlen
1010 279 1221 342 der Augen.\:p\
1092 306 1906 380 \p\Erik sinnt: Martin hat zugesehen, wie sein
1033 360 1908 421 Vater erschlagen wurde, als er die Kirche vor den
1010 420 1906 465 fremden Soldaten schließen wollte. Sie erschlugen
1010 454 1906 500 ihn mit den Kolben ihrer schweren Büchsen, und
1009 483 1906 544 er blieb mit zertrümmertem Schädel auf der
1010 523 1282 578 Straße liegen.\:p\
1080 561 1906 626 \p\Martin schrie, als er ihn sah. Er schrie immer¬
1010 615 1908 660 fort (es war ihm, als müsse er so stehen bleiben[,]
1010 657 1906 696 das Entsetzliche war so nah vor ihm, und er müßte
1033 696 1906 736 schreien, schreien ...), bis eine Frau seinen Arm
1010 719 1906 772 packte und ihn fortzerrte. — Da zog er dann
1010 765 1879 818 herum, und das Entsetzen blieb in seinen Augen
1010 814 1906 868 und in der Nacht sah er es wieder, den zertrüm¬
1010 845 1906 900 merten Kopf und das Blut und er schrie im
1047 900 1169 930 Traum.\:p\
1086 916 1906 969 \p\Erik sah ihn eines Abends, als sie Kartoffeln
1010 967 1906 1017 suchten auf den zerstampften Feldern — sah seine
1010 1011 1906 1065 Augen und nahm ihn mit. In der ersten Nacht —
1009 1053 1906 1104 sie schliefen in einer Scheune — schrie Martin.
1010 1097 1906 1131 Erik setzte sich neben ihn, hielt seinen Kopf auf
1010 1128 1906 1187 den Knien und sprach langsam zu ihm, wie man
1010 1172 1906 1233 zu Kindern spricht: viele zarte Worte, bis Martin
1009 1212 1191 1263 einschlief.\:p\
1074 1240 1906 1309 \p\Seltsam ist die Frau: schön, zart und hilflos.
1016 1232 1021 1283 \del\
1010 1293 1906 1350 Inmitten des großen Getöns, inmitten von Feuer
1021 1338 1906 1387 und erschreckten Pferden. Auf kahlen Feldern
1010 1361 1890 1417 stehen Bauern, weichen den Soldaten aus, die
1010 1421 1906 1466 wüst sind vom Kampf in der Nacht. Die Bauern
1010 1456 1906 1491 haben stumpfe Blicke, wie Tiere, und stumpfer noch.
1027 1489 1906 1538 Die Pferde halten die Köpfe in die Höhe und
1010 1530 1906 1580 haben zitternde Flanken. Ein großer Rauch sind
1010 1581 1906 1614 Höfe und Flecken. Die Knaben halten sich zusam¬
1027 1614 1906 1659 men, sprechen nicht. Sehen Grauen in sich hinein.
1027 1649 1906 1695 Das Grauen ist in ihnen wie Kälte, wie Ver¬
1010 1683 1906 1750 funkenheit. Dumpf macht es und müde. Schwer
1010 1729 1906 1786 wird es zu erkennen, wann der Tag beginnt und
1010 1761 1906 1811 wann die Nacht fällt. Die Sonnenstrahlen sind
1010 1798 1906 1856 ohne Licht und nachts die milden Sterne. Schlimm
1010 1836 1906 1905 sind solche Nächte, Tod fühlbar ringsum. Schwer
1010 1880 1906 1937 von Zeichen sind die Nächte. Oh, und die Freunde
1010 1925 1906 1970 klammern sich aneinander, und Furcht ist in ihnen,
1010 1968 1906 2032 Ahnung und Bangigkeit. So horchen sie in die
1010 2012 1906 2061 langen Nächte, nah sind sich ihre Hände und ihre
1010 2038 1906 2094 Herzen. Wenn sie schlafen, ist Erik allein: Ihn
1010 2091 1866 2148 macht ihre Erschöpfung barmherzig, sein Aus¬
1015 2120 1896 2186 dauern hart, sein Alleinsein sehnsüchtig. Aber
1010 2167 1872 2218 nichts ist in seiner Sehnsucht als Hoffnungslosig¬
1010 2218 1908 2266 keit. Wenn der Tag wach ist, gehen sie weiter, sie
1010 2247 1490 2295 folgen dem großen Getön.\:p\
1068 2271 1906 2346 \p\Einmal winkt ein Haus, groß und grau steht
1010 2320 1906 2383 es, von Park, Bäumen, lichten Wegen ruhevoll
1010 2359 1906 2419 umgeben. Vielleicht sind Soldaten da gewesen über
1010 2403 1906 2460 Nacht. Stroh liegt vor den Scheunen, und die
1010 2438 1906 2488 Straße ist von Hufen und Räderspuren zerrissen.
1010 2492 1906 2539 Die niederen Hütten ringsum scheinen leer. Aber
1010 2523 1906 2576 die lichten Wege führen zwischen Bäumen und
1010 2583 1734 2626 taufeuchten Büschen zum Herrenhaus.\:p\
1074 2596 1906 2665 \p\Da sitzen die Knaben im Hof und sehen zu den
1010 2627 1906 2705 geschlossenen Fenstern auf. Mägde, neugierig und
1010 2691 1906 2739 halb bloß, starren sie an. Niemand sei da, sagen
1010 2729 1906 2765 sie, der Herr sei in den Krieg gezogen, und die
1010 2759 1906 2816 Soldaten hätten die Frau getötet und den kleinen
1021 2816 1906 2857 Herrn, in der letzten Nacht. Eine der Mägde geht
1010 2849 1906 2889 Erik voran in das graue Haus — eine alte Frau.
1010 2890 1906 2942 Erik fragt und weiß, daß die Herrin, mißhandelt
1010 2918 1906 2980 von fremden Händen, noch lebt. Schön ist sie, zart
1010 2977 1883 3018 und hilflos. Erik ist, im Düster des Ganges ver¬
1021 3014 1906 3064 borgen, unter ihrer Türe stehen geblieben. Viele
1021 3032 1906 3102 Kissen liegen unter ihrem Kopf. Von der Decke
1010 3065 1906 3138 heben sich ihre Hände ab, blaß vor Krankheit. Ihr
1892 3114 1908 3150 \del\
1010 3127 1854 3182 Gesicht liegt im Schatten. Die Sonnenstrahlen tan¬
1009 3165 1872 3215 zen auf und ab, auf dem Boden, über das Bett,
1010 3218 1906 3253 vor Eriks Augen. Langsam und geblendet tritt
1027 3241 1906 3299 er in das Zimmer, bleibt wieder stehen, mit be¬
1010 3277 1908 3334 klommenem Atem. Die Frau wendet ihm ihr
1010 3311 1906 3377 Gesicht zu und erwartet sein Näherkommen, gedul¬
1010 3371 1906 3425 dig wie solche, die lange Leiden gewohnt sind oder
1010 3403 1866 3453 dem Tod nahe. Sie ist nicht erschrocken: sein Gang
1010 3446 1866 3496 verrät ihn und seine adelige Gebärde. Auch er¬
1010 3469 1906 3538 schrecken Frauen nicht vor den Gesichtern von
1010 3526 1906 3569 Knaben: ihnen verwandter als der Mann, bringen
1010 3566 1867 3621 sie ihnen die zarte und mütterliche Neigung ihres
1009 3617 1538 3665 eigenen Geschlechtes entgegen.\:p\
1068 3633 1908 3697 \p\Leise beginnt Erik zu fragen. Doch ahnt er,
1010 3683 1908 3734 seine nächtlich geschärften Sinne sind wach in ihm,
1010 3719 1906 3774 die Todgeweihtheit des Raumes. Da schweigt er
1010 3763 1890 3825 wieder, sieht nur ihr Antlitz ihm zugewendet. Ihr
1010 3812 1161 3864 Lächeln.\:p\
1963 46 2781 105 \p\Gewohnt, dem Atem Schlafender zu lauschen,
1911 98 2781 142 sitzt er vorgebeugt am Bett der fremden Frau.
1911 137 2781 177 Seltsam sind solche Wachennächte. Wie lauschst Du
1911 170 2781 218 ängstlich dem Atemzug dunkler Welt um Dich, wie
1911 215 2781 259 suchst Du gespannt Zeichen des Lebendigen: Klein¬
1911 257 2761 303 stes Zucken im Gesicht des anderen macht Dich er¬
1911 297 2781 351 beben. Wie scheu betrachtest Du diese müden und
1911 335 2756 375 blassen Hände, die im Schlafe zittern wie verflo¬
1911 375 2781 425 gene Vögel. Du würdest ihr sanftes Gefieder strei¬
1911 417 2783 464 cheln, um die kleinen Federn zu glätten, doch es
1911 456 2781 501 sind die Hände einer fremden Frau, noch wagst
1911 501 2326 541 Du nicht, sie zu berühren.\:p\
1958 524 2781 580 \p\Nun wird es still in Dir. Mit leisen Flügeln
1911 570 2781 626 wandern Fremde durch das Zimmer, Deine Mut¬
1911 605 2781 658 ter würde Dir sagen, es seien Engel [Komm. zu Motiv], und sie
1911 655 2781 698 würde Dir, kleiner, müder Knabe, ein Lied singen,
1911 678 2781 739 indes Du durch ihre Stimme hindurch noch das
1911 739 2505 784 Flügelrauschen vernehmen könntest.\:p\
1951 751 2781 827 \p\Nun würde Deine Mutter Dich küssen und Du
1911 801 2781 857 könntest sie mit dem Licht hinausgehen sehen. Im
1911 857 2756 893 Gang wandert der Schein auf und ab. Du denkst:
1911 886 2781 944 „Sie geht wie eine Heilige, und das Licht leuchtet
1911 932 2781 985 vor ihr.“ Um Dich, kleiner Knabe, ist Dunkelheit.
1911 959 2783 1021 Gestalten in ihr, die sich um Dich drängen. „Erik",
1911 995 2781 1068 sagen sie, und Du erschricksi vor Deinem Namen.
1911 1053 2781 1104 „Erik, fasse meine Hände, wie kalt sie sind!“ Und
1911 1073 2783 1145 nun fühlst Du diese kalten Hände ganz nahe vor
1911 1113 2781 1183 Deinem Gesicht, und die Stimme auch, und das
1911 1154 2781 1220 Wehen der Flügel betäubt Dich. Schreie doch, Erik,
1911 1217 2737 1259 schreie doch, Dir aber ist, Du müßtest ersticken, und
1911 1254 2749 1299 Du zerrst mit den Fäusten an der Decke — da ist
1911 1293 2756 1338 wieder Stille; und bebend liegst Du in der
1910 1330 2100 1385 Dunkelheit.\:p\
1946 1354 2749 1420 \p\Wie lang ist die Nacht. Kleine verflogene Vögel
1911 1417 2743 1461 sitzen geduckt auf weißen Decken. Sie zittern, wenn
1911 1461 2781 1502 man sie berührt und ihr sanftes Gefieder streichelt.
1911 1494 2756 1534 Aber die todvolle Kälte verglast vor Dir, allmählich
1911 1539 2737 1580 setzt sie sich in Kristallen an den Wänden ab, nur
1911 1575 2781 1615 die Freuden [ev. Satzfehler: Fremden - zu vergleichen mit Typoskript] sind noch da und bedrängen Dich:
1911 1618 2756 1655 aber vielleicht wird Deine Mutter Dich hören. Wie
1911 1653 2737 1697 lange sind keine Frauenhände auf Deiner Stirn
1911 1693 2756 1739 gelegen, kleiner Knabe von einst, traumhaft lächelst
1911 1738 2749 1779 Du, in Dir ist nur große Not zurückgeblieben der
1911 1775 2743 1818 einsamen Nächte. Die Not zittert in Dir wie die
1911 1811 2743 1857 verflogenen Vögel, die Deinem Herzen nahe sind.
1911 1851 2749 1894 Was ist Nacht jetzt, und lauschen auf den Atem
1911 1894 2737 1938 Deiner Knaben — was ist Angst vor Fremden und
1911 1933 2743 1978 was die Qual des Wartens: Nichts ist jetzt als
1911 1972 2761 2019 gelöste Not der Einsamkeit. Du aber weinst auf
1911 2010 2781 2061 diese fremden, süßen Hände, die kleinen Vögeln
1911 2052 2625 2104 gleichen und die Deinem Herzen nahe sind.\:p\
1934 2089 2737 2119 [Leerzeile]
1946 2109 2308 2169 \p\Erik erzählt Dieter:\:p\
1946 2150 2743 2203 \p\„Vor langen Wochen — wieviele Nächte und
1911 2197 2737 2244 Tage vergingen seither — sind wir sehr traurig
1911 2236 2749 2284 gewesen. Die Kanonen erschreckten uns, kahl lagen
1911 2266 2781 2322 die Felder. Wir wußten nicht, wo wir schlafen sollten
1911 2321 2737 2361 und wer uns zu essen geben würde. Niemand kannte
1911 2358 2743 2404 uns. Niemand hatte uns lieb. Weißt Du, wie das ist,
1910 2402 2743 2444 Dieter; keinen Freund zu haben, keinen kleinen
1911 2440 2743 2490 Knaben, der uns fröhlich macht. Winter war es
1911 2475 2743 2523 und kalt die Stürme. Manchmal weinten die
1911 2521 2731 2561 anderen im Schlaf. Und ich konnte ihre Gesichter
1911 2559 2737 2604 nicht mehr ertragen, die hart waren von zurück¬
1911 2597 2737 2644 gedrängten Schmerzen. Das Land, durch das wir
1911 2642 2743 2685 gingen, war ein großer, jammervoller Friedhof
1911 2679 2743 2719 des Krieges, und wir sahen Frauen, die ihre
1911 2716 2749 2762 Kinder verloren hatten, und Kinder sahen wir, die
1911 2757 2756 2802 krochen elend und verhungert wie Tiere vor ver¬
1911 2799 2749 2838 lassenen Türen. Manchmal konnten wir einem von
1911 2836 2737 2882 ihnen helfen, aber niemand half uns, und ich sah
1911 2875 2756 2921 doch das Elend in den Augen der anderen. Und
1911 2916 2552 2965 in den Nächten wurde Grauen daraus.\:p\
1946 2948 2749 2994 \p\Ich glaube, Dieter, das Grauen hätte uns ge¬
1911 2989 2781 3038 tötet. — Da sind wir zu Deiner Mutter gekommen.
1911 3036 2761 3085 Klein war sie, zart und hilflos, und gut, wie keine
1911 3083 2749 3123 andere Frau. Dieter, zu ihr zu kommen, war eine
1911 3116 2075 3166 Seligkeit!\:p\
1946 3138 2756 3193 \p\Erinnerst Du Dich, wie krank sie war und wie
1911 3195 2743 3242 Du weintest, als man Dich zu ihr brachte. Rohe
1911 3241 2737 3287 Männer haben sie krank gemacht, grobe und häß¬
1911 3275 2781 3326 liche Hände haben sie getötet. Du warst ein süßes
1911 3316 2749 3359 Kind, Dieter, neben ihrem Bett standest Du und
1911 3354 2756 3401 legtest Deine kleinen Arme um ihren Hals. Um sie
1911 3403 2743 3443 zu küssen, mußtest Du Dich auf die Zehenspitzen
1911 3437 2749 3484 heben und Dich vorbeugen, so daß Dein blondes
1911 3475 2749 3529 Haar über Deine Augen fiel. Dann nahmst Du
1911 3520 2743 3558 einen Sessel (viel zu schwer war er für Dich, und
1911 3551 2781 3596 ich mußte Dir helfen, ihn neben das Bett zu schie¬
1911 3596 2743 3637 ben), Deine Hände hieltest Du auf die Armlehnen
1911 3636 2756 3682 gestützt und Dein blasses, kleines Gesicht war ernst
1911 3678 2756 3726 und voller Tränenspuren: Hast Du denn gewußt,
1911 3719 2558 3759 wie es ist, Deine Mutter zu verlieren?\:p\
1958 3746 2613 3804 \p\Ach Dieter, wir wußten es beide nicht.\:p\
1958 3786 2781 3844 \p\Das Leben kam als ein Erwachen am frühen
1911 3832 2756 3877 Morgen, ein Vogelsingen war es und glückhaftes
1911 3877 2749 3920 Ausschreiten auf duftendem Boden. Auf Sonnen¬
1911 3918 2749 3960 strahlen tanzte es durch das lichte Grün und malte
1911 3955 2781 3997 Flecken zwischen den Bäumen. Das Leben waren
1915 3997 2756 4040 murmelnde Quellen in Silberhelle, und Tiere, die
1911 4039 2743 4081 schlank zwischen hohen Stämmen gingen. Auch
1911 4072 2756 4120 Blumen waren da, sie erblühten auf frühlings¬
1911 4119 2756 4165 haften Wiesen, noch waren sie matt vom Winter,
1911 4156 2781 4209 und ihr schüchternes Grün war wie erste Farbe
1911 4198 2756 4242 auf dem Antlitz eines Genesenden. Ein großes
1911 4236 2756 4286 Lächeln war über die Welt gebreitet, und sein
1911 4276 2745 4318 Spiegel waren die Augen des Knaben Dieter.
1911 4310 2781 4356 Seine kleinen Hände waren voll von den früh¬
1911 4355 2749 4401 lingshaften Blumen und seine Stimme klang vom
1911 4396 2781 4439 Vogelsingen im frühen Wald, ein schüchternes
1911 4438 2761 4481 Tanzen erster Sonnenstrahlen war seine Fröh¬
1911 4476 2034 4525 lichkeit.\:p\
1952 4509 2750 4566 \p\Nun sind die Nächte hell und warm geworden,
1911 4555 2749 4602 die Erde duftet von Luft und Blüten. Fern, ein
1911 4596 2756 4637 wüster Traum, sind Krieg, scheue Pferde und er¬
1911 4637 2745 4678 schlagene Frauen. In stille Länder sind sie ge¬
1911 4681 2781 4718 kommen, wo Felder blühen und Kinder singen.
1911 4715 2749 4758 Mütter haben den fremden Knaben die Türe ge¬
1911 4757 2781 4793 öffnet, an schweren Tischen sind sie gesessen und
1911 4797 2756 4841 haben sich satt gegessen. Wie könnten sie nicht in
1911 4838 2781 4868 Güte empfangen werden, denn Dieter ist ja mit
1911 4876 2690 4921 ihnen, der ein Spiegel des großen Lächelns ist.\:p\
1923 4908 2731 4939 [Leerzeile]
1946 4934 2756 4986 \p\Dieter ist krank. [Kommentaranker]Das Fieber hat ihn ergriffen,
1911 4970 2756 5024 welches nach dem großen Krieg durch Städte und
1911 5019 2781 5063 Landschaft rast [Kommentar: Passt weniger zum 30-jährigen Krieg des Ts als zum 1. WK]. Der kleine Körper, erbarmungslos
1911 5058 2756 5110 von Froft und Hitze geschüttelt, verbraucht sich
1911 5103 2493 5147 rasch in ohnmächtigem Widerstand.\:p\
1946 5127 2783 5189 \p\Nach sechs Tagen kündigt sich, mit plötzlicher
1926 5187 2753 5221 Ruhe, scheinbare Besserung an. Dieter liegt unsag¬
1948 5230 2763 5263 bar blaß, unsagbar schmal, auf dem breiten
2766 36 3614 92 Bauernbett. Seine großen und glanzvollen Augen
2767 92 3615 142 blicken, aus anderer Welt, zu den Gefährten, die
2766 134 3615 175 ihm stumm zulächeln — bleiben dann an Erik
2767 171 3621 217 hängen, der fassungslos die kranken kleinen Hände
2767 213 3203 265 mit seinen Tränen netzt.\:p\
2818 240 3460 307 \p\— — In derselben Nacht stirbt Dieter.\:p\
2818 288 3616 343 \p\Herbst. Graue Nebel hängen tief über dem
2767 323 3621 386 Land und hüllen es in trauervolles Düster. Wenn
2767 370 3615 418 Erik erwacht, durchkältet und einsam am nieder¬
2767 411 3615 459 gebrannten Feuer, durchwandern ihn trostlos
2767 457 3610 492 immer gleiche Gedanken. Die Blumen in Dieters
2770 496 3615 541 Händen sind verwelkt. Die Sonnenstrahlen, die
2767 533 3616 579 über seinem Lächeln tanzten, sind gestorben. Mit
2767 573 3621 626 ihm fortgegangen vielleicht. Eine endlose Weite ist
2767 611 3621 663 die Welt. „Wer erwartet uns“, denkt Erik. Und
2767 657 3621 703 Schmerzen sind in seinem Körper, sie dringen bis
2767 694 3509 733 an sein Herz — oder kommen sie daraus —.\:p\
2824 727 3616 786 \p\Manchmal ergreift ihn die Lust, zu weinen.
2767 770 3615 814 Das Schluchzen drängt in ihm. Aber wer würde
2767 812 3538 858 ihn trösten. Es wäre besser, liegen zu bleiben.\:p\
2830 855 3616 904 \p\Der Tag beginnt, die Gefährten erwachen.
2767 888 3615 939 Dietrich mit dem blonden Haar, und Martin der
2767 932 3615 971 Pfarrerssohn, — dann Eberhart und Hans, der
2767 973 3621 1028 in seinem Schutz geschlafen hat. Erik steht wartend
2767 1011 3621 1052 an einen Baum gelehnt. Langsam betrachtet er die
2767 1042 3621 1104 Gesichter der Knaben: wie blaß und ernst und
2767 1091 3621 1141 verhalten sie sind. — Nun geben sie sich die Hände
2767 1132 3621 1174 zum Morgengruß. Erik denkt: Unsere Hände lieben
2767 1172 3621 1225 sich. Dann gehen sie. Langsam gehen sie durch den
2780 1216 3084 1271 Nebel, ohne Hast.\:p\
