<?xml version="1.0" encoding="UTF-8"?>
<validation-wrapper>
   <PcGts xmlns="http://schema.primaresearch.org/PAGE/gts/pagecontent/2013-07-15"
          xmlns:xsi="http://www.w3.org/2001/XMLSchema-instance"
          xsi:schemaLocation="http://schema.primaresearch.org/PAGE/gts/pagecontent/2013-07-15 http://schema.primaresearch.org/PAGE/gts/pagecontent/2013-07-15/pagecontent.xsd">
      <Metadata>
         <Creator>prov=READ-COOP:name=TrHtr:version=2.20.0:model_id=51170:date=10_02_2025_13:22</Creator>
         <Created>2025-02-10T13:18:47.773+01:00</Created>
         <LastChange>2025-06-02T09:08:35.859+02:00</LastChange>
         <TranskribusMetadata docId="6814230"
                              pageId="91307039"
                              pageNr="1"
                              tsid="227692405"
                              status="IN_PROGRESS"
                              userId="295818"
                              imgUrl="https://files.transkribus.eu/Get?id=WJZWAZLHBXQVOKPIKJNJQFPZ&amp;fileType=view"
                              xmlUrl="https://files.transkribus.eu/Get?id=KTBSEYRFHIDJMWMKFYQITHDW"
                              imageId="76165514"/>
      </Metadata>
      <Page imageFilename="smallform_0199_001.jpg"
            imageWidth="3780"
            imageHeight="5669">
         <ReadingOrder>
            <OrderedGroup id="ro_1748848115859" caption="Regions reading order">
               <RegionRefIndexed index="0" regionRef="r"/>
               <RegionRefIndexed index="1" regionRef="r_2"/>
               <RegionRefIndexed index="2" regionRef="r_3"/>
               <RegionRefIndexed index="3" regionRef="r_4"/>
            </OrderedGroup>
         </ReadingOrder>
         <TextRegion id="r" custom="readingOrder {index:0;}">
            <Coords points="119,3725 875,3725 875,4900 119,4900"/>
            <TextLine id="r_tl_1" custom="readingOrder {index:0;}">
               <Coords points="236,3800 513,3805 544,3790 683,3812 752,3790 753,3746 557,3740 495,3761 473,3745 237,3749"/>
               <Baseline points="241,3788 262,3785 307,3785 352,3785 397,3782 441,3782 486,3782 531,3782 576,3782 620,3782 665,3782 710,3782 755,3782"/>
               <TextEquiv>
                  <Unicode>Jenseits von New York.</Unicode>
               </TextEquiv>
            </TextLine>
            <TextLine id="r_tl_2" custom="readingOrder {index:1;}">
               <Coords points="165,3866 830,3874 823,3824 541,3846 412,3814 323,3845 165,3826"/>
               <Baseline points="170,3859 214,3859 259,3859 304,3862 349,3862 394,3859 438,3862 483,3862 528,3862 573,3862 617,3859 662,3859 707,3859 752,3859 797,3859 832,3862"/>
               <TextEquiv>
                  <Unicode>Dr. Annemarie \g\Clark–Schwarzenbach\:g\.</Unicode>
               </TextEquiv>
            </TextLine>
            <TextLine id="r_tl_3" custom="readingOrder {index:2;}">
               <Coords points="168,3907 873,3908 873,3877 798,3869 168,3872"/>
               <Baseline points="173,3898 191,3895 235,3895 280,3898 325,3898 370,3898 414,3898 459,3898 504,3898 549,3898 594,3898 638,3898 683,3898 728,3898 773,3895 817,3895 862,3895 875,3895"/>
               <TextEquiv>
                  <Unicode>\p\„Hollandtunnel" heißt der dunkel–feuchte, lau tem¬</Unicode>
               </TextEquiv>
            </TextLine>
            <TextLine id="r_tl_4" custom="readingOrder {index:3;}">
               <Coords points="138,3932 873,3936 841,3903 138,3904"/>
               <Baseline points="143,3925 188,3925 232,3925 277,3928 322,3928 367,3928 411,3928 456,3931 501,3931 546,3931 591,3928 635,3928 680,3925 725,3928 770,3925 814,3925 859,3928 874,3925 875,3925"/>
               <TextEquiv>
                  <Unicode>perierte, von grünen Warnungssignalen und weißen</Unicode>
               </TextEquiv>
            </TextLine>
            <TextLine id="r_tl_5" custom="readingOrder {index:4;}">
               <Coords points="141,3961 873,3969 849,3931 141,3932"/>
               <Baseline points="146,3952 191,3955 235,3955 280,3958 325,3958 370,3958 414,3961 459,3958 504,3958 549,3958 594,3958 638,3958 683,3955 728,3955 773,3955 817,3955 862,3955 874,3955 875,3955"/>
               <TextEquiv>
                  <Unicode>Lampen erhellte Gang, der den Autofahrer aus der</Unicode>
               </TextEquiv>
            </TextLine>
            <TextLine id="r_tl_6" custom="readingOrder {index:5;}">
               <Coords points="141,3989 873,3994 873,3969 824,3962 141,3961"/>
               <Baseline points="146,3985 191,3985 235,3985 280,3988 325,3988 370,3988 414,3991 459,3988 504,3991 549,3988 594,3988 638,3988 683,3988 728,3985 773,3988 817,3985 862,3988 865,3985 875,3985"/>
               <TextEquiv>
                  <Unicode>Riesenstadt New York unter dem Hudsonfluß hin¬</Unicode>
               </TextEquiv>
            </TextLine>
            <TextLine id="r_tl_7" custom="readingOrder {index:6;}">
               <Coords points="144,4018 873,4024 866,3992 558,4011 144,3989"/>
               <Baseline points="149,4015 194,4015 238,4018 283,4018 328,4018 373,4018 417,4021 462,4018 507,4021 552,4021 597,4021 641,4018 686,4018 731,4015 776,4018 820,4015 865,4015 868,4015 875,4015"/>
               <TextEquiv>
                  <Unicode>durch ans andere Ufer führt. Hupen ist nicht er¬</Unicode>
               </TextEquiv>
            </TextLine>
            <TextLine id="r_tl_8" custom="readingOrder {index:7;}">
               <Coords points="144,4047 873,4063 873,4024 846,4021 144,4018"/>
               <Baseline points="149,4042 194,4045 238,4048 283,4048 328,4048 373,4048 417,4050 462,4050 507,4050 552,4050 597,4048 641,4048 686,4048 731,4048 776,4045 820,4045 865,4050 868,4050 875,4049"/>
               <TextEquiv>
                  <Unicode>laubt, der Lärm der Straßenschluchten verstummt,</Unicode>
               </TextEquiv>
            </TextLine>
            <TextLine id="r_tl_9" custom="readingOrder {index:8;}">
               <Coords points="141,4080 873,4087 873,4060 841,4054 141,4050"/>
               <Baseline points="146,4071 191,4071 235,4077 280,4077 325,4077 370,4077 414,4080 459,4080 504,4077 549,4080 594,4080 638,4077 683,4077 728,4077 773,4077 817,4074 862,4077 865,4074 875,4075"/>
               <TextEquiv>
                  <Unicode>die Sirenen der Schiffe werden verschluckt im</Unicode>
               </TextEquiv>
            </TextLine>
            <TextLine id="r_tl_10" custom="readingOrder {index:9;}">
               <Coords points="145,4114 874,4115 873,4087 804,4083 488,4100 144,4076"/>
               <Baseline points="149,4104 194,4104 238,4104 283,4107 328,4107 373,4110 417,4107 462,4110 507,4110 552,4107 597,4107 641,4107 686,4107 731,4107 776,4107 820,4104 865,4107 875,4107"/>
               <TextEquiv>
                  <Unicode>Strom, der sich über die gewölbte Decke des Tun¬</Unicode>
               </TextEquiv>
            </TextLine>
            <TextLine id="r_tl_11" custom="readingOrder {index:10;}">
               <Coords points="147,4138 872,4142 872,4116 147,4112"/>
               <Baseline points="152,4131 197,4134 241,4137 286,4137 331,4140 376,4137 420,4140 465,4140 510,4140 555,4140 600,4140 644,4137 689,4137 734,4137 779,4137 823,4137 868,4134 874,4134"/>
               <TextEquiv>
                  <Unicode>nels wälzt, und das gleichmäßige Summen der</Unicode>
               </TextEquiv>
            </TextLine>
            <TextLine id="r_tl_12" custom="readingOrder {index:11;}">
               <Coords points="147,4169 869,4176 869,4144 843,4141 301,4161 147,4139"/>
               <Baseline points="152,4164 197,4164 241,4164 286,4167 331,4170 376,4170 420,4170 465,4170 510,4170 555,4170 600,4167 644,4170 689,4167 734,4167 779,4164 823,4167 868,4167 871,4164 875,4169"/>
               <TextEquiv>
                  <Unicode>Automobile wirkt beinahe wie Stille. Man taucht</Unicode>
               </TextEquiv>
            </TextLine>
            <TextLine id="r_tl_13" custom="readingOrder {index:12;}">
               <Coords points="141,4199 866,4203 859,4174 372,4191 141,4165"/>
               <Baseline points="146,4191 191,4194 235,4194 280,4197 325,4197 370,4200 414,4200 459,4200 504,4200 549,4200 594,4200 638,4197 683,4197 728,4197 773,4197 817,4194 862,4194 868,4194"/>
               <TextEquiv>
                  <Unicode>unter, dahin wo es den Unterschied von Tag und</Unicode>
               </TextEquiv>
            </TextLine>
            <TextLine id="r_tl_14" custom="readingOrder {index:13;}">
               <Coords points="141,4228 842,4240 842,4205 814,4201 302,4218 141,4200"/>
               <Baseline points="146,4224 191,4224 235,4227 280,4227 325,4230 370,4230 414,4230 459,4230 504,4230 549,4230 594,4230 638,4230 683,4227 728,4227 773,4227 894,4222 844,4227"/>
               <TextEquiv>
                  <Unicode>Nacht nicht mehr gibt. Im selben Augenblick ist</Unicode>
               </TextEquiv>
            </TextLine>
            <TextLine id="r_tl_15" custom="readingOrder {index:14;}">
               <Coords points="147,4258 873,4264 873,4235 839,4231 581,4252 147,4234"/>
               <Baseline points="152,4253 197,4251 241,4256 286,4256 331,4256 376,4259 420,4259 465,4259 510,4259 555,4259 600,4259 644,4256 689,4256 734,4256 779,4256 823,4256 865,4256 875,4256"/>
               <TextEquiv>
                  <Unicode>man gefangen und entwaffnet; es gibt kein Zurück</Unicode>
               </TextEquiv>
            </TextLine>
            <TextLine id="r_tl_16" custom="readingOrder {index:15;}">
               <Coords points="147,4291 873,4296 873,4263 147,4257"/>
               <Baseline points="152,4280 197,4280 241,4283 286,4286 331,4289 376,4289 420,4289 465,4289 510,4289 555,4289 600,4289 644,4289 689,4289 734,4286 779,4286 823,4286 868,4286 871,4283 875,4283"/>
               <TextEquiv>
                  <Unicode>und kein Halten und keine andere Wahl, als den</Unicode>
               </TextEquiv>
            </TextLine>
            <TextLine id="r_tl_17" custom="readingOrder {index:16;}">
               <Coords points="147,4320 873,4328 873,4296 848,4293 147,4291"/>
               <Baseline points="152,4310 197,4313 241,4313 286,4316 331,4319 376,4319 420,4319 465,4319 510,4319 555,4319 600,4319 644,4319 689,4316 734,4316 779,4316 823,4316 868,4319 875,4318"/>
               <TextEquiv>
                  <Unicode>grünen Lichtern und weißen Pfeilen zu folgen, ein</Unicode>
               </TextEquiv>
            </TextLine>
            <TextLine id="r_tl_18" custom="readingOrder {index:17;}">
               <Coords points="144,4349 873,4354 845,4322 144,4322"/>
               <Baseline points="149,4340 194,4340 238,4343 283,4346 328,4346 373,4349 417,4349 462,4349 507,4349 552,4349 597,4349 641,4349 686,4349 731,4346 776,4346 820,4346 865,4346 874,4346 875,4346"/>
               <TextEquiv>
                  <Unicode>Glied in der Kette der Wagen. Und wie der Fuchs</Unicode>
               </TextEquiv>
            </TextLine>
            <TextLine id="r_tl_19" custom="readingOrder {index:18;}">
               <Coords points="144,4371 549,4400 873,4385 873,4354 144,4349"/>
               <Baseline points="149,4370 194,4373 238,4376 283,4376 328,4379 373,4379 417,4379 462,4379 507,4379 552,4379 597,4379 641,4379 686,4379 731,4379 776,4376 820,4376 865,4376 871,4373 875,4373"/>
               <TextEquiv>
                  <Unicode>in Franz Kafkas traumdeutender Erzählung, der in</Unicode>
               </TextEquiv>
            </TextLine>
            <TextLine id="r_tl_20" custom="readingOrder {index:19;}">
               <Coords points="144,4407 873,4415 873,4385 839,4379 304,4398 144,4371"/>
               <Baseline points="149,4400 194,4403 238,4403 283,4406 328,4409 373,4409 417,4409 462,4412 507,4409 552,4409 597,4409 641,4409 686,4409 731,4409 776,4409 820,4406 865,4406 874,4406 875,4406"/>
               <TextEquiv>
                  <Unicode>seinem Bau das Ohr an die Wand legt und plötz¬</Unicode>
               </TextEquiv>
            </TextLine>
            <TextLine id="r_tl_21" custom="readingOrder {index:20;}">
               <Coords points="138,4429 355,4455 873,4448 873,4415 830,4412 138,4410"/>
               <Baseline points="143,4427 188,4430 232,4433 277,4436 322,4439 367,4439 411,4439 456,4439 501,4439 546,4439 591,4439 635,4439 680,4439 725,4439 770,4439 814,4436 859,4436 868,4439 875,4438"/>
               <TextEquiv>
                  <Unicode>lich jenseits ein leises Geräusch vernimmt: den</Unicode>
               </TextEquiv>
            </TextLine>
            <TextLine id="r_tl_22" custom="readingOrder {index:21;}">
               <Coords points="141,4465 284,4489 873,4476 851,4442 589,4463 140,4434"/>
               <Baseline points="146,4459 191,4459 235,4462 280,4465 325,4468 370,4468 414,4468 459,4468 504,4471 549,4468 594,4471 638,4468 683,4468 728,4468 773,4468 817,4465 862,4465 871,4465 875,4465"/>
               <TextEquiv>
                  <Unicode>Nachbarfuchs in seiner Höhle –, so hört man, wäh¬</Unicode>
               </TextEquiv>
            </TextLine>
            <TextLine id="r_tl_23" custom="readingOrder {index:22;}">
               <Coords points="144,4493 419,4517 873,4505 866,4474 284,4489 144,4466"/>
               <Baseline points="149,4489 194,4489 238,4495 283,4495 328,4498 373,4498 417,4498 462,4498 507,4498 552,4498 597,4501 641,4498 686,4498 731,4498 776,4495 820,4495 865,4495 875,4495"/>
               <TextEquiv>
                  <Unicode>rend man gleichmäßig dahinrollt, ein verwandtes</Unicode>
               </TextEquiv>
            </TextLine>
            <TextLine id="r_tl_24" custom="readingOrder {index:23;}">
               <Coords points="144,4522 436,4546 873,4535 854,4502 294,4516 144,4494"/>
               <Baseline points="149,4519 194,4519 238,4522 283,4525 328,4525 373,4528 417,4528 462,4531 507,4528 552,4531 597,4531 641,4528 686,4528 731,4528 776,4525 820,4525 865,4528 868,4528 875,4528"/>
               <TextEquiv>
                  <Unicode>und gleichmäßiges Summen jenseits der Tunnelwand:</Unicode>
               </TextEquiv>
            </TextLine>
            <TextLine id="r_tl_25" custom="readingOrder {index:24;}">
               <Coords points="145,4555 395,4577 874,4565 852,4534 496,4550 144,4527"/>
               <Baseline points="149,4546 194,4549 238,4552 283,4555 328,4558 373,4558 417,4558 462,4561 507,4561 552,4558 597,4561 641,4558 686,4558 731,4558 776,4558 820,4555 865,4555 875,4555"/>
               <TextEquiv>
                  <Unicode>die Kette der Wagen, die auf paralleler Bahn, aber</Unicode>
               </TextEquiv>
            </TextLine>
            <TextLine id="r_tl_26" custom="readingOrder {index:25;}">
               <Coords points="150,4598 839,4593 839,4568 150,4555"/>
               <Baseline points="155,4579 200,4579 244,4582 289,4585 334,4588 379,4588 423,4588 468,4588 513,4588 558,4588 603,4588 647,4588 692,4591 737,4588 782,4588 826,4585 841,4585"/>
               <TextEquiv>
                  <Unicode>in umgekehrter Richtung den Strom durchqueren.\:p\</Unicode>
               </TextEquiv>
            </TextLine>
            <TextLine id="r_tl_27" custom="readingOrder {index:26;}">
               <Coords points="168,4615 873,4624 873,4595 848,4593 451,4609 168,4590"/>
               <Baseline points="173,4609 217,4609 262,4612 307,4615 352,4618 397,4618 441,4618 486,4621 531,4621 576,4621 620,4618 665,4621 710,4618 755,4618 800,4618 844,4615 875,4615"/>
               <TextEquiv>
                  <Unicode>\p\New York versinkt: die Vision des gigantischen</Unicode>
               </TextEquiv>
            </TextLine>
            <TextLine id="r_tl_28" custom="readingOrder {index:27;}">
               <Coords points="144,4640 873,4662 872,4624 143,4614"/>
               <Baseline points="149,4636 194,4639 238,4642 283,4645 328,4648 373,4648 417,4651 462,4648 507,4651 552,4648 597,4648 641,4648 686,4648 731,4648 776,4648 820,4648 865,4645 874,4645 875,4645"/>
               <TextEquiv>
                  <Unicode>Babylon, dessen Türme aus dem Meer emporwach¬</Unicode>
               </TextEquiv>
            </TextLine>
            <TextLine id="r_tl_29" custom="readingOrder {index:28;}">
               <Coords points="147,4673 874,4690 846,4653 415,4666 147,4643"/>
               <Baseline points="152,4668 197,4668 241,4671 286,4674 331,4677 376,4677 420,4677 465,4677 510,4680 555,4680 600,4680 644,4680 689,4680 734,4677 779,4677 823,4677 868,4677 875,4675"/>
               <TextEquiv>
                  <Unicode>sen. Und es ist kein Zufall, daß gespenstische, lang¬</Unicode>
               </TextEquiv>
            </TextLine>
            <TextLine id="r_tl_30" custom="readingOrder {index:29;}">
               <Coords points="147,4704 873,4716 873,4689 832,4683 443,4697 147,4673"/>
               <Baseline points="152,4698 197,4698 241,4701 286,4704 331,4707 376,4707 420,4710 465,4710 510,4710 555,4710 600,4710 644,4710 689,4710 734,4710 779,4707 823,4707 868,4707 871,4704 875,4704"/>
               <TextEquiv>
                  <Unicode>sam in den Nebel des Hudson gleitende Fähren oder</Unicode>
               </TextEquiv>
            </TextLine>
            <TextLine id="r_tl_31" custom="readingOrder {index:30;}">
               <Coords points="147,4735 873,4749 864,4714 466,4730 147,4704"/>
               <Baseline points="152,4725 197,4728 241,4731 286,4734 331,4737 376,4737 420,4737 465,4737 510,4737 555,4737 600,4740 644,4737 689,4740 734,4737 779,4737 823,4737 868,4734 875,4734"/>
               <TextEquiv>
                  <Unicode>der Unterwassertunnel uns hinaus- und hinüber¬</Unicode>
               </TextEquiv>
            </TextLine>
            <TextLine id="r_tl_32" custom="readingOrder {index:31;}">
               <Coords points="150,4761 465,4787 874,4775 850,4742 524,4758 150,4734"/>
               <Baseline points="155,4752 200,4758 244,4761 289,4764 334,4767 379,4770 423,4770 468,4770 513,4770 558,4770 603,4770 647,4770 692,4770 737,4770 782,4767 826,4767 871,4764 875,4764"/>
               <TextEquiv>
                  <Unicode>führen, es ist kein Zufall, daß dies alles dumpfe</Unicode>
               </TextEquiv>
            </TextLine>
            <TextLine id="r_tl_33" custom="readingOrder {index:32;}">
               <Coords points="153,4789 329,4814 873,4810 873,4778 834,4774 438,4787 153,4762"/>
               <Baseline points="158,4782 202,4788 247,4791 292,4794 337,4797 382,4797 426,4797 471,4797 516,4800 561,4800 606,4800 650,4800 695,4800 740,4800 785,4797 829,4797 871,4797 875,4796"/>
               <TextEquiv>
                  <Unicode>Traumatmosphäre ist – denn drüben, in Jersey,</Unicode>
               </TextEquiv>
            </TextLine>
            <TextLine id="r_tl_34" custom="readingOrder {index:33;}">
               <Coords points="147,4829 874,4841 873,4810 844,4804 321,4816 147,4787"/>
               <Baseline points="152,4818 197,4815 241,4821 286,4824 331,4827 376,4827 420,4830 465,4830 510,4830 555,4830 600,4827 644,4830 689,4830 734,4830 779,4827 823,4827 868,4827 875,4826"/>
               <TextEquiv>
                  <Unicode>Hoboken und Newark, ist New York nicht zu Ende,</Unicode>
               </TextEquiv>
            </TextLine>
            <TextLine id="r_tl_35" custom="readingOrder {index:34;}">
               <Coords points="141,4859 289,4889 873,4869 873,4838 841,4834 141,4835"/>
               <Baseline points="146,4845 191,4845 235,4851 280,4854 325,4857 370,4859 414,4857 459,4859 504,4859 549,4859 594,4859 638,4862 683,4862 728,4859 773,4859 817,4857 862,4857 875,4857"/>
               <TextEquiv>
                  <Unicode>und die Ausfahrt ist keine Befreiung: dort ist die</Unicode>
               </TextEquiv>
            </TextLine>
            <TextEquiv>
               <Unicode/>
            </TextEquiv>
         </TextRegion>
         <TextRegion id="r_2" custom="readingOrder {index:1;}">
            <Coords points="885,3739 1646,3739 1646,4894 885,4894"/>
            <TextLine id="r_2_tl_1" custom="readingOrder {index:0;}">
               <Coords points="899,3756 1644,3754 1632,3716 899,3714"/>
               <Baseline points="904,3746 907,3743 952,3743 997,3743 1041,3743 1086,3743 1131,3743 1176,3743 1220,3743 1265,3743 1310,3743 1355,3743 1400,3743 1444,3743 1489,3743 1534,3743 1579,3743 1623,3746 1646,3745"/>
               <TextEquiv>
                  <Unicode>Hinterbühne, der Gürtel, die grausige Wirklichkeit</Unicode>
               </TextEquiv>
            </TextLine>
            <TextLine id="r_2_tl_2" custom="readingOrder {index:1;}">
               <Coords points="884,3791 1644,3788 1644,3753 884,3760"/>
               <Baseline points="889,3779 928,3776 973,3773 1017,3776 1062,3776 1107,3776 1152,3773 1197,3773 1241,3773 1286,3773 1331,3776 1376,3773 1420,3773 1465,3773 1510,3773 1555,3776 1600,3773 1644,3776 1646,3776"/>
               <TextEquiv>
                  <Unicode>jener Vision einer „übermenschlichen Stadt“, als die</Unicode>
               </TextEquiv>
            </TextLine>
            <TextLine id="r_2_tl_3" custom="readingOrder {index:2;}">
               <Coords points="884,3813 1644,3813 1631,3783 1426,3775 884,3791"/>
               <Baseline points="889,3806 925,3806 970,3803 1014,3806 1059,3803 1104,3803 1149,3806 1194,3803 1238,3803 1283,3806 1328,3806 1373,3803 1417,3803 1462,3803 1507,3803 1552,3803 1597,3806 1641,3803 1646,3802"/>
               <TextEquiv>
                  <Unicode>man New York mit ästhetischem Entschluß betrach¬</Unicode>
               </TextEquiv>
            </TextLine>
            <TextLine id="r_2_tl_4" custom="readingOrder {index:3;}">
               <Coords points="884,3841 1644,3844 1644,3813 884,3814"/>
               <Baseline points="889,3833 934,3836 979,3836 1023,3836 1068,3836 1113,3836 1158,3836 1203,3833 1247,3833 1292,3836 1337,3836 1382,3833 1426,3836 1471,3836 1516,3836 1561,3836 1606,3836 1632,3836 1646,3834"/>
               <TextEquiv>
                  <Unicode>ten kann. Garten und Obsthaine, Wälder und grüne</Unicode>
               </TextEquiv>
            </TextLine>
            <TextLine id="r_2_tl_5" custom="readingOrder {index:4;}">
               <Coords points="890,3871 1619,3873 1619,3851 1537,3843 890,3842"/>
               <Baseline points="895,3865 940,3865 985,3862 1029,3865 1074,3865 1119,3865 1164,3862 1209,3862 1253,3865 1298,3862 1343,3862 1388,3865 1432,3865 1477,3865 1522,3865 1567,3865 1612,3865 1620,3865"/>
               <TextEquiv>
                  <Unicode>Auen luden einst die Städter zum Osterspaziergang</Unicode>
               </TextEquiv>
            </TextLine>
            <TextLine id="r_2_tl_6" custom="readingOrder {index:5;}">
               <Coords points="880,3902 1644,3906 1618,3873 880,3885"/>
               <Baseline points="885,3895 889,3895 934,3895 979,3895 1023,3892 1068,3895 1113,3895 1158,3895 1203,3895 1247,3895 1292,3895 1337,3895 1382,3895 1426,3895 1471,3895 1516,3892 1561,3895 1606,3898 1635,3898 1646,3908"/>
               <TextEquiv>
                  <Unicode>ein; New York aber, diese „Idee einer Stadt“, diese</Unicode>
               </TextEquiv>
            </TextLine>
            <TextLine id="r_2_tl_7" custom="readingOrder {index:6;}">
               <Coords points="880,3946 1636,3942 1636,3909 1563,3895 1460,3916 880,3903"/>
               <Baseline points="885,3925 895,3925 940,3925 985,3925 1029,3925 1074,3925 1119,3925 1164,3925 1209,3925 1253,3925 1298,3925 1343,3925 1388,3925 1432,3925 1477,3922 1522,3925 1567,3925 1612,3928 1638,3928 1646,3941"/>
               <TextEquiv>
                  <Unicode>steinerne Monstruosität, deren von den Menschen zu</Unicode>
               </TextEquiv>
            </TextLine>
            <TextLine id="r_2_tl_8" custom="readingOrder {index:7;}">
               <Coords points="880,3956 1630,3967 1630,3940 1464,3928 880,3945"/>
               <Baseline points="885,3955 895,3955 940,3955 985,3955 1029,3955 1074,3958 1119,3955 1164,3955 1209,3955 1253,3955 1298,3955 1343,3955 1388,3955 1432,3955 1477,3955 1522,3955 1567,3955 1612,3955 1632,3955"/>
               <TextEquiv>
                  <Unicode>ihrer Bequemlichkeit erfundener Verkehr heute schon</Unicode>
               </TextEquiv>
            </TextLine>
            <TextLine id="r_2_tl_9" custom="readingOrder {index:8;}">
               <Coords points="880,4002 1644,4004 1644,3964 880,3956"/>
               <Baseline points="885,3985 898,3985 943,3985 988,3985 1032,3985 1077,3985 1122,3985 1167,3985 1212,3985 1256,3985 1301,3985 1346,3985 1391,3982 1435,3985 1480,3985 1525,3985 1570,3985 1615,3985 1641,3985 1646,3985"/>
               <TextEquiv>
                  <Unicode>den Erfinder willen– und hilflos in seinen Bann</Unicode>
               </TextEquiv>
            </TextLine>
            <TextLine id="r_2_tl_10" custom="readingOrder {index:9;}">
               <Coords points="880,4022 1644,4023 1607,3993 880,4002"/>
               <Baseline points="885,4016 895,4018 919,4015 964,4018 1009,4015 1053,4015 1098,4015 1143,4015 1188,4015 1232,4015 1277,4015 1322,4012 1367,4015 1412,4015 1456,4015 1501,4015 1546,4015 1591,4015 1635,4015 1646,4016"/>
               <TextEquiv>
                  <Unicode>schlägt – New York hat auch die Landschaft rings¬</Unicode>
               </TextEquiv>
            </TextLine>
            <TextLine id="r_2_tl_11" custom="readingOrder {index:10;}">
               <Coords points="880,4056 1644,4062 1638,4022 880,4033"/>
               <Baseline points="885,4046 889,4045 934,4048 979,4045 1023,4045 1068,4045 1113,4045 1158,4045 1203,4045 1247,4045 1292,4045 1337,4045 1382,4045 1426,4045 1471,4045 1516,4045 1561,4045 1606,4048 1641,4050 1646,4049"/>
               <TextEquiv>
                  <Unicode>um aufgefressen, und die Menschen, die dort leben,</Unicode>
               </TextEquiv>
            </TextLine>
            <TextLine id="r_2_tl_12" custom="readingOrder {index:11;}">
               <Coords points="880,4095 1644,4099 1644,4062 1546,4047 880,4056"/>
               <Baseline points="885,4076 895,4077 922,4074 967,4077 1012,4077 1056,4077 1101,4074 1146,4074 1191,4074 1235,4074 1280,4074 1325,4074 1370,4074 1415,4074 1459,4074 1504,4074 1549,4074 1594,4077 1638,4074 1646,4076"/>
               <TextEquiv>
                  <Unicode>atmen, arbeiten müssen, tun es unter unmenschlichen</Unicode>
               </TextEquiv>
            </TextLine>
            <TextLine id="r_2_tl_13" custom="readingOrder {index:12;}">
               <Coords points="880,4126 911,4123 933,4111 939,4117 954,4114 965,4122 1010,4113 1010,4085 1002,4083 988,4092 971,4084 947,4087 943,4083 928,4088 906,4083 880,4095"/>
               <Baseline points="885,4107 901,4107 946,4107 991,4107 1012,4107"/>
               <TextEquiv>
                  <Unicode>Gesetzen.\:p\</Unicode>
               </TextEquiv>
            </TextLine>
            <TextLine id="r_2_tl_14" custom="readingOrder {index:13;}">
               <Coords points="923,4149 1644,4147 1634,4104 1516,4124 1419,4093 923,4113"/>
               <Baseline points="928,4134 973,4134 1017,4134 1062,4134 1107,4134 1152,4134 1197,4134 1241,4134 1286,4134 1331,4134 1376,4134 1420,4134 1465,4134 1510,4134 1555,4137 1600,4134 1641,4134 1646,4134"/>
               <TextEquiv>
                  <Unicode>\p\Der Tunnel ist zu Ende; riesige Pfeile, auf die</Unicode>
               </TextEquiv>
            </TextLine>
            <TextLine id="r_2_tl_15" custom="readingOrder {index:14;}">
               <Coords points="902,4179 1644,4179 1619,4143 902,4141"/>
               <Baseline points="907,4170 934,4167 979,4164 1023,4164 1068,4167 1113,4164 1158,4164 1203,4164 1247,4164 1292,4164 1337,4164 1382,4164 1426,4164 1471,4164 1516,4164 1561,4167 1606,4167 1646,4167"/>
               <TextEquiv>
                  <Unicode>Fahrbahn gemalt, weisen mich in die Richtung, in</Unicode>
               </TextEquiv>
            </TextLine>
            <TextLine id="r_2_tl_16" custom="readingOrder {index:15;}">
               <Coords points="880,4203 1644,4208 1609,4168 948,4187 880,4166"/>
               <Baseline points="885,4186 889,4194 934,4194 979,4197 1023,4194 1068,4194 1113,4194 1158,4194 1203,4194 1247,4194 1292,4194 1337,4194 1382,4194 1426,4194 1471,4194 1516,4194 1561,4197 1606,4194 1646,4194"/>
               <TextEquiv>
                  <Unicode>der sich mein Wagen fortbewegen soll; ein „Traffic</Unicode>
               </TextEquiv>
            </TextLine>
            <TextLine id="r_2_tl_17" custom="readingOrder {index:16;}">
               <Coords points="896,4233 1645,4237 1630,4203 896,4207"/>
               <Baseline points="901,4224 946,4227 991,4224 1035,4227 1080,4224 1125,4224 1170,4224 1214,4224 1259,4224 1304,4224 1349,4224 1394,4224 1438,4224 1483,4224 1528,4224 1573,4227 1618,4227 1638,4227 1646,4226"/>
               <TextEquiv>
                  <Unicode>Circle“, ein Verkehrsring, mit vielen Schildern und</Unicode>
               </TextEquiv>
            </TextLine>
            <TextLine id="r_2_tl_18" custom="readingOrder {index:17;}">
               <Coords points="880,4276 1644,4264 1644,4237 1557,4230 880,4231"/>
               <Baseline points="885,4256 889,4256 934,4256 979,4256 1023,4256 1068,4253 1113,4253 1158,4253 1203,4253 1247,4253 1292,4253 1337,4253 1382,4253 1426,4253 1471,4253 1516,4256 1561,4253 1606,4256 1638,4256 1646,4256"/>
               <TextEquiv>
                  <Unicode>den Namen von Städten – aber eine grüne Lampe</Unicode>
               </TextEquiv>
            </TextLine>
            <TextLine id="r_2_tl_19" custom="readingOrder {index:18;}">
               <Coords points="880,4298 1644,4295 1644,4271 880,4276"/>
               <Baseline points="885,4283 889,4283 934,4286 979,4286 1023,4286 1068,4286 1113,4286 1158,4283 1203,4283 1247,4283 1292,4283 1337,4283 1382,4283 1426,4283 1471,4283 1516,4283 1561,4286 1606,4286 1641,4283 1646,4283"/>
               <TextEquiv>
                  <Unicode>leuchtet auf, da gibt es keine Möglichkeit, anzu¬</Unicode>
               </TextEquiv>
            </TextLine>
            <TextLine id="r_2_tl_20" custom="readingOrder {index:19;}">
               <Coords points="880,4324 1644,4329 1644,4295 880,4302"/>
               <Baseline points="885,4317 895,4316 940,4316 985,4316 1029,4316 1074,4316 1119,4313 1164,4313 1209,4313 1253,4313 1298,4313 1343,4313 1388,4313 1432,4316 1477,4313 1522,4316 1567,4316 1612,4316 1646,4314"/>
               <TextEquiv>
                  <Unicode>halten, sich zu besinnen und zu entschließen, ich</Unicode>
               </TextEquiv>
            </TextLine>
            <TextLine id="r_2_tl_21" custom="readingOrder {index:20;}">
               <Coords points="880,4366 1644,4358 1617,4325 880,4324"/>
               <Baseline points="885,4344 889,4343 934,4346 979,4346 1023,4346 1068,4343 1113,4343 1158,4343 1203,4343 1247,4343 1292,4343 1337,4343 1382,4343 1426,4343 1471,4343 1516,4346 1561,4346 1606,4346 1635,4346 1646,4345"/>
               <TextEquiv>
                  <Unicode>muß auf den Gashebel drücken und fahren, am</Unicode>
               </TextEquiv>
            </TextLine>
            <TextLine id="r_2_tl_22" custom="readingOrder {index:21;}">
               <Coords points="879,4391 1643,4389 1644,4358 1454,4344 880,4365"/>
               <Baseline points="885,4375 889,4376 925,4376 970,4376 1014,4376 1059,4376 1104,4373 1149,4373 1194,4373 1238,4373 1283,4373 1328,4373 1373,4373 1417,4373 1462,4373 1507,4373 1552,4373 1597,4373 1641,4376 1646,4376"/>
               <TextEquiv>
                  <Unicode>laufenden Band, Glied in der Kette. Ich werde in</Unicode>
               </TextEquiv>
            </TextLine>
            <TextLine id="r_2_tl_23" custom="readingOrder {index:22;}">
               <Coords points="880,4426 1644,4415 1644,4389 880,4392"/>
               <Baseline points="885,4406 889,4406 934,4406 979,4406 1023,4406 1068,4403 1113,4406 1158,4403 1203,4403 1247,4403 1292,4403 1337,4403 1382,4403 1426,4406 1471,4403 1516,4406 1561,4406 1606,4406 1638,4406 1646,4404"/>
               <TextEquiv>
                  <Unicode>eine große Straße mit vier parallelen Fahrbahnen</Unicode>
               </TextEquiv>
            </TextLine>
            <TextLine id="r_2_tl_24" custom="readingOrder {index:23;}">
               <Coords points="880,4443 1644,4445 1644,4419 880,4428"/>
               <Baseline points="885,4437 898,4436 934,4436 979,4433 1023,4433 1068,4436 1113,4436 1158,4433 1203,4433 1247,4433 1292,4433 1337,4433 1382,4433 1426,4433 1471,4436 1516,4436 1561,4436 1606,4436 1646,4436"/>
               <TextEquiv>
                  <Unicode>gedrängt: schon sagen große Buchstaben: „rechts oder</Unicode>
               </TextEquiv>
            </TextLine>
            <TextLine id="r_2_tl_25" custom="readingOrder {index:24;}">
               <Coords points="880,4466 1644,4480 1644,4443 1616,4441 880,4441"/>
               <Baseline points="885,4465 895,4465 940,4465 985,4465 1029,4465 1074,4462 1119,4462 1164,4462 1209,4462 1253,4462 1298,4462 1343,4462 1388,4465 1432,4462 1477,4465 1522,4465 1567,4465 1612,4465 1646,4465"/>
               <TextEquiv>
                  <Unicode>links Abbiegen verboten“ und grausig prägt es sich</Unicode>
               </TextEquiv>
            </TextLine>
            <TextLine id="r_2_tl_26" custom="readingOrder {index:25;}">
               <Coords points="880,4498 1644,4508 1644,4482 1585,4471 880,4483"/>
               <Baseline points="885,4495 910,4495 955,4495 1000,4495 1044,4495 1089,4495 1134,4492 1179,4492 1223,4492 1268,4492 1313,4495 1358,4492 1403,4492 1447,4492 1492,4495 1537,4495 1582,4495 1626,4495 1646,4493"/>
               <TextEquiv>
                  <Unicode>ein: wenn ich dort hinten, am Verkehrsring, einen</Unicode>
               </TextEquiv>
            </TextLine>
            <TextLine id="r_2_tl_27" custom="readingOrder {index:26;}">
               <Coords points="880,4535 1644,4538 1613,4502 880,4512"/>
               <Baseline points="885,4528 889,4528 895,4528 940,4525 985,4525 1029,4525 1074,4525 1119,4525 1164,4525 1209,4522 1253,4522 1298,4522 1343,4522 1388,4525 1432,4525 1477,4525 1522,4525 1567,4525 1612,4525 1646,4525"/>
               <TextEquiv>
                  <Unicode>Fehler gemacht, einen Irrweg eingeschlagen habe,</Unicode>
               </TextEquiv>
            </TextLine>
            <TextLine id="r_2_tl_28" custom="readingOrder {index:27;}">
               <Coords points="880,4557 1644,4564 1644,4538 1606,4532 880,4531"/>
               <Baseline points="885,4555 889,4555 928,4555 973,4555 1017,4555 1062,4555 1107,4552 1152,4552 1197,4552 1241,4552 1286,4552 1331,4552 1376,4555 1420,4555 1465,4552 1510,4555 1555,4555 1600,4555 1644,4555 1646,4555"/>
               <TextEquiv>
                  <Unicode>werde ich ihn nie wieder ändern und gut machen</Unicode>
               </TextEquiv>
            </TextLine>
            <TextLine id="r_2_tl_29" custom="readingOrder {index:28;}">
               <Coords points="884,4594 1644,4596 1644,4563 884,4557"/>
               <Baseline points="889,4582 928,4585 973,4585 1017,4585 1062,4585 1107,4585 1152,4582 1197,4585 1241,4582 1286,4582 1331,4582 1376,4582 1420,4585 1465,4585 1510,4582 1555,4585 1600,4585 1644,4585 1646,4585"/>
               <TextEquiv>
                  <Unicode>können. Ich bin gefangen in der großen Maschine</Unicode>
               </TextEquiv>
            </TextLine>
            <TextLine id="r_2_tl_30" custom="readingOrder {index:29;}">
               <Coords points="880,4630 1644,4634 1625,4593 880,4602"/>
               <Baseline points="885,4615 889,4615 934,4615 979,4615 1023,4615 1068,4615 1113,4615 1158,4612 1203,4612 1247,4612 1292,4612 1337,4612 1382,4612 1426,4615 1471,4615 1516,4615 1561,4615 1606,4615 1646,4617"/>
               <TextEquiv>
                  <Unicode>des Verkehrs, in der technischen Wundererfindung,</Unicode>
               </TextEquiv>
            </TextLine>
            <TextLine id="r_2_tl_31" custom="readingOrder {index:30;}">
               <Coords points="880,4653 1644,4656 1586,4622 880,4629"/>
               <Baseline points="885,4645 889,4645 934,4645 979,4645 1023,4645 1068,4645 1113,4645 1158,4642 1203,4642 1247,4642 1292,4642 1337,4642 1382,4645 1426,4645 1471,4645 1516,4645 1561,4645 1606,4645 1646,4642"/>
               <TextEquiv>
                  <Unicode>der machine infernale. Und es gibt kein Halten.</Unicode>
               </TextEquiv>
            </TextLine>
            <TextLine id="r_2_tl_32" custom="readingOrder {index:31;}">
               <Coords points="880,4683 1644,4689 1632,4654 880,4653"/>
               <Baseline points="885,4674 901,4674 946,4674 991,4674 1035,4674 1080,4671 1125,4674 1170,4671 1214,4671 1259,4671 1304,4671 1349,4671 1394,4674 1438,4674 1483,4671 1528,4674 1573,4674 1618,4674 1644,4677 1646,4677"/>
               <TextEquiv>
                  <Unicode>Die Straße führt in sanfter Steigung aufwärts,</Unicode>
               </TextEquiv>
            </TextLine>
            <TextLine id="r_2_tl_33" custom="readingOrder {index:32;}">
               <Coords points="880,4720 1644,4713 1644,4688 880,4691"/>
               <Baseline points="885,4704 889,4704 934,4704 979,4704 1023,4704 1068,4704 1113,4704 1158,4704 1203,4701 1247,4701 1292,4701 1337,4701 1382,4704 1426,4704 1471,4704 1516,4704 1561,4704 1606,4704 1646,4704"/>
               <TextEquiv>
                  <Unicode>wird zur Brücke, und vor mir tauchen riesige Bögen</Unicode>
               </TextEquiv>
            </TextLine>
            <TextLine id="r_2_tl_34" custom="readingOrder {index:33;}">
               <Coords points="880,4744 1644,4747 1624,4712 880,4716"/>
               <Baseline points="885,4735 892,4737 922,4734 967,4734 1012,4734 1056,4734 1101,4734 1146,4734 1191,4731 1235,4734 1280,4734 1325,4734 1370,4731 1415,4734 1459,4734 1504,4734 1549,4734 1594,4734 1638,4734 1646,4734"/>
               <TextEquiv>
                  <Unicode>auf, eine, zwei, drei Brücken, die letzte nur noch zart</Unicode>
               </TextEquiv>
            </TextLine>
            <TextLine id="r_2_tl_35" custom="readingOrder {index:34;}">
               <Coords points="880,4773 1644,4774 1618,4740 880,4745"/>
               <Baseline points="885,4764 895,4764 940,4764 985,4764 1029,4764 1074,4764 1119,4764 1164,4761 1209,4761 1253,4761 1298,4761 1343,4764 1388,4764 1432,4764 1477,4764 1522,4764 1567,4764 1612,4764 1646,4764"/>
               <TextEquiv>
                  <Unicode>angedeutet, unendlich weit entfernt, im rötlichen</Unicode>
               </TextEquiv>
            </TextLine>
            <TextLine id="r_2_tl_36" custom="readingOrder {index:35;}">
               <Coords points="880,4805 1644,4803 1644,4775 880,4776"/>
               <Baseline points="885,4793 895,4791 940,4794 985,4794 1029,4794 1074,4794 1119,4794 1164,4791 1209,4794 1253,4794 1298,4791 1343,4791 1388,4794 1432,4794 1477,4794 1522,4794 1567,4794 1612,4794 1646,4792"/>
               <TextEquiv>
                  <Unicode>Abendhimmel. Sie führen nicht über Flüsse, sondern</Unicode>
               </TextEquiv>
            </TextLine>
            <TextLine id="r_2_tl_37" custom="readingOrder {index:36;}">
               <Coords points="880,4844 1644,4840 1624,4800 880,4806"/>
               <Baseline points="885,4825 895,4824 940,4824 985,4824 1029,4824 1074,4824 1119,4824 1164,4824 1209,4824 1253,4824 1298,4824 1343,4824 1388,4824 1432,4824 1477,4824 1522,4824 1567,4827 1612,4824 1644,4827 1646,4826"/>
               <TextEquiv>
                  <Unicode>über die Erde, die man nicht mehr bewohnen, be¬</Unicode>
               </TextEquiv>
            </TextLine>
            <TextLine id="r_2_tl_38" custom="readingOrder {index:37;}">
               <Coords points="879,4871 1024,4862 1047,4877 1097,4867 1115,4878 1157,4860 1211,4873 1212,4841 1175,4827 1110,4839 911,4832 880,4849"/>
               <Baseline points="885,4857 907,4857 952,4857 997,4854 1041,4854 1086,4854 1131,4854 1176,4854 1214,4854"/>
               <TextEquiv>
                  <Unicode>treten, befahren kann.\:p\</Unicode>
               </TextEquiv>
            </TextLine>
            <TextEquiv>
               <Unicode/>
            </TextEquiv>
         </TextRegion>
         <TextRegion id="r_3" custom="readingOrder {index:2;}">
            <Coords points="1670,3739 2422,3739 2422,4884 1670,4884"/>
            <TextLine id="r_3_tl_1" custom="readingOrder {index:0;}">
               <Coords points="1665,3750 2420,3759 2401,3713 1665,3720"/>
               <Baseline points="1670,3743 1692,3746 1710,3743 1755,3743 1800,3743 1844,3743 1889,3743 1934,3743 1979,3743 2024,3743 2068,3743 2113,3743 2158,3743 2203,3743 2247,3743 2292,3743 2337,3743 2382,3743 2422,3743"/>
               <TextEquiv>
                  <Unicode>\p\Diese Erde ist eine Ebene, ein flaches Becken, ein</Unicode>
               </TextEquiv>
            </TextLine>
            <TextLine id="r_3_tl_2" custom="readingOrder {index:1;}">
               <Coords points="1665,3782 2420,3784 2397,3751 1665,3750"/>
               <Baseline points="1670,3773 1689,3773 1734,3773 1779,3773 1823,3773 1868,3773 1913,3776 1958,3773 2003,3776 2047,3773 2092,3773 2137,3773 2182,3773 2227,3773 2271,3773 2316,3773 2361,3773 2406,3770 2422,3773"/>
               <TextEquiv>
                  <Unicode>Trümmerfeld. Die Farbe ist die von Eisen und</Unicode>
               </TextEquiv>
            </TextLine>
            <TextLine id="r_3_tl_3" custom="readingOrder {index:2;}">
               <Coords points="1665,3812 2420,3817 2420,3790 2338,3774 2067,3797 1665,3781"/>
               <Baseline points="1670,3800 1704,3803 1749,3803 1794,3806 1838,3806 1883,3803 1928,3803 1973,3806 2018,3803 2062,3803 2107,3803 2152,3803 2197,3803 2241,3803 2286,3803 2331,3803 2376,3803 2409,3803 2422,3805"/>
               <TextEquiv>
                  <Unicode>Rauch, bläuliches Schwarz und Grau, dazwischen</Unicode>
               </TextEquiv>
            </TextLine>
            <TextLine id="r_3_tl_4" custom="readingOrder {index:3;}">
               <Coords points="1665,3843 2407,3841 2407,3815 2322,3810 1665,3813"/>
               <Baseline points="1670,3833 1710,3833 1755,3833 1800,3833 1844,3836 1889,3836 1934,3836 1979,3836 2024,3836 2068,3836 2113,3833 2158,3836 2203,3836 2247,3836 2292,3833 2337,3833 2382,3833 2409,3836"/>
               <TextEquiv>
                  <Unicode>Wasser, Sumpf oder Ueberschwemmung, dunkle,</Unicode>
               </TextEquiv>
            </TextLine>
            <TextLine id="r_3_tl_5" custom="readingOrder {index:4;}">
               <Coords points="1675,3879 2420,3869 2392,3840 2311,3837 1675,3847"/>
               <Baseline points="1680,3865 1695,3862 1740,3862 1785,3862 1829,3862 1874,3865 1919,3862 1964,3862 2009,3865 2053,3862 2098,3865 2143,3862 2188,3862 2232,3862 2277,3862 2322,3862 2367,3862 2412,3859 2422,3861"/>
               <TextEquiv>
                  <Unicode>spiegelnde, faulige Lachen. Batterien von Fabrik¬</Unicode>
               </TextEquiv>
            </TextLine>
            <TextLine id="r_3_tl_6" custom="readingOrder {index:5;}">
               <Coords points="1666,3907 2321,3910 2420,3899 2421,3870 1666,3881"/>
               <Baseline points="1671,3895 1692,3892 1737,3892 1782,3892 1826,3895 1871,3895 1916,3895 1961,3898 2006,3895 2050,3895 2095,3892 2140,3892 2185,3892 2229,3892 2274,3892 2319,3892 2364,3892 2409,3889 2422,3891"/>
               <TextEquiv>
                  <Unicode>schloten tauchen auf, Funkengarben steigen und fal¬</Unicode>
               </TextEquiv>
            </TextLine>
            <TextLine id="r_3_tl_7" custom="readingOrder {index:6;}">
               <Coords points="1665,3934 2420,3929 2347,3894 1665,3906"/>
               <Baseline points="1670,3923 1704,3925 1749,3925 1794,3922 1838,3925 1883,3925 1928,3925 1973,3925 2018,3925 2062,3922 2107,3922 2152,3922 2197,3925 2241,3922 2286,3922 2331,3922 2376,3922 2412,3922 2422,3922"/>
               <TextEquiv>
                  <Unicode>len wie Sternschnuppen, Rauchfahnen bilden Wol¬</Unicode>
               </TextEquiv>
            </TextLine>
            <TextLine id="r_3_tl_8" custom="readingOrder {index:7;}">
               <Coords points="1665,3964 2420,3964 2410,3928 1665,3934"/>
               <Baseline points="1670,3955 1698,3955 1743,3955 1788,3955 1832,3955 1877,3955 1922,3955 1967,3955 2012,3955 2056,3955 2101,3955 2146,3955 2191,3952 2235,3952 2280,3952 2325,3952 2370,3952 2412,3955 2422,3954"/>
               <TextEquiv>
                  <Unicode>ken und ziehen mit dem Wind. Zwischen Kaminen und</Unicode>
               </TextEquiv>
            </TextLine>
            <TextLine id="r_3_tl_9" custom="readingOrder {index:8;}">
               <Coords points="1665,4000 2420,3993 2420,3970 2323,3959 1665,3964"/>
               <Baseline points="1670,3985 1698,3985 1743,3985 1788,3985 1832,3985 1877,3985 1922,3985 1967,3985 2012,3985 2056,3985 2101,3985 2146,3985 2191,3985 2235,3982 2280,3982 2325,3982 2370,3985 2415,3982 2422,3982"/>
               <TextEquiv>
                  <Unicode>stehendem Wasser aber gibt es menschliche Siedlun¬</Unicode>
               </TextEquiv>
            </TextLine>
            <TextLine id="r_3_tl_10" custom="readingOrder {index:9;}">
               <Coords points="1665,4031 2420,4023 2412,3990 1665,4000"/>
               <Baseline points="1670,4017 1692,4015 1737,4018 1782,4015 1826,4015 1871,4015 1916,4015 1961,4015 2006,4015 2050,4012 2095,4015 2140,4015 2185,4012 2229,4015 2274,4012 2319,4012 2364,4012 2409,4012 2422,4012"/>
               <TextEquiv>
                  <Unicode>gen, geschwärzte Baracken, Reihen von Arbeiter¬</Unicode>
               </TextEquiv>
            </TextLine>
            <TextLine id="r_3_tl_11" custom="readingOrder {index:10;}">
               <Coords points="1665,4055 2420,4053 2421,4024 1666,4031"/>
               <Baseline points="1670,4045 1695,4045 1740,4045 1785,4045 1829,4048 1874,4048 1919,4045 1964,4045 2009,4045 2053,4045 2098,4042 2143,4045 2188,4042 2232,4042 2277,4042 2322,4042 2367,4045 2412,4042 2422,4043"/>
               <TextEquiv>
                  <Unicode>wohnungen, eine verblichene Holzfassade, blinde</Unicode>
               </TextEquiv>
            </TextLine>
            <TextLine id="r_3_tl_12" custom="readingOrder {index:11;}">
               <Coords points="1665,4090 2420,4084 2420,4058 2314,4045 1665,4055"/>
               <Baseline points="1670,4079 1686,4074 1731,4074 1776,4074 1821,4074 1865,4074 1910,4074 1955,4074 2000,4074 2044,4074 2089,4074 2134,4071 2179,4071 2224,4071 2268,4071 2313,4071 2358,4074 2403,4071 2422,4071"/>
               <TextEquiv>
                  <Unicode>Fenster, dahinter Höfe, von Backstein oder Bretter¬</Unicode>
               </TextEquiv>
            </TextLine>
            <TextLine id="r_3_tl_13" custom="readingOrder {index:12;}">
               <Coords points="1665,4112 2420,4117 2420,4084 1665,4090"/>
               <Baseline points="1670,4104 1710,4104 1755,4104 1800,4104 1844,4104 1889,4104 1934,4104 1979,4104 2024,4101 2068,4104 2113,4101 2158,4101 2203,4101 2247,4101 2292,4101 2337,4101 2382,4104 2409,4104 2422,4105"/>
               <TextEquiv>
                  <Unicode>wänden eingefaßt. Dort hängt Wäsche, dort stehen</Unicode>
               </TextEquiv>
            </TextLine>
            <TextLine id="r_3_tl_14" custom="readingOrder {index:13;}">
               <Coords points="1665,4142 2420,4141 2363,4111 1665,4112"/>
               <Baseline points="1670,4134 1710,4134 1755,4134 1800,4134 1844,4137 1889,4134 1934,4134 1979,4134 2024,4134 2068,4134 2113,4134 2158,4131 2203,4134 2247,4131 2292,4131 2337,4131 2382,4134 2415,4134 2422,4134"/>
               <TextEquiv>
                  <Unicode>Töpfe mit kümmerlichen Pflanzen, dort spielen Kin¬</Unicode>
               </TextEquiv>
            </TextLine>
            <TextLine id="r_3_tl_15" custom="readingOrder {index:14;}">
               <Coords points="1665,4175 2420,4175 2410,4140 1665,4142"/>
               <Baseline points="1670,4167 1695,4167 1740,4164 1785,4164 1829,4164 1874,4164 1919,4167 1964,4164 2009,4164 2053,4164 2098,4164 2143,4161 2188,4161 2232,4161 2277,4161 2322,4161 2367,4164 2412,4161 2422,4162"/>
               <TextEquiv>
                  <Unicode>der. Wo sonst können sie spielen? Auf der Straße</Unicode>
               </TextEquiv>
            </TextLine>
            <TextLine id="r_3_tl_16" custom="readingOrder {index:15;}">
               <Coords points="1665,4204 2420,4210 2408,4174 1665,4175"/>
               <Baseline points="1670,4194 1695,4194 1740,4194 1785,4197 1829,4197 1874,4194 1919,4194 1964,4194 2009,4194 2053,4194 2098,4194 2143,4191 2188,4191 2232,4191 2277,4191 2322,4191 2367,4194 2409,4194 2422,4194"/>
               <TextEquiv>
                  <Unicode>ist es zu gefährlich, und bis „ins Freie“ wäre es ein</Unicode>
               </TextEquiv>
            </TextLine>
            <TextLine id="r_3_tl_17" custom="readingOrder {index:16;}">
               <Coords points="1665,4231 2420,4241 2420,4210 2355,4199 1665,4204"/>
               <Baseline points="1670,4224 1704,4224 1749,4224 1794,4224 1838,4224 1883,4224 1928,4224 1973,4224 2018,4224 2062,4224 2107,4224 2152,4221 2197,4221 2241,4221 2286,4221 2331,4224 2376,4224 2409,4224 2422,4224"/>
               <TextEquiv>
                  <Unicode>hoffnungslos weiter Weg. Unter den Eisengerüsten</Unicode>
               </TextEquiv>
            </TextLine>
            <TextLine id="r_3_tl_18" custom="readingOrder {index:17;}">
               <Coords points="1665,4264 2395,4267 2395,4238 2343,4229 1665,4231"/>
               <Baseline points="1670,4256 1704,4253 1749,4253 1794,4253 1838,4256 1883,4253 1928,4256 1973,4253 2018,4253 2062,4253 2107,4251 2152,4253 2197,4253 2241,4253 2286,4251 2331,4253 2376,4253 2397,4256"/>
               <TextEquiv>
                  <Unicode>der Hochbahnen aber, zwischen den Autofahrbahnen,</Unicode>
               </TextEquiv>
            </TextLine>
            <TextLine id="r_3_tl_19" custom="readingOrder {index:18;}">
               <Coords points="1665,4294 2420,4291 2365,4261 1665,4265"/>
               <Baseline points="1670,4283 1698,4283 1743,4283 1788,4283 1832,4283 1877,4286 1922,4283 1967,4283 2012,4283 2056,4283 2101,4283 2146,4283 2191,4283 2235,4283 2280,4280 2325,4280 2370,4283 2406,4289 2422,4288"/>
               <TextEquiv>
                  <Unicode>die sich rechts und links säumen, gibt es viereckige,</Unicode>
               </TextEquiv>
            </TextLine>
            <TextLine id="r_3_tl_20" custom="readingOrder {index:19;}">
               <Coords points="1665,4323 2399,4328 2399,4294 2332,4287 1665,4293"/>
               <Baseline points="1670,4313 1701,4313 1746,4313 1791,4313 1835,4313 1880,4316 1925,4313 1970,4313 2015,4313 2059,4313 2104,4310 2149,4313 2194,4310 2238,4310 2283,4313 2328,4310 2373,4313 2400,4319"/>
               <TextEquiv>
                  <Unicode>von hohen Gittern wie Käfige abgeschlossene Plätze,</Unicode>
               </TextEquiv>
            </TextLine>
            <TextLine id="r_3_tl_21" custom="readingOrder {index:20;}">
               <Coords points="1665,4350 2420,4361 2410,4323 1665,4323"/>
               <Baseline points="1670,4343 1710,4343 1755,4343 1800,4343 1844,4343 1889,4346 1934,4343 1979,4343 2024,4343 2068,4343 2113,4343 2158,4340 2203,4343 2247,4343 2292,4340 2337,4343 2382,4343 2403,4343 2422,4345"/>
               <TextEquiv>
                  <Unicode>Pflasterboden, als Himmel die Bohlen der Schienen;</Unicode>
               </TextEquiv>
            </TextLine>
            <TextLine id="r_3_tl_22" custom="readingOrder {index:21;}">
               <Coords points="1665,4379 2420,4389 2397,4350 1665,4351"/>
               <Baseline points="1670,4374 1686,4373 1731,4373 1776,4373 1821,4373 1865,4373 1910,4373 1955,4373 2000,4373 2044,4373 2089,4373 2134,4373 2179,4370 2224,4373 2268,4370 2313,4373 2358,4373 2403,4373 2422,4374"/>
               <TextEquiv>
                  <Unicode>Emailschilder der Polizeibehörden teilen mit, daß</Unicode>
               </TextEquiv>
            </TextLine>
            <TextLine id="r_3_tl_23" custom="readingOrder {index:22;}">
               <Coords points="1665,4410 2420,4412 2420,4389 2349,4373 1665,4381"/>
               <Baseline points="1670,4403 1698,4403 1743,4403 1788,4403 1832,4406 1877,4406 1922,4406 1967,4403 2012,4406 2056,4403 2101,4400 2146,4400 2191,4400 2235,4403 2280,4400 2325,4400 2370,4400 2415,4403 2422,4403"/>
               <TextEquiv>
                  <Unicode>diese Käfige „Kinderspielplätze“ sind, wo die Eltern</Unicode>
               </TextEquiv>
            </TextLine>
            <TextLine id="r_3_tl_24" custom="readingOrder {index:23;}">
               <Coords points="1664,4444 2420,4443 2420,4412 2375,4409 1665,4410"/>
               <Baseline points="1670,4434 1695,4433 1740,4433 1785,4433 1829,4436 1874,4436 1919,4433 1964,4436 2009,4433 2053,4433 2098,4433 2143,4430 2188,4433 2232,4433 2277,4430 2322,4433 2367,4430 2412,4433 2422,4431"/>
               <TextEquiv>
                  <Unicode>ihre Kleinen tagsüber abgeben können. Man hat</Unicode>
               </TextEquiv>
            </TextLine>
            <TextLine id="r_3_tl_25" custom="readingOrder {index:24;}">
               <Coords points="1665,4471 2348,4486 2420,4464 2359,4435 1665,4444"/>
               <Baseline points="1670,4464 1689,4462 1734,4459 1779,4462 1823,4465 1868,4465 1913,4465 1958,4465 2003,4462 2047,4462 2092,4462 2137,4462 2182,4462 2227,4462 2271,4459 2316,4459 2361,4462 2406,4459 2422,4459"/>
               <TextEquiv>
                  <Unicode>auch, wohlmeinend, ein paar gußeiserne Schaukeln</Unicode>
               </TextEquiv>
            </TextLine>
            <TextLine id="r_3_tl_26" custom="readingOrder {index:25;}">
               <Coords points="1665,4511 1722,4496 1826,4511 1915,4497 1991,4515 2079,4498 2079,4480 2040,4470 1963,4467 1914,4486 1858,4471 1665,4471"/>
               <Baseline points="1670,4495 1677,4495 1722,4492 1767,4492 1812,4495 1856,4495 1901,4492 1946,4495 1991,4495 2035,4492 2080,4492"/>
               <TextEquiv>
                  <Unicode>und Turngeräte aufgestellt.\:p\</Unicode>
               </TextEquiv>
            </TextLine>
            <TextLine id="r_3_tl_27" custom="readingOrder {index:26;}">
               <Coords points="1690,4529 2420,4534 2420,4498 1690,4506"/>
               <Baseline points="1695,4525 1737,4525 1782,4522 1826,4522 1871,4525 1916,4525 1961,4525 2006,4525 2050,4522 2095,4522 2140,4522 2185,4522 2229,4522 2274,4519 2319,4522 2364,4522 2409,4519 2422,4519"/>
               <TextEquiv>
                  <Unicode>\p\Ja, man hat hier, jenseits von New York, für</Unicode>
               </TextEquiv>
            </TextLine>
            <TextLine id="r_3_tl_28" custom="readingOrder {index:27;}">
               <Coords points="1665,4565 2420,4564 2420,4535 2353,4525 1665,4532"/>
               <Baseline points="1670,4553 1689,4552 1734,4552 1779,4555 1823,4555 1868,4555 1913,4555 1958,4555 2003,4555 2047,4552 2092,4552 2137,4552 2182,4552 2227,4552 2271,4552 2316,4552 2361,4552 2406,4552 2422,4551"/>
               <TextEquiv>
                  <Unicode>alles gesorgt, was Menschen von heute zu ihrer</Unicode>
               </TextEquiv>
            </TextLine>
            <TextLine id="r_3_tl_29" custom="readingOrder {index:28;}">
               <Coords points="1665,4587 2404,4593 2404,4558 1665,4563"/>
               <Baseline points="1670,4583 1689,4582 1734,4582 1779,4582 1823,4585 1868,4582 1913,4585 1958,4585 2003,4582 2047,4582 2092,4582 2137,4582 2182,4582 2227,4579 2271,4582 2316,4582 2361,4582 2406,4579"/>
               <TextEquiv>
                  <Unicode>Existenz nötig haben. Es gibt nicht nur Fabrik¬</Unicode>
               </TextEquiv>
            </TextLine>
            <TextLine id="r_3_tl_30" custom="readingOrder {index:29;}">
               <Coords points="1665,4627 2410,4623 2388,4588 1665,4591"/>
               <Baseline points="1670,4615 1695,4612 1740,4615 1785,4612 1829,4615 1874,4612 1919,4612 1964,4615 2009,4612 2053,4612 2098,4612 2143,4612 2188,4612 2232,4612 2277,4612 2322,4612 2367,4612 2412,4612"/>
               <TextEquiv>
                  <Unicode>schlote, Fabrikhöfe und Eisenlager. Es ist nicht, wie</Unicode>
               </TextEquiv>
            </TextLine>
            <TextLine id="r_3_tl_31" custom="readingOrder {index:30;}">
               <Coords points="1665,4652 2414,4650 2414,4624 1665,4627"/>
               <Baseline points="1670,4645 1698,4645 1743,4642 1788,4645 1832,4645 1877,4645 1922,4645 1967,4645 2012,4645 2056,4645 2101,4642 2146,4642 2191,4642 2235,4642 2280,4642 2325,4642 2370,4642 2415,4642"/>
               <TextEquiv>
                  <Unicode>man zuerst glauben möchte, nur ein Abfallhaufen</Unicode>
               </TextEquiv>
            </TextLine>
            <TextLine id="r_3_tl_32" custom="readingOrder {index:31;}">
               <Coords points="1665,4680 2404,4676 2389,4649 1665,4652"/>
               <Baseline points="1670,4673 1689,4671 1734,4671 1779,4671 1823,4674 1868,4674 1913,4674 1958,4674 2003,4671 2047,4671 2092,4671 2137,4671 2182,4671 2227,4671 2271,4671 2316,4671 2361,4671 2406,4668"/>
               <TextEquiv>
                  <Unicode>der Industrie. Es ist nicht nur eine riesige Arbeits¬</Unicode>
               </TextEquiv>
            </TextLine>
            <TextLine id="r_3_tl_33" custom="readingOrder {index:32;}">
               <Coords points="1665,4714 2404,4714 2404,4676 1665,4680"/>
               <Baseline points="1670,4703 1689,4701 1734,4701 1779,4704 1823,4704 1868,4704 1913,4704 1958,4704 2003,4704 2047,4704 2092,4701 2137,4701 2182,4701 2227,4701 2271,4701 2316,4701 2361,4701 2406,4698"/>
               <TextEquiv>
                  <Unicode>stätte. Die Namen Hoboken, Newark und Camden</Unicode>
               </TextEquiv>
            </TextLine>
            <TextLine id="r_3_tl_34" custom="readingOrder {index:33;}">
               <Coords points="1665,4745 2401,4746 2401,4711 1665,4714"/>
               <Baseline points="1670,4734 1686,4734 1731,4731 1776,4731 1821,4734 1865,4734 1910,4731 1955,4734 2000,4731 2044,4734 2089,4731 2134,4731 2179,4731 2224,4731 2268,4728 2313,4731 2358,4731 2403,4731"/>
               <TextEquiv>
                  <Unicode>bezeichnen nicht nur Quartiere dieser traurig–</Unicode>
               </TextEquiv>
            </TextLine>
            <TextLine id="r_3_tl_35" custom="readingOrder {index:34;}">
               <Coords points="1665,4773 2420,4772 2420,4747 2357,4739 1665,4745"/>
               <Baseline points="1670,4763 1704,4761 1749,4761 1794,4761 1838,4764 1883,4761 1928,4764 1973,4764 2018,4764 2062,4764 2107,4761 2152,4761 2197,4761 2241,4761 2286,4761 2331,4761 2376,4761 2406,4764 2422,4760"/>
               <TextEquiv>
                  <Unicode>unmenschlichen Landschaft, es sind die Namen von</Unicode>
               </TextEquiv>
            </TextLine>
            <TextLine id="r_3_tl_36" custom="readingOrder {index:35;}">
               <Coords points="1665,4799 2420,4808 2399,4768 1665,4773"/>
               <Baseline points="1670,4791 1701,4791 1746,4791 1791,4791 1835,4794 1880,4794 1925,4794 1970,4794 2015,4794 2059,4794 2104,4791 2149,4791 2194,4794 2238,4794 2283,4791 2328,4791 2373,4791 2415,4791 2422,4790"/>
               <TextEquiv>
                  <Unicode>Städten. Sie sind schwer zu erkennen, es gibt kein</Unicode>
               </TextEquiv>
            </TextLine>
            <TextLine id="r_3_tl_37" custom="readingOrder {index:36;}">
               <Coords points="1665,4831 2280,4839 2419,4831 2420,4808 1666,4799"/>
               <Baseline points="1670,4824 1689,4824 1734,4821 1779,4821 1823,4824 1868,4827 1913,4824 1958,4824 2003,4824 2047,4824 2092,4821 2137,4821 2182,4821 2227,4821 2271,4824 2316,4821 2361,4821 2406,4818 2422,4819"/>
               <TextEquiv>
                  <Unicode>Tor und keinen Kirchturm und kein Rathaus und</Unicode>
               </TextEquiv>
            </TextLine>
            <TextLine id="r_3_tl_38" custom="readingOrder {index:37;}">
               <Coords points="1665,4866 2419,4879 2420,4831 1665,4830"/>
               <Baseline points="1670,4856 1704,4854 1749,4854 1794,4854 1838,4857 1883,4857 1928,4857 1973,4854 2018,4854 2062,4854 2107,4854 2152,4854 2197,4854 2241,4854 2286,4854 2331,4854 2376,4854 2421,4857 2422,4856"/>
               <TextEquiv>
                  <Unicode>ihre Grenzen gehen ineinander über. Aber es gibt</Unicode>
               </TextEquiv>
            </TextLine>
            <TextEquiv>
               <Unicode/>
            </TextEquiv>
         </TextRegion>
         <TextRegion id="r_4" custom="readingOrder {index:3;}">
            <Coords points="2431,3731 3235,3731 3235,4579 2431,4579"/>
            <TextLine id="r_4_tl_1" custom="readingOrder {index:0;}">
               <Coords points="2426,3747 3186,3751 3186,3724 3051,3712 2426,3714"/>
               <Baseline points="2431,3743 2471,3743 2516,3743 2561,3743 2606,3743 2650,3743 2695,3743 2740,3743 2785,3743 2830,3743 2874,3743 2919,3743 2964,3743 3009,3743 3053,3743 3098,3740 3143,3743 3188,3743"/>
               <TextEquiv>
                  <Unicode>eine Polizeistation. Einen Drugstore. Ein paar</Unicode>
               </TextEquiv>
            </TextLine>
            <TextLine id="r_4_tl_2" custom="readingOrder {index:1;}">
               <Coords points="2426,3783 3180,3787 3180,3752 2426,3752"/>
               <Baseline points="2431,3774 2438,3776 2483,3773 2528,3773 2573,3773 2618,3773 2662,3773 2707,3773 2752,3773 2797,3773 2841,3776 2886,3773 2931,3773 2976,3773 3021,3773 3065,3776 3110,3773 3155,3773 3182,3776"/>
               <TextEquiv>
                  <Unicode>Kinos, welche alte New Yorker Erfolgsfilme brin¬</Unicode>
               </TextEquiv>
            </TextLine>
            <TextLine id="r_4_tl_3" custom="readingOrder {index:2;}">
               <Coords points="2426,3821 2893,3816 2893,3799 2807,3782 2426,3783"/>
               <Baseline points="2431,3806 2474,3803 2519,3803 2564,3803 2609,3803 2653,3803 2698,3803 2743,3803 2788,3803 2833,3806 2877,3806 2895,3806"/>
               <TextEquiv>
                  <Unicode>gen. Und viele Tankstellen .. ..\:p\</Unicode>
               </TextEquiv>
            </TextLine>
            <TextLine id="r_4_tl_4"
                      custom="readingOrder {index:3;} sic {offset:49; length:1;}">
               <Coords points="2454,3845 3178,3840 3153,3807 2454,3819"/>
               <Baseline points="2459,3836 2462,3836 2507,3833 2552,3833 2597,3833 2641,3833 2686,3833 2731,3833 2776,3833 2821,3833 2865,3833 2910,3833 2955,3833 3000,3833 3044,3833 3089,3833 3134,3833 3179,3833"/>
               <TextEquiv>
                  <Unicode>\p\Nun bin ich schon über drei der gewaltigen Brük¬</Unicode>
               </TextEquiv>
            </TextLine>
            <TextLine id="r_4_tl_5" custom="readingOrder {index:4;}">
               <Coords points="2426,3876 3180,3875 3174,3841 2426,3848"/>
               <Baseline points="2431,3862 2435,3862 2480,3862 2525,3862 2570,3862 2615,3862 2659,3862 2704,3862 2749,3862 2794,3862 2838,3862 2883,3862 2928,3865 2973,3862 3018,3862 3062,3865 3107,3862 3152,3862 3182,3865"/>
               <TextEquiv>
                  <Unicode>kenbogen gefahren. Die Bahn führt abwärts, mün¬</Unicode>
               </TextEquiv>
            </TextLine>
            <TextLine id="r_4_tl_6" custom="readingOrder {index:5;}">
               <Coords points="2426,3894 3183,3903 3183,3870 2426,3872"/>
               <Baseline points="2431,3891 2438,3892 2483,3892 2528,3892 2573,3892 2618,3892 2662,3892 2707,3892 2752,3892 2797,3895 2841,3895 2886,3892 2931,3895 2976,3892 3021,3892 3065,3895 3110,3895 3155,3895 3185,3895"/>
               <TextEquiv>
                  <Unicode>det in die Mainstreet einer dieser Städte. Führt</Unicode>
               </TextEquiv>
            </TextLine>
            <TextLine id="r_4_tl_7" custom="readingOrder {index:6;}">
               <Coords points="2426,3938 3183,3932 3183,3902 2426,3909"/>
               <Baseline points="2431,3922 2474,3922 2519,3922 2564,3922 2609,3922 2653,3922 2698,3922 2743,3922 2788,3922 2833,3925 2877,3922 2922,3922 2967,3922 3012,3925 3056,3925 3101,3925 3146,3922 3185,3922"/>
               <TextEquiv>
                  <Unicode>durch einen ununterbrochenen Vergnügungspark von</Unicode>
               </TextEquiv>
            </TextLine>
            <TextLine id="r_4_tl_8" custom="readingOrder {index:7;}">
               <Coords points="2426,3963 3180,3961 3166,3930 2426,3931"/>
               <Baseline points="2431,3953 2438,3952 2483,3952 2528,3952 2573,3952 2618,3955 2662,3955 2707,3955 2752,3952 2797,3952 2841,3952 2886,3952 2931,3955 2976,3952 3021,3955 3065,3955 3110,3955 3155,3955 3182,3952"/>
               <TextEquiv>
                  <Unicode>Lichtreklamen, feurig sich drehenden Rädern, grell</Unicode>
               </TextEquiv>
            </TextLine>
            <TextLine id="r_4_tl_9" custom="readingOrder {index:8;}">
               <Coords points="2426,3989 3180,3997 3180,3962 2426,3960"/>
               <Baseline points="2431,3982 2474,3985 2519,3982 2564,3982 2609,3982 2653,3985 2698,3985 2743,3982 2788,3982 2833,3982 2877,3982 2922,3982 2967,3985 3012,3985 3056,3985 3101,3982 3146,3985 3182,3985"/>
               <TextEquiv>
                  <Unicode>bemalten Baracken. Führt schließlich hinaus, so denkt</Unicode>
               </TextEquiv>
            </TextLine>
            <TextLine id="r_4_tl_10" custom="readingOrder {index:9;}">
               <Coords points="2426,4023 3190,4029 3190,3996 3127,3991 2426,3989"/>
               <Baseline points="2431,4012 2474,4015 2519,4012 2564,4012 2609,4012 2653,4015 2698,4015 2743,4012 2788,4012 2833,4015 2877,4012 2922,4015 2967,4015 3012,4012 3056,4015 3101,4015 3146,4015 3191,4018"/>
               <TextEquiv>
                  <Unicode>man. Aber wo die Städte, Fabriken, Hochbahnen</Unicode>
               </TextEquiv>
            </TextLine>
            <TextLine id="r_4_tl_11" custom="readingOrder {index:10;}">
               <Coords points="2426,4055 3177,4056 3177,4025 3141,4022 2426,4023"/>
               <Baseline points="2431,4044 2435,4045 2480,4042 2525,4042 2570,4042 2615,4045 2659,4045 2704,4045 2749,4042 2794,4045 2838,4045 2883,4042 2928,4042 2973,4042 3018,4045 3062,4045 3107,4045 3152,4045 3179,4045"/>
               <TextEquiv>
                  <Unicode>zu Ende sind, beginnt die trostlose Weite von ver¬</Unicode>
               </TextEquiv>
            </TextLine>
            <TextLine id="r_4_tl_12" custom="readingOrder {index:11;}">
               <Coords points="2427,4082 3187,4085 3186,4055 2426,4055"/>
               <Baseline points="2431,4071 2435,4071 2480,4071 2525,4074 2570,4074 2615,4074 2659,4074 2704,4074 2749,4074 2794,4074 2838,4071 2883,4074 2928,4074 2973,4074 3018,4074 3062,4074 3107,4074 3152,4074 3188,4071"/>
               <TextEquiv>
                  <Unicode>dorbenem, sumpfigem, mit Alteisen bedecktem, totem</Unicode>
               </TextEquiv>
            </TextLine>
            <TextLine id="r_4_tl_13" custom="readingOrder {index:12;}">
               <Coords points="2426,4108 3190,4116 3174,4082 2426,4086"/>
               <Baseline points="2431,4106 2444,4107 2489,4104 2534,4101 2579,4104 2624,4104 2668,4104 2713,4104 2758,4101 2803,4104 2847,4104 2892,4104 2937,4104 2982,4104 3027,4101 3071,4104 3116,4104 3161,4104 3191,4107"/>
               <TextEquiv>
                  <Unicode>Land. Irgendwo sind junge Arbeitslose am Werk,</Unicode>
               </TextEquiv>
            </TextLine>
            <TextLine id="r_4_tl_14" custom="readingOrder {index:13;}">
               <Coords points="2426,4146 3186,4143 3147,4113 2426,4123"/>
               <Baseline points="2431,4134 2441,4134 2486,4134 2531,4134 2576,4134 2621,4134 2665,4134 2710,4134 2755,4134 2800,4134 2844,4134 2889,4134 2934,4134 2979,4134 3024,4134 3068,4134 3113,4134 3158,4134 3188,4134"/>
               <TextEquiv>
                  <Unicode>zu klären und zu säubern, zu entsumpfen, Gras oder</Unicode>
               </TextEquiv>
            </TextLine>
            <TextLine id="r_4_tl_15" custom="readingOrder {index:14;}">
               <Coords points="2426,4171 3177,4172 3177,4150 3065,4140 2426,4146"/>
               <Baseline points="2431,4163 2438,4164 2483,4164 2528,4164 2573,4164 2618,4164 2662,4164 2707,4164 2752,4164 2797,4164 2841,4164 2886,4164 2931,4164 2976,4164 3021,4164 3065,4164 3110,4164 3155,4164 3179,4164"/>
               <TextEquiv>
                  <Unicode>Bäume zu pflanzen: ein Regierungsprojekt, aus¬</Unicode>
               </TextEquiv>
            </TextLine>
            <TextLine id="r_4_tl_16" custom="readingOrder {index:15;}">
               <Coords points="2426,4206 3177,4203 3177,4178 3140,4171 2426,4175"/>
               <Baseline points="2431,4194 2435,4194 2480,4194 2525,4194 2570,4194 2615,4194 2659,4194 2704,4194 2749,4194 2794,4194 2838,4194 2883,4194 2928,4194 2973,4194 3018,4194 3062,4194 3107,4194 3152,4194 3179,4194"/>
               <TextEquiv>
                  <Unicode>sichtsloser als was die Griechen sich ausdenken moch¬</Unicode>
               </TextEquiv>
            </TextLine>
            <TextLine id="r_4_tl_17" custom="readingOrder {index:16;}">
               <Coords points="2426,4227 3190,4233 3190,4201 2426,4211"/>
               <Baseline points="2431,4224 2438,4224 2483,4221 2528,4224 2573,4224 2618,4221 2662,4224 2707,4221 2752,4221 2797,4224 2841,4224 2886,4221 2931,4224 2976,4224 3021,4224 3065,4224 3110,4224 3155,4224 3191,4224"/>
               <TextEquiv>
                  <Unicode>ten: einen Stall zu säubern, einen Stein hügel¬</Unicode>
               </TextEquiv>
            </TextLine>
            <TextLine id="r_4_tl_18" custom="readingOrder {index:17;}">
               <Coords points="2430,4275 3177,4269 3177,4234 3091,4228 2430,4227"/>
               <Baseline points="2435,4253 2480,4253 2525,4251 2570,4253 2615,4253 2659,4253 2704,4253 2749,4253 2794,4253 2838,4253 2883,4253 2928,4253 2973,4253 3018,4253 3062,4253 3107,4253 3152,4253 3179,4256"/>
               <TextEquiv>
                  <Unicode>wärts zu rollen und ein vielköpfiges Ungeheuer zu</Unicode>
               </TextEquiv>
            </TextLine>
            <TextLine id="r_4_tl_19" custom="readingOrder {index:18;}">
               <Coords points="2426,4296 2453,4290 2461,4297 2482,4289 2533,4291 2541,4298 2553,4290 2574,4298 2605,4293 2605,4272 2554,4262 2536,4270 2496,4258 2436,4274 2426,4270"/>
               <Baseline points="2431,4287 2435,4286 2480,4283 2525,4283 2570,4283 2606,4286"/>
               <TextEquiv>
                  <Unicode>enthaupten.\:p\</Unicode>
               </TextEquiv>
            </TextLine>
            <TextLine id="r_4_tl_20" custom="readingOrder {index:19;}">
               <Coords points="2460,4316 3180,4323 3180,4289 3068,4277 2460,4296"/>
               <Baseline points="2465,4313 2510,4313 2555,4313 2600,4313 2644,4310 2689,4313 2734,4313 2779,4313 2824,4313 2868,4310 2913,4313 2958,4313 3003,4313 3047,4313 3092,4313 3137,4313 3182,4313"/>
               <TextEquiv>
                  <Unicode>\p\Weit im Westen schimmert rötliches Abendlicht.</Unicode>
               </TextEquiv>
            </TextLine>
            <TextLine id="r_4_tl_21"
                      custom="readingOrder {index:20;} sic {offset:38; length:1;}">
               <Coords points="2426,4360 3177,4353 3139,4320 2426,4325"/>
               <Baseline points="2431,4345 2438,4346 2462,4343 2507,4340 2552,4343 2597,4340 2641,4343 2686,4340 2731,4343 2776,4343 2821,4343 2865,4343 2910,4340 2955,4343 3000,4343 3044,4343 3089,4343 3134,4343 3179,4343"/>
               <TextEquiv>
                  <Unicode>Hier aber, über der „Zukunftslandschaff“, scheint</Unicode>
               </TextEquiv>
            </TextLine>
            <TextLine id="r_4_tl_22" custom="readingOrder {index:21;}">
               <Coords points="2426,4384 3177,4390 3177,4355 2426,4365"/>
               <Baseline points="2431,4375 2438,4376 2462,4373 2507,4373 2552,4373 2597,4373 2641,4373 2686,4370 2731,4373 2776,4373 2821,4373 2865,4373 2910,4370 2955,4373 3000,4373 3044,4370 3089,4373 3134,4370 3179,4373"/>
               <TextEquiv>
                  <Unicode>es keinen hellen Tag und keinen sinkenden Abend zu</Unicode>
               </TextEquiv>
            </TextLine>
            <TextLine id="r_4_tl_23" custom="readingOrder {index:22;}">
               <Coords points="2426,4411 3180,4416 3181,4390 2427,4385"/>
               <Baseline points="2431,4403 2435,4403 2480,4403 2525,4403 2570,4403 2615,4403 2659,4403 2704,4403 2749,4403 2794,4400 2838,4403 2883,4400 2928,4403 2973,4403 3018,4400 3062,4400 3107,4400 3152,4403 3182,4403"/>
               <TextEquiv>
                  <Unicode>geben: ein unverändert grauer Himmel lagert nied¬</Unicode>
               </TextEquiv>
            </TextLine>
            <TextLine id="r_4_tl_24" custom="readingOrder {index:23;}">
               <Coords points="2426,4435 3177,4444 3176,4414 3144,4409 2426,4422"/>
               <Baseline points="2431,4430 2435,4430 2480,4430 2525,4433 2570,4433 2615,4433 2659,4433 2704,4433 2749,4433 2794,4433 2838,4433 2883,4430 2928,4433 2973,4430 3018,4433 3062,4433 3107,4433 3152,4433 3179,4433"/>
               <TextEquiv>
                  <Unicode>rig über dem wüsten Chaos, Rauch und rieselnder</Unicode>
               </TextEquiv>
            </TextLine>
            <TextLine id="r_4_tl_25" custom="readingOrder {index:24;}">
               <Coords points="2426,4471 3177,4477 3155,4439 2426,4435"/>
               <Baseline points="2431,4459 2435,4459 2480,4462 2525,4459 2570,4462 2615,4462 2659,4462 2704,4459 2749,4462 2794,4462 2838,4459 2883,4459 2928,4462 2973,4459 3018,4459 3062,4459 3107,4462 3152,4462 3179,4465"/>
               <TextEquiv>
                  <Unicode>Nebel verhüllen gespenstisch und fast großartig</Unicode>
               </TextEquiv>
            </TextLine>
            <TextLine id="r_4_tl_26" custom="readingOrder {index:25;}">
               <Coords points="2430,4495 3174,4505 3144,4467 2430,4469"/>
               <Baseline points="2435,4486 2480,4492 2525,4489 2570,4492 2615,4492 2659,4492 2704,4492 2749,4492 2794,4489 2838,4492 2883,4489 2928,4489 2973,4489 3018,4492 3062,4492 3107,4489 3152,4492 3176,4489"/>
               <TextEquiv>
                  <Unicode>düster, was sonst nackte Häßlichkeit wäre. Und wie</Unicode>
               </TextEquiv>
            </TextLine>
            <TextLine id="r_4_tl_27" custom="readingOrder {index:26;}">
               <Coords points="2426,4523 3180,4537 3180,4507 3120,4497 2426,4498"/>
               <Baseline points="2431,4519 2438,4519 2483,4519 2528,4522 2573,4519 2618,4522 2662,4522 2707,4522 2752,4522 2797,4519 2841,4522 2886,4519 2931,4519 2976,4519 3021,4522 3065,4522 3110,4522 3155,4522 3182,4519"/>
               <TextEquiv>
                  <Unicode>der Leib einer Riesenschlange schwingen sich neue</Unicode>
               </TextEquiv>
            </TextLine>
            <TextLine id="r_4_tl_28" custom="readingOrder {index:27;}">
               <Coords points="2426,4568 3183,4566 3114,4527 2426,4523"/>
               <Baseline points="2431,4550 2438,4549 2483,4552 2528,4552 2573,4552 2618,4552 2662,4552 2707,4552 2752,4552 2797,4552 2841,4552 2886,4552 2931,4552 2976,4549 3021,4552 3065,4549 3110,4552 3155,4552 3185,4555"/>
               <TextEquiv>
                  <Unicode>Hochbrücken und verhelfen mir endlich zur Flucht ...\:p\</Unicode>
               </TextEquiv>
            </TextLine>
            <TextEquiv>
               <Unicode/>
            </TextEquiv>
         </TextRegion>
      </Page>
   </PcGts>
</validation-wrapper>
