3888 5632
384 393 1888 563 Zwischen Afrika und Europa [Typographie von Afrika – in exprssionistisch gemalten Lettern - und Europa – als serifenlos moderne Type – wiederspiegelt die Dichotomie zwischen der 'Wildheit Afrikas' und der 'geordneten Modernität Europas'. Schwarzenbachs Text stellt diese Dichotomie stellenweise in Frage ]
198 565 870 674 Von Annemarie Clarac Schwarzenbach
312 758 1080 827 Von der kürzlich verstorbenen Schriftstel¬
305 820 1080 872 lerin Annemarie Clarac-Schwarzenbach brin¬
316 870 1080 915 gen wir nachstehend ein Prosastück, das sie
314 911 1080 973 uns nach ihrer letzten Heimkehr von einer
314 945 631 1010 Reise gesandt hat.
902 947 1080 1012 Die Red.
234 1010 1080 1085 \p\Als in Freetown die Offiziere der britischen
193 1055 1080 1117 Marine-Polizei unser Schiff verließen, und das
196 1117 1080 1162 Stampfen unserer Maschinen wieder einsetzte, hat¬
202 1155 1029 1201 ten wir — eine gemischte Schar von Passagieren –
198 1192 1082 1246 zum erstenmal den Eindruck, uns von Afrika zu
193 1229 387 1287 entfernen.\:p\
236 1241 1080 1319 \p\Gleichzeitig hatten viele unter uns, während der
202 1302 1080 1362 portugiesische Dampfer vierundzwanzig Stunden in
200 1360 1080 1415 Freetown zur Kontrolle lag, zum erstenmal die
193 1398 990 1450 Realität und die Nähe des Krieges gespürt.\:p\
230 1428 1080 1482 \p\Freetown liegt im letzten Drittel der riesigen,
198 1476 1080 1531 afrikanischen Westküste, noch etwas unterhalb ihrer
193 1521 1080 1576 am weitesten nach Westen sich bauschenden Stelle,
196 1559 1080 1600 die von Bathurst und von Dakar beherrscht ist. Wie
191 1604 1078 1650 bisher, würden wir noch mehrere Tage lang dieser
193 1641 1080 1686 Küste folgen, und manchmal einen Blick von ihr
196 1679 1080 1722 erhaschen: ein flaches, im gläsernen Licht von
193 1718 1080 1770 Ozean und Himmel einem toten Spiegelbild gleichen¬
193 1763 1080 1806 des Ufer, eine unhörbare, silberne Brandung, einen
193 1800 1080 1849 Dschungelstreifen, einen trauernden, durchsichtig
202 1843 1080 1890 blauen Hügelzug. Aber wir würden nicht mehr an¬
196 1879 1080 1931 legen. Das anmutige Städtchen Luanda, sein weißer
196 1924 1067 1969 Sand und seine rötlichen Klippen am Wildnisrand
196 1963 1080 2013 lagen längst hinter uns, ebenso die düstere Wildnis¬
196 2004 1080 2049 fülle von Sazaire, und die romantische Aequator¬
198 2045 1080 2096 insel San Thomé mit ihren alten Forts und Kapellen,
198 2085 1080 2126 und den aus dem Inneren des Urwaldes emporstei¬
193 2122 1080 2182 genden Bergkegeln. — Ja, das war noch Afrika
193 2167 1080 2221 gewesen, San Thomé! — wenn auch ein trotz der
202 2201 1080 2255 glühenden Sonne schon milderes, vom Meer ver¬
193 2247 1080 2298 brämtes, durch die alten Plantagenhäuser, die kleine
198 2287 1080 2333 Stierkampfarena unter Bananenbäumen, und die
196 2332 1080 2380 bunten Kopftücher der lustig schwatzenden Frauen
196 2369 1080 2421 erheitertes und traulich gemachtes Afrika. Ein
202 2410 1080 2453 Tropenbild, eine afrikanische Bildergalerie war das
193 2448 1061 2502 Inselchen Thomé gewesen, verglichen mit den Wei¬
202 2485 1080 2537 ten der Savannen, der nie endenden Tiefe des Ur¬
202 2534 1080 2586 waldes im Inneren des schwarzen Erdteils, aus dem
193 2575 400 2635 wir kamen.\:p\
234 2603 1080 2665 \p\Zu ihm gehörte Freetown, und rief daher bei allen
196 2655 1080 2708 aus Afrika heimkehrenden Passagieren seltsame
202 2695 1080 2753 Gefühle und Erinnerungen wach. Sie hatten sich
193 2734 1080 2792 schon weit geglaubt — hatten vielleicht ihren
198 2775 1080 2841 Tropenhelm und ihre Khakishorts in ihrem Ein¬
1074 780 1954 833 schiffungshafen zurückgelassen, hatten während der
1074 825 1954 876 Fahrt auf dem Meer, wo der Wind die Hitze ver¬
1074 868 1954 923 teilte und den Himmel bewegte, schon vergessen,
1074 909 1954 967 wie sie dort, in Afrika, jahrelang gelebt hatten:
1074 952 1954 999 unter \g\einer Bleikuppel\:g\, umgürtet von
1082 988 1954 1035 Dickicht, in der lastenden Hitze ihrer Büros, Läden
1074 1033 1954 1083 und Zementterrassen — immer nur halb gelebt, und
1074 1072 1954 1119 im Kampf gegen das Klima, ohne die Hilfe, die
1074 1113 1954 1160 von der Freude frischer Winde, munterer Bäche,
1076 1156 1954 1201 ziehender Wolken und wiegender Baumkronen
1074 1196 1222 1241 kommt.\:p\
1117 1224 1954 1280 \p\Als wir eines Morgens, vor der Dämmerung, in
1074 1278 1954 1330 Freetown anlegten, waren wir wieder im Banne
1074 1315 1954 1368 dieses Afrikas: der Horizont war ein Feuergürtel
1074 1357 1954 1407 über dem Stahlblau des Meeres, daraus stieg der
1082 1396 1954 1448 Tag auf, von einer Hitzwelle getragen, grau und
1074 1439 1954 1482 blendend, obwohl die Sonne sich hinter Dunst¬
1072 1478 1954 1527 schichten verbarg. Im Grau des Morgens sprang der
1074 1516 1954 1562 Felsen von Freetown vor, einem afrikanischen
1074 1557 1954 1602 Gibraltar, und im gerodeten Grün der Küste lagen
1074 1602 1954 1649 die weißen Häuser der Europäer weithin verstreut,
1074 1639 1954 1684 bis zum Leuchtturm und den Radiotürmen, die ein
1072 1680 1954 1731 anderes Felsenriff zur Rechten krönten. Die eng¬
1074 1720 1954 1766 lische Kontrollbehörde kam in einer Motorschaluppe
1074 1759 1954 1809 an Bord — eine Schar rötlich bis schwarzbraun ver-
1074 1800 1954 1841 brannter, junger Leute in Khaki oder Weiß, in
1074 1843 1954 1888 Tropenhelm, kurzärmeliger Tunika, Shorts, und
1074 1882 1357 1935 Kniestrümpfen.\:p\
1117 1914 1954 1963 \p\Während sie über die Treppen und durch die
1074 1963 1954 2004 Gänge eilten, und junge englische Matrosen mit
1074 1995 1954 2051 Kindergesichtern, schweren Revolvern, schweren
1074 2040 1937 2090 Schuhen, und in kragenlosen Hemden sich auf dem
1074 2083 1954 2129 Deck verteilten, standen die Passagiere an der Ree¬
1074 2126 1954 2169 ling und blickten über die Bucht hinweg — aus
1074 2163 1954 2212 ihrer Ruhe gestört, dumpf und betäubt von der
1074 2208 1939 2249 Hitze, beunruhigt durch das Bild der Küste, der sie
1074 2246 1954 2296 wohl in Gedanken folgten bis dorthin, wo sie in
1074 2283 1954 2335 einer Stadt, einem Posten ihre Angehörigen,
1074 2324 1954 2373 Freunde oder ein Haus zurückgelassen haben
1074 2362 1954 2412 mochten ... Beunruhigt auch, weil wir uns, zum
1074 2406 1832 2466 erstenmal, in einem Kriegshafen befanden.\:p\
1125 2444 1955 2500 \p\Wir waren nicht weit von Dakar. Am Tage
1074 2474 1954 2530 zuvor waren Möbelstücke, Holzteile, Reste eines
1074 2526 1954 2582 versenkten Schiffes an uns vorbeigetrieben. Jemand
1078 2571 1955 2616 hatte in der Ferne ein Unterseeboot zu erkennen ge¬
1074 2610 1954 2670 glaubt. Flugzeuge waren über uns hinweggeflogen.
1074 2653 1954 2702 Aber das waren nur warnende, und wieder ver¬
1074 2693 1954 2743 schwindende Zeichen gewesen. Jetzt sahen wir
1074 2728 1954 2783 Freetown, dessen Namen wir nur aus dem Radio
1074 2769 1954 2820 kannten. Und wenn sich auch der größere Teil der
1954 346 2831 404 afrikanischen Kolonien im Kriege befindet, und
1954 391 2831 438 man im Bewußtsein des Krieges zu leben gemeint
1954 427 2831 479 hatte, so war doch der Anblick des Hafens von Free¬
1957 472 2831 511 town eine ganz andere Wirklichkeit. Man hatte in
1954 511 2831 558 den Kolonien schwarze Truppen gesehen, viele
1957 546 2807 603 junge Europäer waren aufgeboten worden, Kriegs¬
1959 593 2833 636 material war eingetroffen. Aber noch der abes¬
1954 632 2831 683 sinische Feldzug der belgischen Kolonialtruppe
1954 670 2831 720 hatte viel mehr einer leicht romantischen, abenteuer¬
1957 715 2831 758 lichen kriegerischen Expedition geglichen, als den
1957 748 2831 799 anonymen, furchtbaren Massenaktionen des moder¬
1942 793 2831 842 nen Krieges — der Europa überschwemmt, aber
1942 823 2831 900 Afrika bisher noch verschont hatte. Wohl hatten
1942 866 2831 924 sich die afrikanischen Gebiete, teilweise von ihrem
1942 913 2831 966 Mutterland abgeschnitten, an der Seite kriegführen¬
1942 956 2831 997 der Mächte kämpfend, wirtschaftlich auf die Folgen
1942 984 2831 1057 und Forderungen des Krieges umstellen müssen, und
1942 1039 2831 1093 jedermann, vom höchsten Beamten bis zum kleinsten
1940 1070 2831 1130 Pflanzer, Kaufmann und Freiwilligen führte «den
1942 1110 2831 1173 Krieg» ständig im Mund: denn der Krieg erklärte
1942 1145 2831 1199 die Misere der Kaffeepflanzer und die Prosperität
1954 1198 2831 1256 der Zinn-, Kupfer- und Goldgruben, die erhöhten
1942 1233 2833 1286 Steuern, die mangelnden europäischen Produkte,
1942 1280 2831 1321 und die Unmöglichkeit für Angestellte und Funk¬
1942 1314 2831 1368 tionäre, nach abgelaufenem Dreijahres-Termin die
1942 1360 2831 1403 «Europa-Ferien» anzutreten. Man reiste dafür in
1942 1400 2822 1452 die Südafrikanische Union, man tröstete sich, nach
1942 1439 2831 1484 dem Krieg werde man um so längere und schönere
1942 1482 2831 1544 Ferienreisen in Europa machen . . . Und obwohl
1942 1521 2831 1574 die spärlichen Nachrichten von Angehörigen im
1942 1549 2831 1613 Mutterland — und mehr noch die fehlenden Nach¬
1942 1607 2831 1652 richten von Vermißten, vielleicht Gefangenen, viel¬
1942 1641 2831 1693 leicht längst Getöteten — oder die Erzählungen von
1942 1682 2831 1738 gelegentlich eintreffenden «Refugiés» und die täg¬
1942 1716 2831 1781 lichen Radioneuigkeiten hätten genügen müssen, um
1942 1763 2831 1804 in den Kolonien die Tatsache und Tragweite des
1942 1795 2812 1845 Weltkrieges zum Bewußtsein zu bringen — blieb
1942 1845 2831 1890 der Krieg ein Phantom, ein Begriff, den man wie
1959 1881 2831 1939 im Geschäfts- und Börsenleben anwandte, um eine
1942 1924 2831 1974 Baisse oder Hausse, eine Maßnahme zu erklären,
1942 1965 2831 2028 ohne daß man genau zu verstehen trachtete, was
1942 2008 2551 2060 sich hinter diesem Begriff verbarg.\:p\
1997 2034 2831 2096 \p\Unter den Passagieren nach Lissabon, die in
1942 2062 2831 2143 Freetown die ersten, mit düsterer, grauer Schutz¬
1942 2120 2831 2176 farbe bemalten Kriegsschiffe sahen, befanden sich
1942 2161 2831 2229 viele, die jahrelang nicht in Europa gewesen waren
1978 2208 2831 2249 — Missionare, portugiesische Kaufleute —, und die
1942 2229 2831 2304 von den Ereignissen außerhalb des afrikanischen
1942 2289 2831 2339 Buschs wenig wußten, und nichts wissen wollten.
1942 2320 2831 2376 Sie wollten nach Europa zurückkehren und wollten
1942 2360 2831 2412 die süße Heimat genau so vorfinden, wie sie sie
1959 2410 2831 2461 vor fünf, vor zehn oder zwanzig Jahren verlassen
1942 2451 2831 2504 hatten. Andere kehrten aus «politischen» Gründen
1942 2485 2816 2545 nach Europa zurück, teils als Flüchtlinge, aus Pro¬
1942 2530 2831 2573 test, zum Beispiel gegen die Sonderpolitik des Gene¬
1942 2571 2831 2614 rals de Gaulle, teils als Freiwillige, um sich zum
1942 2612 2831 2657 Beispiel in London der Sache der Alliierten zur
1942 2648 2833 2695 Verfügung zu stellen, teils als aus Interniertenlagern
1942 2683 2831 2741 Entlassene, die gegen Kriegsgefangene der anderen
1942 2730 2831 2775 Seite ausgetauscht wurden. Nach den Begriffen
1942 2768 2831 2835 des Krieges befanden sich also Feinde und Ver¬
2826 344 3684 404 bündete miteinander an Bord, aber etwas verband
2826 389 3677 438 sie: der Wunsch, die europäische Küste wiederzu¬
2826 427 3684 472 sehen, das fremde Afrika mit der Erde der Heimat
2826 468 3688 533 zu vertauschen, selbst wenn diese Erde verarmt,
2826 513 3473 554 zerstampft, besiegt, oder bedroht war.\:p\
2870 548 3679 608 \p\Die Männer der Marine-Polizei in Freetown hät¬
2826 573 3684 636 ten wohl über oder jenseits solcher Gefühle sein
2826 629 3684 681 sollen, unabhängig davon, ob ihr Posten sich an
2826 670 3684 717 der afrikanischen Sierra-Leone-Küste, im Fernen
2826 713 3684 765 Osten, oder in einem europäischen Dorf befinde,
2826 748 3684 797 nur auf ihre Aufgabe bedacht, und die Menschen
2826 790 3679 857 nur noch einteilend und behandelnd als Freund oder
2826 827 3694 883 Feind. Aber ich habe sie eine junge Frau mit
2826 870 3684 919 rücksichtsvoller Höflichkeit behandeln sehen, die
2826 913 3684 958 mit ihren drei kleinen Kindern die Erlaubnis, nach
2826 956 3684 1003 Frankreich heimzukehren, erhalten hatte, während
2826 997 3684 1039 ihr Mann als «Vichyst» in der freien französischer
2826 1037 3684 1082 Kolonie interniert blieb. Als ich kurz vor der Wei¬
2826 1078 3684 1125 terfahrt zum letztenmal mit den Öffizieren zusam-
2826 1121 3694 1162 mensaß, fragten sie mich: «Werden Sie dort, wenn
2826 1153 3690 1211 Sie in einem friedlichen Land Ihre Artikel schrei¬
2826 1201 3688 1243 ben, auch den Empfang erwähnen, den Sie bei uns
2826 1239 3694 1293 gefunden haben? Werden Sie sagen, daß wir auch in
2826 1282 3684 1336 der Einsamkeit dieser afrikanischen Fieberküste
2826 1321 3688 1377 und trotz unseres unerfreulichen Amtes, recht
2826 1364 3303 1413 menschlich geblieben sind?»\:p\
2869 1388 3694 1448 \p\Diese Polizisten und Soldaten, die in einem wahr¬
2826 1443 3688 1495 haft höllischen Exil am Rande Afrikas den Krieg
2826 1482 3684 1529 überdauerten, waren in der Tat menschlicher, warm¬
2826 1525 3694 1574 herziger, und schlichter in ihren Gefühlen, als viele,
2826 1562 3684 1611 die weitab vom Phantom des Krieges eine normale
2826 1592 3694 1654 geschützte Existenz führend, Begriffe des Hasses,
2826 1637 3694 1686 der Rache und totaler Siege geprägt hatten, die jeder
2826 1682 3694 1744 Wirklichkeit entbehrten, und doch zu jenen Un¬
2826 1725 3684 1768 menschlichkeiten beitragen konnten, die wir in die¬
2826 1766 3694 1817 ser Zeit schon an ihrem fürchterlichen Werk sehen.\:p\
2874 1804 3696 1856 \p\Als der Dampfer in die rasch sinkende Tropen¬
2826 1832 3699 1894 nacht hinaussteuerte und der Felsen von Freetown
2826 1886 3688 1931 in Glut und Bläue zurückblieb, fragte ich mich,
2826 1929 3694 1972 ob dieser Ort des Krieges zwischen den Kontinen¬
2826 1963 3699 2010 ten nicht vielleicht geeignet sei, dem kämpfenden
2831 2010 3692 2053 und leidenden Menschen seine Bestimmung wieder
2826 2051 3694 2101 wachzurufen. Fern vom Schutz des eigenen Lan¬
2826 2090 3694 2133 des, vom Trost der Heimaterde, und herausgerissen
2826 2131 3684 2176 aus dem Kreis des ungefährdeten, «normalen» Le¬
2826 2169 3694 2217 bens — zwischen den Gewalten des Meeres und den
2826 2199 3694 2257 entfesselten Fronten des Krieges und weit vom
2826 2244 3694 2304 Kampf um ein Stückchen Besitz und Existenz,
2826 2292 3679 2356 nur ein Sandkorn in der Masse der in diesen Krieg
2824 2324 3684 2399 gerissenen Menschen, muß man sich da nicht be
2826 2371 3694 2427 sinnen, was in uns trotz allem lebendig bleibe,
2826 2414 3694 2470 wohin unsere Liebe strebe — und die falschen Phan¬
2826 2449 3432 2498 tome und hohlen Worte verwerfen?\:p\
2874 2476 3699 2536 \p\Wenn die Menschen nach solcher Prüfung an
2826 2530 3694 2594 ihre Küsten, in ihre Länder zurückkehrten, so wie
2826 2577 3668 2609 wir jetzt der Küste Europas entgegenfuhren –
2826 2607 3688 2659 würden sie nicht gelernt haben, daß die Begriffe
2826 2657 3694 2706 des Krieges von Freund und Feind nichts sind,
2824 2693 3699 2749 verglichen mit den schlichten und starken, ewigen
2826 2738 3694 2801 Gefühlen, die wir alle teilen und die uns zu Brü¬
2826 2769 3082 2835 dern machen?\:p\
