3850 5669
988 2450 1778 2613 Städte im Wallis
476 2650 2387 2768 \p\Sie liegen alle im breiten Tal der Rhone, da wo
389 2761 2375 2899 die Täler einmünden oder wo die Pässe abgehen und
386 2864 2380 2996 nach Italien oder nach den nördlichen Kantonen
374 2979 2377 3129 hinüberführen. Zuoberst \g\Brig\:g\, festes Städtchen
386 3079 2380 3192 am Fuße des Simplon, seine Türme sind von wei¬
386 3195 2385 3332 tem sichtbar wie Campanile und Signoria einer ita¬
374 3315 2385 3438 lienischen Stadt. Unten, am Fluß, der breit und
386 3415 2385 3546 milchig dahinfließt, münden die neuen und alten
374 3516 2377 3658 Straßen, die Werkstätten und farblosen Häuser
374 3628 2380 3779 stehen da, drei eiserne Brücken laufen merkwürdig\:p\\fml\
1425 588 3448 742 \p\\fml\richtungslos über den Fluß, als wollten sie sich
1433 716 3451 845 überholen. Am ausgedehnten Bahnhof stehen Wa¬
1423 820 3443 948 gen der Oberalp-Furkabahn, rote Speisewagen mit
1435 936 3438 1075 der Aufschrift Milano—Paris, die Wagenreihen der
1435 1052 2068 1178 Lötschbergbahn.\:p\
1519 1130 3421 1276 \p\Das alte Brig liegt weiter oben, wo bald die Fel¬
1425 1264 3451 1400 sen beginnen, die Häuser sind zusammengedrängt
1430 1372 3446 1496 im Schutz steiler Hänge. Ein kleiner Platz mit der
1430 1481 3448 1587 Sebastianskapelle und der grün belaubten Fassade
1425 1602 3436 1705 des Hotels Couronne et Poste, wo die ausländischen
1435 1698 3431 1862 Wagen stehen, bestaubt und mit hochbepackten
1425 1814 2053 1940 Koffergestellen.\:p\
1519 1910 3433 2056 \p\Gleich hinter dem Hotel de la Couronne beginnen
1423 2028 3428 2144 die kleinen Gäßchen, die alten verblichenen Gast¬
1425 2144 3436 2270 hausschilder („Honni soit qui mal y pense" stand
1413 2255 3436 2394 auf einem zu lesen) — steile Treppchen führen zur
1413 2364 3431 2485 alten Jesuitenkirche mit dem Kollegiumsgebäude
1425 2470 3431 2608 hinauf, und an der steilsten der Gassen, die zugleich
1423 2588 3431 2707 die Hauptgasse ist, erhebt sich, höchst überraschend,
1425 2694 3436 2800 die imposante Fassade des Stockalperpalasts. Ein
1430 2805 3413 2919 Mitglied der großen Kaufmannsfamilie der Stock¬
1413 2913 3436 3019 alper, die als Salzhändler reich geworden sind, hat
1413 3012 3428 3158 ihn um 1650 erbaut. Es muß ein weitblickender
1413 3130 3418 3262 Ehrgeiz und ein tiefwurzelndes Selbstbewußtsein
1413 3231 3431 3380 dazu gehören, um in die kleine Stadt Brig dieses
1410 3337 3418 3486 italienisch-fürstliche Bauwerk zu stellen — halb Pa¬
1425 3456 3436 3590 lazzo, halb Festung, Kontor und Familiensitz, mit
1413 3569 3428 3721 drei Türmen, deren zwei einen großen viereckigen
1413 3680 3436 3822 Hof flankieren mit Arkaden, durch deren schlanke\:p\\fml\
415 566 2424 719 \p\\fml\Bögen man die Berge sieht. Die Türme haben wie
428 692 2412 815 manche Oberwalliser Kirchtürme vergoldete Kup¬
440 800 2419 941 peln, der Hof erinnert an die arabischen Karawanen¬
425 936 639 1031 höfe.\:p\
511 1016 2427 1149 \p\Brig ist der große Stapelplatz, eine Festung ist die
415 1127 2427 1263 zweite Stadt im Wallis, \g\Visp\:g\. Es liegt wie eine Tal¬
433 1235 2429 1368 sperre über dem Fluß, der aus seinem engen Tal in
433 1343 2429 1454 das breite, offene der Rhone hinaustritt, um sich
415 1459 2427 1597 mit ihr zu vereinigen. Visp beherbergt den stolzesten
438 1567 2427 1688 Adel, der sich eine eigene Kirche erbaute. Darum
420 1667 2429 1823 hat das kleine Visp zwei große Kirchen, die wie
433 1776 2429 1906 Burgen auf den Hügeln thronen. Zur obern Kirche
415 1891 2424 2002 führt ein Portal von besonderer Schönheit, mit fei¬
428 2007 2424 2118 nem Schmiedewerk über den steinernen Pfeilern.
445 2110 2422 2221 In einer Öffnung der Kirchenmauer findet man
433 2213 2429 2339 Schädel, die in unheimlicher Manier reihenweise
428 2329 2424 2472 übereinandergeschichtet und wie zu einer Mauer ge¬
440 2435 2437 2580 fügt wurden. Aber die Kirchentüre führt auf eine
433 2550 2435 2706 Galerie, die luftig und kriegerisch wie eine Bastion
428 2673 1275 2792 über dem Tal hängt.\:p\
528 2756 2437 2890 \p\\g\Leuk\:g\ steht am Anfang des Pfyn-Waldes. Ein
428 2875 2445 2993 wehrhafter Ort, mittelalterlich eng an die rechte
433 2988 2442 3119 Talseite gebaut. Die Namen der Adligen von Leuk
428 3093 2440 3212 klingen wie Losungswort und Schlachtruf: De Werra,
425 3207 2440 3347 De Willa, Zen Ruffinen — die Stadt selbst ist einem
440 3320 2445 3430 Felsennest in den Abruzzen vergleichbar. Visp ist
440 3425 2437 3571 verwöhnter und anspruchsvoller. Leuk ist ein Ort,
425 3531 2379 3672 der sich verteidigen muß: Seine historische Rolle –
440 3647 2369 3798 eine Sust oder Warenniederlage an der Gemmi –\:p\\fml\
1471 581 3454 741 \p\\fml\mag diesen befestigten Charakter verursacht haben.
1484 698 3454 840 Denn jetzt beginnt der große Wald von Pfyn. Er
1466 810 3449 949 ist berühmt, berüchtigt, reich an Legenden. Er
1484 922 3462 1039 trennt zwei Landschaften und zwei Sprachen. Leuk
1481 1021 3457 1151 ist deutsch, Sierre französisch. Zwischen Ober- und
1464 1136 3452 1267 Unterwallis, zwischen germanischem und lateini¬
1469 1230 3444 1402 schem Wesen ist hier eine breite Grenzmark er¬
1464 1339 1754 1474 richtet.\:p\
1548 1466 3437 1590 \p\Schuttkegel aus dem Illgraben, dem Drachenloch,
1466 1563 3439 1695 dem gewaltigen Erosionsloch hinter Sierre, haben
1454 1675 3444 1829 sich quer über das breite Tal geschoben, flache
1451 1772 3439 1923 Sandhügel dehnen sich wie Dünen aus, dazwischen
1464 1886 3442 2033 Felsen, kiesiger Grund, Schutt, Wildnis und Öde.
1466 2000 3442 2122 Auf diesem Boden wachsen die Föhren mit ihren
1459 2110 3422 2246 zerspaltenen rötlichen Stämmen, mit dürrem Geäst,
1459 2217 3424 2351 fallenden Nadeln, verschlungenen Wurzeln. Grau-
1456 2323 3432 2460 braun und graugrün, fast bläulich sind die Farben
1454 2423 3434 2569 des wilden Waldes von Pfyn. Es riecht darin nach
1439 2532 3439 2681 Harz, nach Moos und nach Rauch. Elche und Bären
1451 2647 3427 2793 haben hier gehaust, Räuber lauerten auf die Rei-
1441 2766 1730 2865 senden.\:p\
1541 2858 3419 3012 \p\Nachts nisten die Nebel unter den Bäumen, oben
1441 2972 3429 3109 verdecken die Wipfel die Sterne. Der Talwind
1441 3094 3419 3226 streicht knisternd hindurch. Man geht in der Dun¬
1446 3188 3424 3332 kelheit, ohne einen Menschen anzutreffen. Man ist
1439 3310 3427 3429 weit weg von menschlichen Wohnstätten, von den
1441 3414 3417 3563 friedlichen Bauernhöfen, von den schützenden
1446 3516 2154 3623 Mauern von Leuk.\:p\
1516 3616 3439 3795 \p\Endlich lichtet sich der Wald. Eine Brücke führt\:p\\fml\
385 567 2409 693 \p\\fml\auf die rechte Talseite hinüber. Und man erblickt
397 693 1723 810 die tröstenden Lichter von Sierre.\:p\
463 797 2388 941 \p\\g\Sierre\:g\, zu deutsch Siders, scheint mir der an¬
402 913 2404 1050 genehmste Flecken der großen Talschaft zu sein.
392 1030 2409 1174 Sein Stadtwappen zeigt eine gelbe Sonne auf blauem
402 1133 2398 1255 Grund, und sein Wein heißt „Soleil de Sierre".
392 1252 2421 1386 Sierre ist kein Stapelplatz wie Brig, sondern ein
400 1356 2411 1505 Städtchen zwischen Rebbergen, — keine Burg wie
402 1465 2398 1604 Visp, sondern ein friedlicher „Bourg“, — kein Fel¬
392 1579 2409 1682 sennest wie Leuk, sondern sanft in das breite Tal
407 1688 2391 1824 gebettet. „Siderum amoenum — das sanfte, lieb¬
410 1822 2421 1930 liche Siders. Es ist vom Klima begünstigt, dreißig trübe
410 1908 2419 2034 Tage zählt man während eines langen Winters vom
410 2021 2416 2130 1. Oktober bis zum 31. März — selbst das milde
410 2133 2431 2274 Lugano muß davor zurücktreten. Im Sommer ist
397 2254 2419 2355 Sierre heiß und drückend, aber im Herbst, wenn
392 2345 2416 2500 in anderen Gegenden die Nebel einsetzen und die
402 2454 2436 2596 langen Regenwochen, dann beginnt die schöne Zeit
410 2581 2421 2692 von Sierre. Engländer pflegen hier zu wohnen, in
410 2677 2409 2808 Crans oben Golf zu spielen, im Val d’Anniviers Aus¬
415 2791 2419 2925 flüge zu machen. Das alte Schloß der de Courten
402 2897 2424 3031 ist in das Schloßhotel Bellevue umgewandelt wor¬
402 3011 2416 3150 den, man wohnt dort in alten Zimmern, ißt in
428 3132 2424 3249 einem immensen Saal, frühstückt unter alten Bäu¬
415 3231 2436 3375 men auf einer kühlen Terrasse, und man betritt die
415 3352 2201 3464 Halle durch ein hohes schmiedeeisernes Tor.\:p\
524 3453 2434 3603 \p\Von Sierre nach der Hauptstadt \g\Sitten\:g\ hinab
415 3567 2439 3691 führt wieder die breite Talstraße mit den hohen,
428 3671 2447 3838 geraden Pappelalleen. Die Landschaft verändert\:p\\fml\
1510 590 3525 748 \p\\fml\sich: die sonderbaren Rundhügel werden immer
1508 700 3520 828 zahlreicher und schieben sich von allen Seiten wie
1518 815 3532 966 Kulissen in die niedere Talsohle vor. Kegel an
1500 941 3510 1066 Kegel türmen sie sich auf, natürliche Befestigungen.
1518 1026 3507 1167 Auf einem ansteigenden Hügelrücken erblickt man,
1498 1146 3517 1282 Silhouette im Abendhimmel, eine große Ruine und
1510 1237 3505 1395 lange Befestigungsmauern: Tourbillon. Daneben, auf
1513 1365 3502 1500 einem zweiten Hügel, Valeria, Kirche oder Burg,
1505 1463 2998 1598 das gewaltige Wahrzeichen der Stadt.\:p\
1598 1586 3495 1729 \p\Sitten liegt zwischen den seltsam geformten Hü¬
1488 1691 3490 1839 geln wie eine Talsperre, mitten im Kampfgebiet,
1498 1804 3492 1944 herausfordernd und gut zu verteidigen. Heute ist
1493 1907 3495 2052 es eine Stadt mit doppeltem Gesicht. Man kann
1495 2007 3490 2150 Sitten langweilig und nüchtern finden, wenn man,
1488 2135 3490 2268 vom Bahnhof kommend, die üblichen breiten Straßen
1475 2238 3485 2373 hinabgeht, der große Platz mit dem hübschen Na¬
1490 2348 3485 2474 men „Planta" ist ebenso städtisch kahl wie Post
1478 2459 3477 2592 und Banken und Geschäftshäuser, und die Unzahl
1490 2564 3472 2702 von laut dröhnenden, ratternden, hupenden Last¬
1480 2667 3477 2825 automobilen tragen das ihre zum Unbehagen bei.
1478 2780 3492 2925 Reizlose, ein wenig traurige Kleinstadt – und
1490 2893 3475 3043 gleich daneben, zu Füßen der Festungshügel, das
1465 2998 3477 3161 alte Sitten, wo die Häuser sich steil und schutz¬
1465 3098 3477 3256 bedürftig den felsigen Abhang hinauf drängen, und
1468 3229 3475 3367 wo am Abend das Geläute der Kirchen vielstimmig
1463 3324 3472 3465 durch die Straßen getragen wird. Irgendwo, in der
1463 3427 3472 3588 Nähe der Kathedrale und der Theodulkirche, steht
1453 3552 3470 3690 als einsamer Zeuge der Hexenturm, mitten in der
1450 3645 3457 3803 Stadt ist aber eine durchaus mittelalterlich an¬\:p\\fml\
687 3092 1289 3240 \f\Zeichnung von Sitten von Tomamichl\:f\
1256 3275 1474 3408 \fp\Sitten\:fp\
361 3385 2347 3518 \p\\fml\mutende Straße zu finden, welche „Grand Pont“
359 3503 2377 3636 heißt. Neben Rathaus und Glockenturm werden in
366 3616 2362 3756 der kleinen, sehr französischen „Brasserie du Grand¬\:p\\fml\
1502 577 3508 717 \p\\fml\Pont“ die Landweine offen ausgeschenkt: die „Clos
1492 695 3498 832 du Valais" und „Glaciers", Fendant, Dôle und Jo¬
1494 805 3503 938 hannisberger. Deutsch ist die Straße, die halb zum
1494 905 3498 1051 Platz sich weitet, mit dem Brunnen in der Mitte
1637 1036 3490 1158 – italienisch der Saal im Haus der Supersaxo,
1507 1133 3478 1261 und die Gäßchen, die mit einem Gewirr zer¬
1492 1244 3485 1362 fallender Häuser, kleiner Balkone und runder Tor¬
1494 1349 3478 1492 eingänge den ansteigenden Hügel der Valeria be¬
1504 1467 1808 1575 decken.\:p\
1610 1562 3485 1708 \p\Wenn man abends in dieses Quartier eindringt,
1502 1683 3470 1815 glaubt man sich in ein altes Städtchen an der italie¬
1489 1785 3495 1921 nischen Küste versetzt: die Gerüche sind die
1502 1903 3495 2014 gleichen, der Rauch aus den Waschküchen, die wie
1502 2011 3493 2131 Keller aussehen, der trübe Lichtschein aus tiefen
1502 2124 3495 2229 Höfen, die Scharen schmutziger Kinder, die sich mit
1494 2222 3478 2355 Katzen und Hunden in den Straßen herumtreiben,
1484 2334 3475 2450 das unebene Pflaster, Wäsche von Fenster zu Fen¬
1484 2447 3490 2590 ster aufgehängt, Vogelkäfige und Blumen auf den
1484 2548 3490 2673 brüchigen Balkonen, und die Musik ... Gellendes
1482 2655 3478 2798 Grammophon hinter gelben verstaubten Vorhängen,
1487 2776 3480 2911 kleine Lieder auf den Treppen gesungen ... Aber
1507 2881 3485 2996 wichtiger und imposanter als Kantonshauptstadt
1484 2989 3483 3127 und Altstadt ist die eherne, wilde und herbe Tra¬
1494 3097 3478 3250 dition jener Hügel, die ihr Wahrzeichen und kost¬
1492 3210 2136 3312 bares Erbe sind.\:p\
1567 3317 3478 3433 \p\Die Säle von Majoria sind bei einem Stadtbrand
1484 3425 3468 3566 1788 zugrunde gegangen, man hat jetzt eine Ka¬
1477 3528 3493 3673 serne daraus gemacht. Ich tat mein Bestes, um
1489 3643 3480 3789 trotzdem in die alten Mauern zu gelangen und der\:p\\fml\
390 547 2447 683 \p\\fml\alten bischöflichen Herrlichkeit auf die Spur zu
403 680 2442 822 kommen. Aber ein Wachtposten, der mich fahr¬
408 793 2439 914 lässig übersehen hatte, holte mich oben auf der
408 917 2447 1032 Bastion atemlos ein und wollte mir auch durchaus
398 1017 2437 1155 nicht erlauben, auf dem kleinen Pfad dem Hügel¬
403 1132 2447 1248 rücken entlang nach Tourbillon zu gehen. Ich sah
408 1248 2447 1363 es ein und bestieg statt dessen den steilen Hügel
403 1353 2447 1494 von Valeria. Hier residierte das „Collégiale", das
416 1463 2447 1592 Domkapitel von Sitten. Seine Kirche steht auf den
403 1582 2447 1689 Überresten eines heidnischen Tempels, da und dort
398 1700 2437 1808 im ummauerten Garten findet man eine abge¬
390 1795 2447 1928 brochene Säule, eine Inschrift auf einem weißen
395 1918 665 2044 Block.\:p\
488 2021 2439 2152 \p\Im Kapitelsaal stehen uralte und seltene hoch¬
403 2144 2457 2267 beinige romanische Truhen, ein Flügelaltar aus dem
416 2257 2447 2370 Oberwallis, darstellend das Martyrium der heiligen
390 2370 2455 2503 Katharina: eine Flut von Köpfen, die in das zähe
398 2478 2449 2639 Material des Holzes gebannte Erregung einer from¬
408 2601 1073 2724 men Engelschar.\:p\
485 2686 2437 2835 \p\Der Adel hat andere Zeugnisse hinterlassen: der
390 2809 2447 2958 blaue Schild mit dem Adler der Herren von Raron,
403 2919 2447 3060 ihre geschmiedeten Waffen neben den berühmten
408 3040 2447 3148 Schleudermaschinen der Kirche — und endlich die
403 3148 2434 3286 roten Röcke Ludwigs XVI. und Ludwigs XVIII.,
408 3268 2434 3402 die einem Riedmatten oder De Courten gehörten,
403 3361 2447 3512 und — eine Merkwürdigkeit — jene Liste „Etat
408 3487 2408 3628 général des troupes de S. M. le Roi de Sardaigne"
552 3600 2439 3710 – weiße Standarte mit den aufgezeichneten Regi¬
390 3710 2442 3869 mentern, unter denen der Walliser Name Kalber¬\:p\\fml\
1504 534 3503 670 \p\\fml\matten neben dem bernischen Tscharner zu lesen ist.\:p\
1597 649 3508 790 \p\Noch merkwürdiger als dieses Museum ist fraglos¬
1502 755 3495 883 die Kirche selbst, Valeria, Festung und Gotteshaus,
1502 870 3498 993 der Weg zur Kanzel gleicht dem Zugang zu einer
1517 983 3490 1111 Schießscharte, hinter dem Schiff ist ein Raum an¬
1510 1081 3490 1219 gebaut, wo noch die alte handgetriebene Mühle zu
1502 1186 3495 1334 sehen ist — einige Chorteile der Kirche sind uralt,
1507 1306 3490 1419 und die Säulen tragen die sehr berühmten roma¬
1502 1412 3483 1557 nischen Kapitelle mit sonderbar phantastischen Tier¬
1489 1515 3495 1662 fratzen, verblichene Fresken an den Wänden, ein
1489 1632 3493 1763 reich geschnitztes barockes Chorgestühl, und ein
1494 1760 3478 1861 einfacheres, aus dem fünfzehnten Jahrhundert stam¬
1489 1851 3493 1978 mend, vom Kloster Géronde bei Sierre hierher ver¬
1487 1968 3483 2104 setzt: mit den rührenden Apostelfiguren, den ein¬
1494 2074 3485 2192 fachen und breitgesichtigen — und mit der schönen
1492 2184 3490 2329 und sanften Verkündigung, dem sanftesten christ¬
1487 2297 2016 2410 lichen Motiv.\:p\
1580 2397 3490 2545 \p\In \g\Martigny\:g\, so vernimmt man, wurden die
1489 2492 3493 2650 zahlreichsten römischen Funde gemacht, denn hier
1489 2623 3493 2731 stand eine römische Legion, um das Tal und den
1494 2736 3490 2846 Aufgang zum St. Bernhard zu bewachen. Am Fuß
1489 2828 3480 2944 der Burg „La Bâtiaz" führt eine schöne, ehrwür¬
1492 2941 3490 3084 dige, gedeckte Holzbrücke über die Drance, und
1484 3072 3490 3195 ein paar alte Häuser liegen zwischen Felshang und
1492 3164 3490 3307 Ufer. Endlich gibt es, etwa zwanzig Minuten von
1489 3272 3505 3410 Martigny-Ville, das fast vergessene und sehr stille
1474 3385 3493 3523 \g\Martigny-Bourg\:g\, wo das Hotel Trois Cou¬
1489 3498 3483 3628 ronnes schon seit dreihundert Jahren an der Ecke
1477 3593 2392 3751 des Hauptplatzes steht.\:p\
454 607 2373 753 \p\Und Martigny selbst — poesielos beim ersten An¬
357 719 2368 867 blick — erweist sich als ein freundlicher Aufenthalt.
365 847 2380 964 Man wohnt etwa im Hotel Kluser et Montblanc.
378 949 2373 1064 (Warum haben hier alle Hotels verwirrenderweise
347 1054 2357 1204 zwei Namen statt eines einzigen?) Der Wirt küm¬
355 1161 2368 1304 mert sich höchst persönlich um das Wohlbefinden
367 1283 2368 1403 seiner Gäste und zeigte mir — obwohl es erst Sep¬
360 1385 2368 1531 tember war – die eingebauten Raclette-Öfen in
347 1490 2355 1630 seinen Stuben, vor denen die Gäste im Winter ver¬
355 1610 2368 1709 sammelt sitzen und das Braten der Käsestücke beob¬
352 1709 2373 1860 achten. Im kleinen „Café de la Messagerie" spielen
355 1834 2368 1952 die jungen Arbeiter abends Billard, und die
370 1949 2368 2087 Wirtin bereitet in wenigen Minuten die fetten
360 2054 2368 2184 Tranches de Fondue, die ein Nationalgericht sind.\:p\
452 2163 2368 2278 \p\Zwischen Martigny und St-Maurice schieben sich
357 2278 2362 2411 die Berge zusammen und türmen sich auf, bedroh¬
350 2385 2368 2523 lich, als gelte es, Unbefugten den Durchgang zu
365 2495 2368 2620 versperren. Eine beinahe theatralische Landschaft,
350 2602 2378 2743 von Riesen im Streit so zurückgelassen, trennt
360 2720 2368 2857 uns schroff von dem offenen und gewinnenden
342 2824 727 2952 Rhonetal.\:p\
434 2924 2350 3064 \p\\g\St-Maurice\:g\ hat seinen Namen von einem Mär¬
350 3046 2375 3187 tyrer, jenem Mauritius der thebaischen Legion, der
337 3169 2368 3289 mit vielen ebenso standhaften Gefährten den Tod
344 3266 2375 3406 für seinen Glauben erlitt. Das war um das Jahr 300
457 3375 2362 3513 zur Zeit der Völkerwanderung und des sinkenden
344 3482 2357 3602 römischen Reichs. Frühchristlich, romanisch ist
344 3607 2373 3735 St-Maurice bis heute geblieben. Man trifft die
337 3717 2388 3852 Augustinermönche der alten Abtei in den Straßen\:p\\fml\
1507 574 3503 710 \p\\fml\des winzigen Ortes. Winzig: denn er ist zwischen
1512 682 3521 815 Fluß und steiler Felswand eingeklemmt und hat
1507 792 3510 918 kaum Platz zum Atmen. Die Hauptstraße ist ent¬
1512 895 3505 1041 sprechend eng, aber dahinter tauchen die Dächer
1512 1003 3503 1156 der Gotteshäuser auf: die Pfarrkirche, wo der Hei¬
1512 1123 3505 1264 lige König Sigismund von Burgund begraben liegt,
1507 1231 3503 1357 und die Kirche der Augustinerabtei — die älter als
1512 1334 3508 1447 selbst die Abtei von Disentis und überhaupt das
1502 1447 3495 1590 älteste und ehrwürdigste Kloster der Schweiz ist.\:p\
1597 1547 3508 1665 \p\Man findet in der Felswand hinter dem Kloster
1494 1665 3498 1820 Katakomben und Steinplatten mit roten römischen
1512 1775 3495 1903 Inschriften. Und wenn man die Glocken von
1510 1883 3503 1998 St-Maurice hört, wird die wilde Zeit lebendig, als
1494 1993 3503 2136 die Christen mitten im Kampf zwischen den Bar¬
1494 2104 3510 2247 baren und dem agonisierenden Römerreich die
1494 2209 3037 2360 Grundsteine einer neuen Kultur legten.\:p\
