3575 4520
677 355 1907 412 Annemarie Clarac-Schwarzenbach:
1185 495 2101 558 Rückkehr nach Lissabon.
223 467 607 784 [add right: WeWo]
1633 205 2051 268 Mai 1941
2239 175 3340 235 Für die "Tat", – falls abgelehnt,
2233 259 3340 316 an Boesch? – Kopie auf
2218 340 3257 397 anderem Weg später an
2221 414 2821 480 Mabel, Deine
2916 456 3009 516 A.
2254 511 3403 608 (Im[m]er vorausgesetzt dass die W. W.
2251 588 3101 667 am Aufsatz ablehnt!)
776 705 3245 763 \p\Von allen Städten, die ich kenne, hat mich, als ich sie zum ersten
615 780 3278 846 Mal betrat, keine so gut empfangen wie Lissabon. Sie lag so ausserhalb
626 849 3236 918 unserer damals gewohnten Wege, diese Hauptstadt eines kleinen, gewiss
623 924 3227 993 reizenden, aber von der Geschichte offenbar halb vergessenen Landes,
623 994 3316 1064 dass ich mir die Mühe nie gemacht hatte, sie um ihrer selbst willen zu
626 1072 3218 1139 besuchen. Die Welt schien in jenen Jahren der Freiheit so gross, man
626 1144 3281 1211 hatte immer Eile, und schiffte sich in Frankreich ein, um nach England
623 1216 3206 1285 oder Amerika zu reisen, in Genua oder Triest,um nach Palästina oder
620 1288 3245 1354 Syrien zu gelangen, – wollte man in die Türkei, so bestieg man in Genf
620 1366 3281 1432 den Orient-Express, und nach Indien führte in kürzester Frist der Weg
623 1437 3260 1500 durch den Suez-Kanal. Nach dem Fernen Osten, sagten mir die Deutschen
623 1502 3352 1572 noch vor wenigen Jahren, werde man über kurz oder lang weder die trans¬
626 1577 3278 1644 sibirische Eisenbahn brauchen, noch die britischen, französischen oder
623 1650 3140 1719 holländischen Flugzeuge, die über Baghdad, den Persischen Golf und
626 1723 3212 1793 Karrachi kaum sieben Tage brauchten bis an die Schwelle Chinas: die
620 1804 3400 1865 Lufthansa bereitete sich vor, den Spuren der alten Seidenstrasse entlang
626 1866 3358 1939 auf dem Landweg durch Asien zu fliegen, von Baghdad über Persien, Afgha¬
632 1946 3212 2013 nistan, den Pamir hinweg in das chinesische Turkestan, und durch die
626 2029 2152 2081 Wüsten zwischen Tibet und der Mongolei.\:p\
629 2086 3403 2150 \p\Tatsächlich fand ich bald ihre Posten in Teheran, in Kabul. Im Jahre 1937
635 2159 3218 2229 stieg das Flugzeug "Rudolf von Thüna" des Fliegers von Gablenz von
626 2231 3292 2300 Kabul zu einem Erkundigungsflug über den Pamir auf, und blieb mehrere
632 2303 3254 2369 Wochen verschollen. Die Engländer sandten ihre indischen Flieger zur
629 2374 3182 2444 Nachforschung aus, vergeblich. Dann landete von Gablenz eines Tages
632 2451 3260 2515 wieder in Kabul, unversehrt, unrasiert, und berichtete,Banditen hätten
629 2521 3215 2590 ihn nach einer Notlandung festgehalten, er habe wohl die Motore der
641 2596 3191 2665 suchenden Flugzeuge gehört, aber diese hatten seinen unter Zweigen
641 2669 3248 2736 camouflierten "Rudolf von Thüna" nicht sehen können. Ob es Chinesen,
641 2735 3284 2808 Russen, Japaner, oder Banditen schlichthin gewesen seien, die ihn fest¬
635 2810 3245 2880 hielten und dann ohne Erklärung wieder freiliessen, wusste er nicht.
635 2878 3266 2951 Jedenfalls tat sein unaufgeklärtes Abenteuer dem Mut Anderer keinen
635 2966 3328 3026 Abbruch, denn wer, der die Welt genug liebt, um sie entdecken zu wollen,
638 3032 2552 3095 wer fürchtet sich denn, und vor welchem Abenteuer?\:p\
635 3096 3191 3172 \p\Aber das war vor dem Krieg. Und jene Freiheit, die voraussetzt, dass
644 3176 3334 3243 die Absichten eines Jeden sein eigenes Gesetz und seine Verantwortung
644 3242 3206 3311 seien, also unschuldig, – sodass ein Jeder unbehelligt ziehen konnte,
650 3305 3310 3384 und soviel wagen, als er wagen wollte, – diese Freiheit wird [add below: so bald] nicht mehr
644 3407 1155 3459 zurückkehren.\:p\
644 3461 3301 3533 Ich kam also nach Portugal, in das Land der Meerfahrer, Abenteurer und
647 3533 3272 3602 Entdecker, zu einer Zeit, als es, um von Amerika nach Europa zurück zu
653 3613 3289 3679 kehren, keinen anderen Weg mehr gab, nämlich im Februar dieses Jahres,
656 3678 3242 3744 vor weniger als drei Monaten. Aber schon die Vereinigten Staaten zu
653 3750 3122 3820 verlassen, war, wenn auch ein Entschluss aus freien Stücken, schon
653 3837 3412 3898 keine einfache Angelegenheit mehr. Wie traut man sich, wurde ich gefragt,
659 3897 3346 3969 den noch sicheren Grund und Boden aufzugeben,die Aufenthaltserlaubnis
656 3973 3239 4036 in einem noch friedlichen und reichen, zukunftsträchtigen Land, – wie
668 4042 3236 4096 verantwortet man die Entscheidung vor sich selber, in das vom Krieg
659 4102 3248 4168 gezeichnete alte Europa zu reisen, wo ein Land nach dem anderen vom
659 4165 3236 4244 Feuer erfasst wird, wo bald überall Armut, Hungersnot, und immer mehr
1376 270 2692 333 –2– (Clarac, Rückkehr nach Lissabon)
617 497 3278 539 Zwang herrschen [add inline: werden], wie kann man sich so preisgeben. Ich musste zum Trotz
623 566 3248 617 aller Warnungen reisen, die ich wirklich nur in den Wind schlug, denn
623 637 3197 691 was hätte ich antworten sollen, welche Sicherheiten haben wir noch.
615 709 3236 766 Da empfing mich, nach zehn stürmischen und düsteren Tagen, das portu¬
623 782 3382 842 giesische Ufer und Lissabon. Ich erblickte es mit begreiflicher Rührung,
626 850 3272 908 denn hier nahm der Erdteil,den ich lange nur auf strategischen Land¬
617 927 3191 984 karten gekannt hatte, lebendige Gestalt an und die Form von Hügeln,
623 1004 3278 1055 den ersten Geruch von Wiesen und Rauch aus den Schornsteinen kleiner
615 1070 3209 1127 Fischerhütten, da wehten die Segel altmodischer Boote, da verengerte
620 1145 3280 1199 sich der Fluss zum Hafen, und das weisse Lissabon stieg in Abendlicht
617 1226 3161 1281 gebadet, wahrhaft glänzend, mit Kirchen, Dächern, Monumenten, Märkten,
623 1295 3451 1347 Hafenmolen, alten Palästen terrassenförmig aufwärts von der Wasserschwelle
620 1367 3328 1419 bis zur okergelben [sic], gezackten Mauer seiner maurischen Burg. Wie war ich
620 1438 3328 1499 glücklich, als ich zum ersten Mal durch seine engen und steilen Gassen
617 1512 3257 1575 ging, vor einem Brunnen still stand, in einem Kaffee an einem lärmend
617 1588 3179 1643 lebendigen Platz bekannte Gesichter erblickte, einem krauslockigen
615 1662 3403 1711 Buben spät in der Nacht eine Schweizer Zeitung abkaufte, und am nächsten
617 1730 3251 1787 Morgen, vom Fenster eines in die tropische Fülle, das Smaragdgrün, und
626 1802 3137 1856 erste Blüten gebetteten Palastes aus die schimmernde Hafenfläche
626 1876 3212 1930 überschaute, die von Schiffen und Wimpeln und Schornsteinen bedeckt
635 1948 3221 1999 war! – Dann lernte ich die Fülle der Märkte kennen, den Ueberfluss an
620 2019 3304 2079 Früchten, Blumen, Butter, Oliven und Oel, an süssen Weinen und Weissbrot,
623 2089 3251 2144 an Kuchen, Kaffee, tausend Süssigkeiten, an Wolle und Leinen, Tabak. Ich
638 2164 3209 2216 vernahm die Ueberfülle von Lebensäusserungen und Daseinsfreude, die
623 2228 3149 2288 Lieder der Matrosen, die Scherze der Handlanger am Hafen,den Wort¬
632 2309 3212 2363 schwall der Geflügelverkäuferinnen und Blumenfrauen, der bettelnden
620 2384 3289 2438 kirschäugigen Kinder. Dann sah ich die Wucht des Ziklons[sic], und wie sich
626 2452 3280 2512 unter seiner Gewalt uralte Bäume in Sintra langsam beugten, neigten,
623 2527 3185 2581 die mächtigen Wurzeln mit sich aus dem Erdreich hebend, um endlich
626 2596 3352 2659 zu zerbrechen wie ein Streichholz. Später sah ich die naiven und leuch¬
635 2670 3289 2730 tenden Bilder junger Maler in diesem Land, welche die[add inline: der] sanfteren Nach¬
626 2739 3245 2799 kommen der Eroberer[add inline:,] sind, – sah die freundlichen, fast nachlässig höf¬
620 2820 3146 2871 lichen Gepflogenheiten jener jungen Männer, welche gewissermassen
629 2891 3170 2945 die Infanten, Kinder Heinrichs des Seefahrers sind. Ich sah, wie sie
623 2966 3152 3020 ihre Häuser bauen, wie sie sich erfreuen an offenen Terrassen, von
629 3038 3176 3089 denen aus man zuerst die Blumen, dann die Pinien, endlich das Weiss
635 3109 3212 3163 des Hafens überblickt, und sich nährt am Licht eines wirklich immer
629 3181 3248 3235 bewegten, gesegneten Himmels und am Meerwind. Nach wenigen Wochen war
626 3249 3325 3312 ich vom Gefühl wie berauscht, ein Europäer zu sein. Man warnte mich, als
632 3321 3185 3381 ich die Reise durch das hungernde Spanien und besiegte Frankreich
632 3396 3215 3453 antrat, ich hätte, in diesen zu kurzen und noch gewitterhaften Früh¬
635 3476 3251 3534 jahrstagen Portugal nicht genug gesehen, um es zu lieben, erst später
638 3551 3218 3597 würde ich enttäuscht sein, es nicht entdeckt, es nur im Ueberschwang
629 3617 2128 3671 des eigenen Gefühls begrüsst zu haben.
635 3685 3251 3742 \p\Nach genau vier Wochen kehrte ich zurück. Es regnete in Lissabon, mir
635 3757 3257 3817 bangte nach herben Erfahrungen vor der nächsten Zukunft auch dieses
632 3838 3185 3887 Landstrichs, der zu Europa gehört. Aber da breiteten gerade die wie
638 3913 3266 3944 uralte Fregatten anmutenden Schiffe der nach Grönland aufbrechenden
632 3980 3280 4010 Fischer ihre hundertfältigen Segel aus, um zum letzten mal im Heimat¬
635 4021 3295 4069 hafen versammelt die Weihe des Bischofs zu empfangen, und ich sah sie
698 4100 3328 4157 langsam wie grosse Vögel ausfahren, ein ewiges, hoffnungsvolles Bild ...\:p\
2382 4214 3066 4304 (Lisboa, 3.Mai 41)
