4800 6340
478 543 4292 579 Studenten – in drei
490 938 2203 986 Ländern
922 1109 1456 1229 BILDBERICHT VON
922 1200 2185 1309 DR. ANNEMARIE CLARK-SCHWARZENBACH
546 1509 2185 1645 \p\Will man erfahren, wie es um ein Land bestellt ist und um Charakter
534 1582 2185 1679 und Geistesverfassung einer Nation, so tut man gut daran, sich an
506 1668 2185 1731 die Studenten zu wenden. Was ein Bauer, ein Arbeiter, ein Arzt oder
506 1729 2175 1801 Ingenieur aussagt, gilt zunächst nur für seinen Stand und muß erst sorg¬
506 1790 2187 1858 fältig geprüft werden, bevor man es verallgemeinert. Die Studenten aber
504 1858 2196 1925 sind im besten Sinne ein \g\freier\:g\ Stand, sie sind noch nicht an einen
513 1908 2185 1992 Beruf, an eine Klasse gebunden, müssen nicht für eine Familie sorgen
502 1969 2185 2042 nichts hindert sie, so zu urteilen, wie es ihnen ums Herz ist, und sich für
513 2036 2194 2108 das zu interessieren, was «in der Luft liegt». Und sie, die späteren Aerzte
513 2089 2192 2160 und Juristen, Landwirte und Lehrer, sie bestimmen das werdende Gesicht\fml\\:p\
3251 4007 4436 4116 La jeunesse universitaire des Etats
3251 4112 3734 4232 de la Baltique
3305 4242 4633 4331 \p\Le futur «Climat» politique, économique et social d'un
3257 4318 4633 4396 pays dépend en grande partie de la jeunesse qui l'habite et
3251 4373 4625 4444 surtout de ceux qui, demain, en formeront l'élite intellec¬
3251 4442 4635 4507 tuelle: les étudiants. Notre éminente collaboratrice Madame
3251 4503 4629 4585 Annemarie Clark s'est rendue sur les rives de la Baltique et y
3251 4560 4619 4640 a interrogé nombre de jeunes universitaires sur leurs préoccu¬
3253 4623 4637 4694 pations présentes, leurs projets d'avenir et leurs conceptions
3257 4684 3478 4768 politiques.\:p\
3783 2660 4161 2690 \f\Jan Alamae\:f\
3536 3148 4637 3219 \fp\Estland: Jan Alamae, Student der theologischen Fakultät an
3244 3156 4621 3259 der estnischen Landesuniversität Tartu, ist ein typi¬
3244 3249 4633 3307 scher Vertreter der «ersten gebildeten Generation» Estlands. Ein
3244 3303 4621 3356 Bauernsohn — mit unverbrauchter Energie und ruhigem Selbst¬
3244 3354 4633 3402 bewußtsein. Er und seine Kameraden wissen, daß ihr Land sie
3244 3404 4635 3452 brauchen wird, sie fühlen sich in Uebereinstimmung mit dem Staat
3246 3450 4635 3507 und der Gesellschaft, in der sie leben und an deren Zukunft sie
3244 3496 3963 3568 teilhaben und mitarbeiten werden.\:fp\
3244 3547 4635 3635 \fp\Estonie. Jan Alamae, étud. théol. à l'Université de Tartu, est un
3251 3618 4627 3667 représentant typique de la jeunesse actuelle estonienne, jeunesse
3246 3665 4627 3717 énergique, sûre d’elle-même, optimiste, dont le premier idéal est de
3246 3713 3570 3793 servir la patrie.\:fp\
2109 5597 2448 5630 \f\Schwedische Studenten in Fracks\:f\
3557 5035 4637 5121 \fp\Schweden: Die schwedischen Studenten sind nach altem
3246 5064 4635 5167 Brauch in «Nationen» organisiert, d. h. nach den
3257 5152 4642 5224 Landschaften, aus denen sie stammen. Die «Nationen» wohnen,
3253 5203 4629 5276 z. B. in Upsala, in ihren besonderen Internaten. Obwohl die Tra¬
3253 5249 4640 5316 dition im studentischen Leben eine große Rolle spielt, existiert
3251 5306 4637 5369 doch kein enger, von gesellschaftlichen Vorurteilen belasteter
3253 5354 4621 5404 «Korpsgeist». So fügen sich diese beiden Studenten trotz des feier¬
3251 5398 4642 5467 lichen Fracks unbefangen in die Volksmenge, die in Gripsholm
3259 5453 4602 5512 während eines Jubiläumsfestes die Ankunft des Königs erwartet.\:fp\
3253 5516 4642 5579 \fp\Suède. Les étudiants suédois ne sont pas constitués en corps ou en
3253 5570 4629 5625 sociétés, mais ils sont groupés par «nations», c'est-à-dire par pro¬
3257 5621 4642 5673 vinces d'origine. Bien que les traditions estudiantines jouent en
3253 5665 4633 5728 Suède un rôle considérable, les «nations» n'ont aucun esprit fron¬
3253 5711 4633 5774 deur et hostile à l'égard de la vie de société. Voici, revêtus du frac
3259 5768 4629 5839 protocolaire, deux étudiants venus saluer le roi lors du 400me anni¬
3265 5812 3963 5896 versaire du château de Gripsholm.\:fp\
293 3940 1403 4027 \p\\fml\ihrer Nation. — Diese Rolle und Aufgabe der
297 4021 1397 4104 akademischen Jugend tritt in den kleinen Balti¬
297 4091 1403 4151 schen Staaten besonders hervor, denn dort, wo
302 4147 1394 4209 die nationale Selbständigkeit erst nach dem Welt¬
293 4205 1397 4271 krieg in zweifachem Befreiungskampf gegen Rus¬
293 4265 1403 4329 sen und Deutsch-Balten errungen wurde, dort
302 4322 1403 4395 galt es, eine «erste Generation» von Gebildeten
302 4384 1390 4459 zu erziehen, Söhne von Bauern, Enkel von Leib¬
297 4442 1409 4517 eigenen. Die alte Universität Dorpat, wo einst
295 4504 1403 4579 Russen und Deutsche studiert hatten, wurde nun,
297 4564 1412 4628 umgetauft in \g\Tartu\:g\, das Zentrum der jungen
293 4624 1397 4695 estnischen Nation. In Finnland-Suomi vollzog sich
302 4682 1405 4744 ein ähnlicher Umschwung, aber auf friedlichere
317 4742 1390 4812 Weise: dort verloren die Schweden ihr Bildungs¬
297 4801 1388 4866 monopol, die jungen Finnen rückten nach, selbst¬
293 4859 1399 4941 bewußt, optimistisch, unbelastet von politischer
304 4921 1414 4990 und ökonomischn Krisen. Suomi wird teils von
297 4981 1392 5047 Skandinavien, teils von der Baltischen Länder¬
302 5043 1412 5109 gruppe reklamiert [vgl. ausführlicher in smallform_?] — die neue Generation blickt
297 5099 1403 5169 aber mehr nach Schweden, wo die bürgerliche
302 5159 1412 5234 Jugend in alter studentischer Tradition erzogen
304 5219 1403 5281 wird. Prosperität und lange Friedensperiode und
302 5278 1412 5347 die Entfernung von den europäischen Zentren
297 5338 1399 5411 und Brandherden haben die Schweden «entpoliti¬
295 5396 1397 5473 siert». Erst der Konflikt zwischen der fortschritt¬
295 5456 1412 5529 lichen Sozialdemokratie und dem saturierten
295 5514 1390 5589 Bürgertum hat die Jugend aufgerüttelt: die bür¬
304 5580 1397 5653 gerlichen Studenten vereinigen sich in nationali¬
297 5636 1409 5698 stischer Opposition gegen die neue proletarische
297 5695 1399 5760 Schicht, die zu den Hochschulen strömt. Aber in
302 5758 1390 5820 diesem reichen und sozial vorzüglich organisier¬
297 5817 1412 5892 ten Land ist auch diese Spannung und Spaltung
310 5877 526 5959 gemäßigt.\:p\
552 2937 798 3103 \f\Studentin der Universität Tartu\:f\
603 3217 1998 3294 \fp\Estland: Diese kleine Studentin ist «Fuchs» in einer weiblichen Korporation
304 3238 2004 3341 der Universität Tartu. Man hat die studentischen Traditionen der
289 3336 1993 3394 alten Universität Dorpat übernommen, sie aber den modernen Verhältnissen an¬
293 3384 1993 3443 gepaßt. Früher studierten hier die Söhne russischer Beamter und deutscher Ba¬
293 3431 2008 3493 rone, jetzt studiert die männliche und weibliche Jugend der neuen estnischen
295 3478 464 3544 Nation.\:fp\
293 3533 1998 3617 \fp\Estonic. Cette petite jeune fille n'est encore que «fuchs» dans son corps d'étudiants.
297 3600 1995 3662 Aujourd’hui, les Estoniens ont le droit de se constituer en corps d'étudiants et d'étu¬
295 3644 2000 3711 diantes. Il n’en fut pas toujours ainsi, au temps des nobles barons, quand Tartu se
293 3694 1670 3766 nommait Dorpat, seuls les Baltes et les Russes avaient ce privilège.\:fp\
2942 2725 3387 2761 \f\Sozialdemokratischer Studen int Schweden (Nils Kellgren, vgl. A-5-16/117)\:f\
2958 3217 4282 3292 \fp\Schweden: Sozialdemokratischer Student, ein Angehöriger jener neuen
2573 3232 4271 3354 Schicht schwedischer Studenten, welche aus dem Proletariat her¬
2577 3336 4286 3392 vorgegangen, dem akademischen Leben neue Antriebe geben. Aufgenommen im
2573 3384 4275 3439 äußersten Winkel von Estland, wo er an der russischen Grenze während der
2573 3428 3448 3493 Sommerferien die russische Sprache lernt.\:fp\
2581 3482 4284 3559 \fp\Suède. C'est à Petseri, dans cette petite ville de langue russe enclavée sur le sol
2577 3550 4275 3610 d'Estonie, que Nils Kellgren est venu passer ses vacances d’été pour apprendre le
2581 3595 4271 3666 russe. Nils Kellgren est étudiant à l'Université de Lund (Suède). Il est social-démo¬
2581 3647 4275 3711 crate et se dépense généreusement pour faire triompher ses conceptions politiques
2588 3696 4271 3758 parmi les étudiants suédois qui, pour la plupart, sont «nationaux», c'est-à-dire con¬
2577 3741 2806 3820 servateurs.\:fp\
3009 4968 3123 4998 \f\Zwei Studenten aus Finnland-Suomi\:f\
3608 4560 4141 4673 \fp\Finnland-Suomi:
3608 4665 4275 4731 Diese beiden Studenten aus Hel¬
3608 4722 4290 4776 sinki sprechen wenig von ihrem
3608 4769 4280 4829 Studium, noch weniger von poli¬
3608 4821 4284 4874 tischen oder sozialen Problemen.
3608 4866 4271 4919 Höchstens beklagen sie sich dar
3608 4921 4286 4968 über, daß sie als «Finnländer»
3608 4958 4290 5035 schwedischer Herkunft nicht
3608 4998 4271 5084 mehr die gleichen Privilegien be¬
3608 5056 4290 5120 sitzen wie ihre Väter, sondern
3608 5105 4269 5171 nun mit den jungen Finnen kon¬
3608 5157 4292 5212 kurrieren müssen. Dafür nimmt
3608 5201 4271 5255 der exklusive schwedische Segel¬
3608 5242 4290 5313 klub, dem die beiden angehören,
3608 5300 4094 5373 keine «Finnen» auf ...\:fp\
3608 5349 4280 5430 \fp\Finlande. Ces deux étudiants sont
3608 5415 4280 5471 avant tout d'émérites yachtmens.
3608 5465 4280 5520 Ils ne s'occupent guère d'autre
3608 5512 4284 5565 chose que de voile. Leurs études,
3608 5559 4284 5614 leur avenir, ne semblent guère les
3608 5606 4284 5663 inquiéter présentement. Tout au
3608 5657 4280 5732 plus se plaignent-ils du fait que
3608 5700 4271 5760 «Finlandais», c'est-à-dire d'ori¬
3608 5749 4280 5811 gine suédoise, ils sont tenus à
3608 5794 4280 5849 l'écart par les «Finnois» et obli¬
3608 5849 4280 5907 gés d'apprendre cette langue pour
3608 5894 4211 5967 obtenir un jour une situation.\:fp\
