4279 7121
279 4579 1132 4664 Princeton – oder "die Verbannung
546 4647 856 4708 ins Paradies"
471 4681 955 4755 Von \g\Annemarie Clark\:g\
316 4749 1167 4793 \p\John Held, ein junger amerikanischer Karikaturist,
262 4783 1168 4827 hat sich kürzlich – im Rahmen eines seriös gemeinten
268 4817 1168 4853 Buches über amerikanisches College–Leben dahin ge¬
262 4848 1168 4897 äußert, daß junge Amerikaner ausschließlich aus zwei
271 4888 1167 4922 Gründen studieren: entweder, weil ihr Vater und
268 4922 1168 4961 Großvater am gleichen College studiert haben –, oder,
262 4955 1168 4991 weil der Vater ein einfacher Mann war und der Sohn
262 4984 1168 5028 die Vorteile genießen soll, die seinem Erzeuger nicht
264 5020 525 5069 gegönnt waren.\:p\
316 5034 1167 5099 \p\Das Bild bestätigt sich für jeden, der Gelegenheit
264 5084 1167 5131 hatte, einem der berühmtesten Fußballmatchs, etwa
262 5125 1168 5167 zwischen Yale und Harvard, beizuwohnen. Die
264 5154 1167 5203 Mengen des bei diesem Anlaß konsumierten Alkohols,
262 5189 1168 5234 der Aufwand an jugendlich barbarischer Sensations¬
264 5219 1167 5264 lust, die frenetische Begeisterung im Stil von Massen¬
268 5254 1117 5307 suggestionen, machen einen vernichtenden Eindruck.
318 5292 1167 5342 Wo verbirgt sich die \g\geistige Jugend\:g\ Ameri¬
270 5318 350 5348 kas?\:p\
316 5347 1168 5407 \p\Sie wird, in der Tat, nicht – oder nicht ausschließ¬
268 5395 1168 5431 lich – von der Studentenschaft repräsentiert. Der Be¬
264 5430 1167 5473 such eines Colleges ist im Zweifelsfalle eine gesell¬
271 5465 1167 5508 schaftliche Angelegenheit. Ein großer Teil der Stu¬
268 5496 1168 5538 denten der berühmten Universität Yale übersiedeln
262 5534 1168 5569 nach vier absolvierten Collegejahren ohne Schwierig¬
262 5568 1168 5606 keit in das Geschäftsleben, wo der Dollar herrscht und
264 5601 1167 5637 ein Mann keine Zeit für geistige oder kulturelle Nei¬
268 5636 1168 5676 gungen hat. Und Princeton gilt als der teuerste
262 5671 878 5706 Herrenklub der Vereinigten Staaten.\:p\
318 5700 1167 5744 \p\Aber das sind allgemeine, und schon ein wenig
262 5730 1168 5775 historische Feststellungen. Albert Einstein, in seiner
268 5764 1168 5805 Eigenschaft als deutscher Emigrant, hat einmal ge¬
264 5803 1167 5843 äußert, er empfinde seine Berufung an die Universität
268 5838 1168 5878 Princeton wie die Verbannung ins Paradies, – und
262 5870 1168 5910 eine solche Bemerkung ist nicht zufällig und kann nicht
264 5905 1167 5948 ernst genug aufgenommen werden. \g\Princeton\:g\ liegt
264 5940 1167 5980 auf einem Hügel, nur anderthalb Stunden von New
271 5975 1167 6016 York entfernt, und nur knappe zwei Meilen abseits
268 6009 1168 6061 vom "Highway Nr. 1", der größten Landstraße Ameri¬
1188 4587 2109 4623 kas. Man hat die trostlosen Industriestädte New Yorks
1187 4619 2109 4669 hinter sich, man hat Hoboken, Newark, Camden durch¬
1187 4654 2109 4695 quert, aber immer noch ist die Landstraße eine ununter¬
1196 4690 2109 4728 brochene Kette von Lunchrestaurants, Tankstellen, Licht¬
1191 4725 2110 4770 reklamen, und man weiß bereits, daß dieser zweifel¬
1188 4758 2109 4791 hafte Vergnügungspark sich fortsetzen wird bis in die
1188 4785 2109 4829 Vororte der nächsten großen Stadt, Philadelphia. Man
1188 4818 2109 4867 hat sich schon daran gewöhnt, daß dieser Teil Amerikas
1188 4860 2108 4904 keine Landschaft ist, sondern der wüste Schauplatz
1188 4889 2109 4935 menschlichen Existenzkampfs. Und von dieser Straße
1188 4928 2110 4974 weist ein Pfeil nach Princeton, biegt ein schmaler,
1188 4952 2083 4997 wenig befahrener Weg nach rechts ab, durchquert ein
1187 4997 2109 5030 paar Wiesen und Felder, führt durch Wald hügelauf¬
1188 5032 2109 5068 wärts. Nur zwei Meilen, aber diese kleine Strecke ist
1187 5064 2108 5111 genug, um die Maschinerie der Landstraße hinter sich
1188 5094 2109 5134 zu lassen, den Albdruck der Fabrikfelder und Arbeiter¬
1188 5136 2080 5173 quartiere abzuschütteln, die Nähe von New York zu
1188 5166 2109 5202 vergessen. Man fährt mit Muße durch die Landschaft,
1188 5203 2109 5233 atmet den feuchten Geruch von Wald und winterlichen
1188 5228 2109 5281 Wiesen, die Frische von frostbedeckten Bäumen, den
1192 5267 2110 5303 Nebel eines bräunlichen Teichs. Den Hügelkamm säu¬
1188 5297 2109 5351 men die Türme von Princeton, – nicht Rathaus und
1188 5337 2110 5372 Kathedrale, wie man zuerst glauben möchte, sondern
1188 5370 2090 5409 Bibliothek, Schulgebäude und Kirche der Universität,
1188 5408 2109 5439 nach englischem Muster in neugotischem Stil aus
1188 5439 2109 5470 grauem Stein erbaut –, alles umgeben von grünen
1188 5473 2109 5506 Rasenplätzen, Baumgruppen und Kieswegen. Ein
1188 5508 2109 5546 einziger Park ist das Ganze, und nennt sich "Cam¬
1187 5543 2109 5578 pus", – das Universitätsfeld. Die Studenten wohnen,
1187 5573 2109 5623 nach Altersklassen oder Studienjahren getrennt, in
1188 5607 2109 5645 klösterlichen Internaten, die ersten Jahrgänge sind
1188 5643 2109 5684 strenger gehalten, müssen an den gemeinsamen Mahl¬
1192 5679 2110 5710 zeiten teilnehmen, Sonntags den Gottesdienst hören,
1188 5713 2109 5755 und dürfen keine eigenen Autos besitzen. Die Wagen
1188 5746 2109 5781 der älteren Studenten füllen die Parkplätze neben den
1188 5775 2109 5818 Lehrgebäuden und Laboratorien, während die Fahr¬
1188 5816 2109 5849 räder der Jüngeren, mit Fähnchen und Klubzeichen ge¬
1188 5846 2109 5895 schmückt, die Wege des Campus unsicher machen.
1188 5883 2109 5915 "Collegeboys" erkennt man von weitem, – nicht an
1188 5910 2109 5955 ihrem gelehrten Aussehen, sondern an ihrer Kleidung,
1188 5941 2109 5987 deren salopp–sportliche Note mit raffinierten Mitteln
1188 5986 2109 6037 erreicht wird: eine Hose darf nicht gebügelt, ein weißer
1188 6007 2109 6070 Sweater darf nicht weiß sein. Hemdkragen stehen
2131 4592 3036 4631 offen, man trägt gern zwei bis drei Hemden überein¬
2130 4632 3011 4667 ander. Das Schuhzeug soll ungepflegt, schmutzig, aus¬
2131 4662 3018 4708 getreten sein und dem Ideal von Fußball– oder Eis¬
2131 4698 3037 4742 hockeyschuhen möglichst gleichkommen. Haare werden
2131 4725 3037 4771 selten geschnitten und nie gebürstet, – Tabakpfeifen
2130 4763 3037 4810 sind beliebt, Sockenhalter verpönt. Runde Mützen am
2131 4797 3037 4842 Hinterkopf klebend zeigen an, welchem Jahrgang der
2131 4829 3037 4874 Student angehört. Die meisten Studenten machen ihr
2131 4864 3017 4905 Abschlußexamen nach vier Jahren, heißen dann
2131 4901 3038 4944 "Graduate", und verlassen das College. Aber in einer
2130 4934 3017 4979 abgelegenen Ecke des Campus wohnen die 250
2131 4968 3037 5010 Graduates, die ihre Studien fortsetzen: zukünftige
2131 5001 3037 5046 Ingenieure, Architekten, Richter und Gelehrte, die Elite
2131 5041 3036 5075 von Princeton. Und ebenfalls abgelegen, ganz im
2131 5068 3037 5107 Grünen, liegt "Fine Hall", an dessen hohen Fenstern
2131 5104 3038 5145 bunte Scheiben mit mathematischen Formeln an¬
2131 5137 3036 5176 gebracht sind. Hier gibt es eine besondere Bibliothek
2130 5176 3037 5214 mit traulichen Lesenischen zwischen den Regalen, einen
2131 5205 3020 5247 Raum mit Sandsteinkamin, ledernen Klubsesseln,
2131 5238 3027 5284 Schachbrettern, wo nachmittags Tee serviert wird,
2131 5280 3014 5316 zwei oder drei Vorlesungssäle, – und hier haben Ein¬
2131 5310 3037 5362 stein, H. Weyl, Vehlen, Alexander, v. Neumann, Mosse
2131 5344 2459 5388 ihre Arbeitszimmer.\:p\
2165 5375 3038 5416 \p\Die Schule für Mathematik, die diese deutschen
2130 5414 3037 5459 emigrierten Gelehrten mit amerikanischen und Kollegen
2131 5449 3037 5489 der ganzen Welt vereinigt, gehört nicht zur Universi¬
2131 5483 3036 5521 tät, sondern ist eine Abteilung des „\g\Instituts für
2131 5513 3037 5563 fortgeschrittene Studien\:g\“ (Institute for
2131 5540 3036 5593 Advanced Studies), welches einige Jahre vorher geplant,
2131 5584 3037 5617 im Frühling 1933 eröffnet wurde. Sein Direktor, Dr.
2131 5613 3011 5658 Abraham Flexner, hatte seine Gedanken über wissen¬
2131 5651 3037 5687 schaftliche Erziehung und Forschung in Buchform er¬
2131 5686 3037 5724 scheinen lassen, – und die recht amerikanische Folge
2130 5721 3037 5769 war, daß zwei reiche Gönner ihm die nötigen Summen
2131 5752 3037 5792 überwiesen, um seine Ideen in die Wirklichkeit umzu¬
2131 5784 3036 5825 setzen. So entstand das "Institute for Advanced
2130 5820 3017 5866 Studies", dessen nachbarliche Nähe und freundschaftliche
2131 5852 3036 5903 Beziehung zur Universität nicht ohne Einfluß auf das
2131 5890 3020 5930 geistige Leben von Princeton bleiben wird. Die Pro¬
2131 5928 3037 5972 fessoren des Instituts lesen gelegentlich an der Uni¬
2131 5960 3037 5996 versität, die Studenten des Instituts dürfen Kurse der
2131 5988 3037 6032 Universität besuchen, – da das Institut prinzipiell
2130 6023 3037 6086 Frauen zuläßt, ist hier ein Hintertürchen geschaffen,
3040 4596 3960 4658 welches zum erstenmal die klösterliche Männlichkeit von
3059 4632 3420 4682 Princeton durchbricht.\:p\
3103 4656 3963 4710 \p\Aber wichtiger ist, daß Gelehrte hier Muße und
3040 4694 3960 4750 Gelegenheit und einen fruchtbaren Boden finden, um
3038 4732 3952 4786 ohne Lehrzwang, in voller Freiheit, ihren Forschungen
3040 4779 3954 4813 zu obliegen, – das ist wichtig für Amerika und wich¬
3040 4803 3955 4858 tig für das Problem der europäischen geistigen Emi¬
3038 4837 3723 4891 gration, besonders der aus Deutschland.\:p\
3103 4865 3963 4920 \p\Man hat sich oft gefragt, ob Emigration notwendig
3040 4912 3959 4957 Exil, und fast immer fruchtloses und unfruchtbares
3058 4940 3954 4992 Warten auf die Rückkehr bedeute. Das Problem der
3040 4971 3957 5020 Fremdsprache, die Schwierigkeit, in einem anderen
3040 5010 3954 5058 Land Wurzel zu fassen, gleichzeitig die Entfremdung
3040 5041 3955 5087 der Heimat – diese Dinge scheinen fast unüberwind¬
3038 5069 3952 5129 liche Hindernisse. Institutionen, Vereine und Aka¬
3040 5121 3954 5158 demien für die Emigrierten zu schaffen, ist manchmal
3040 5153 3960 5192 dringende Notwendigkeit, verschärft aber das Gefühl
3040 5174 3223 5233 des Exils.\:p\
3105 5191 3963 5267 \p\Das Institut von Princeton ist vielleicht eine Aus¬
3040 5252 3954 5300 nahme, vielleicht das Beispiel einer glücklichen Lösung,
3090 5287 3954 5332 jedenfalls ein Trost und eine Hoffnung. Es wurde
3038 5321 3957 5368 nicht für Fremde gegründet, hat mit der europäischen
3050 5355 3957 5398 Emigration nichts zu schaffen, außer daß der Augen¬
3040 5385 3953 5431 blick des Frühjahrs 1933 günstig war und alle Teile
3040 5418 3957 5465 davon profitierten. Als Ernst Herzfeld seine Tätigkeit
3040 5462 3954 5499 in Persepolis, der persischen Achämenidenresidenz, vor
3040 5496 3959 5537 einem Jahr aufgab, schien die deutsche Archäologie,
3040 5530 3955 5570 deren Ruhm er mitbegründet hat, seiner nicht mehr
3040 5559 3954 5602 zu bedürfen. – heute gehört er der Schule für Huma¬
3038 5594 3954 5643 nistische Studien des Princetoner Instituts an. Der
3056 5623 3954 5669 Mathematiker Hermann Weyl, zuerst in Zürich, dann
3040 5662 3954 5700 in Göttingen, erhielt schon 1932 einen Ruf nach Prince¬
3038 5692 3955 5744 ton, dem er später gefolgt ist, als das Klima von Göt¬
3040 5730 3959 5772 tingen für geistige Forschung nicht mehr günstig war.
3040 5768 3952 5820 Heute arbeitet er am Institut, mit seinen besten Schü¬
3040 5795 3624 5836 lern, Seite an Seite mit Einstein.\:p\
3097 5830 3913 5871 \p\Das Geheimnis ist wohl, daß ein Mathematiker –
3040 5868 3952 5911 und vielleicht jeder wirkliche Forscher – nicht zuerst
3060 5895 3954 5952 Italiener oder Amerikaner, Deutscher oder Jude,
3040 5934 3957 5976 Fascist oder Antinazi ist, sondern immer zuerst
3038 5979 3953 6019 Mathematiker und Forscher. Die Naturwissenschaften
3040 6009 3955 6047 vor allen anderen waren längst nicht mehr an natio¬
3040 6042 3954 6083 nale Grenzen gebunden, Einsteins Relativitätstheorie\fml\\:p\
261 4424 1188 4477 \fml\\p\war nicht ein deutsches, sondern ein universales Er¬
262 4466 1188 4508 eignis, die Algebraiker an europäischen und amerika¬
262 4502 1188 4547 nischen Universitäten arbeiteten nicht getrennt. Das¬
267 4532 1188 4573 selbe gilt weitgehend für die Kunstgeschichte, und
270 4570 1167 4620 Panofsky kann in Princeton da weiterfahren, wo er
262 4598 736 4644 in Hamburg aufgehört hat.\:p\
315 4628 1188 4681 \p\Die Deutschen in Princeton sind keine Emigranten,
264 4669 1188 4711 leben nicht im Exil, weil hier die geistige Freiheit, und
264 4707 1165 4755 vor allem die geistige Muße, die Idee der Forschung
262 4746 1188 4799 um der Forschung und des Fortschritts willen eine
264 4767 710 4821 neue Stätte gefunden hat.\:p\
315 4787 1188 4853 \p\Das ist neu und fast überraschend, – wir kennen
268 4829 1188 4880 ja Amerika als ein utilitarisches, praktisches Pionier¬
262 4880 1188 4917 land, als ein Land mit hartgesottenem Geschäftssinn
268 4913 1190 4953 und vielen geistigen Vorurteilen. Vielleicht hat sich seit
261 4942 1188 5002 1932 etwas geändert, denn die ökonomische Krise war
263 4980 1188 5029 auch ein moralischer Zusammenbruch, dem nun, so
263 5010 991 5075 scheint es, ein innerer Aufbruch gefolgt ist.\:p\
