4800 6340
494 749 4683 786 Sech im Ruhestand
915 882 4196 993 \p\Wir haben augenblicklich sechs Alt Bundesräte — das ist in der Schweizer Verfas¬
910 984 4200 1091 sungsgeschichte ein Unikum. Unsere Mitarbeiterin Dr. Annemarie Clark hat die
919 1070 4208 1169 einstigen Magistraten besucht und sich mit ihnen über ihren Ruhestand unterhalten.\:p\
3453 1304 4663 1427 \p\Der Vorschlag wurde einmal gemacht: daß man die aus
3359 1390 4655 1464 ihrem Amt ausscheidenden Bundesräte als «Sondermit¬
3363 1448 4651 1522 glieder» in den Ständerat einfügt, um dem Land ihre Erfah¬
3363 1501 4663 1567 rung und ihre Weisheit zu erhalten. Auf diese Art würde sich
3351 1563 4663 1632 also ein «Rat der Weisen», — oder «Rat der Alten» bilden,
3355 1604 4663 1673 dessen warnende oder beratende Stimme die Politik unseres
3355 1661 4663 1743 Parlaments kontinuierlich beeinflussen würde. Der Vorschlag
3351 1706 4659 1776 scheint zunächst vernünftig, — aber ist er realisierbar? Und
3351 1764 4659 1833 ist eine solche Festigung der Tradition und Kontinuität im
3351 1825 4659 1887 Bundeshaus notwendig? — Wir kennen ja in der Schweiz
3351 1874 4659 1944 keine dramatischen Kabinettstürze und sind dem Zufall eines
3351 1940 4663 1997 totalen Regierungs- und Führungswechsels nicht ausgesetzt,
3355 1985 4647 2055 wie es in diktatorisch regierten Staaten der Fall ist. Die Er¬
3351 2038 4659 2100 neuerung unserer Räte wie unserer obersten Exekutive, des
3351 2092 4651 2153 Bundesrats, erfolgt allmählich, ein durch frühere Aemter und
3351 2145 4647 2211 Funktionen politisch erzogener und praktisch geschulter Nach¬
3359 2198 4651 2260 wuchs rückt in entstehende Lücken ein, — und dadurch war
3355 2243 4655 2330 bisher eine im wahren Sinne demokratische Kontinuität immer
3351 2305 4651 2375 gewährleistet. Vor allem aber: was sagen die Herren alt
3351 2354 4647 2424 Bundesräte selbst zu dem Vorschlag, daß man gewissermaßer
3351 2416 4651 2473 ihre Demission nicht akzeptieren will? Daß sie zurücktreten,
3351 2469 4651 2530 bedeutet doch wohl, daß sie ihre Ruhe haben wollen? Sie
3343 2510 4655 2580 leben im Ruhestand, als private Persönlichkeiten. Aber gerade
3351 2580 4651 2641 in ihrem privaten Leben, wo sie ohne die Verantwortungen
3351 2625 4647 2690 und Rücksichten, die sie ihrem hohen Amt schuldeten, ihre
3351 2682 4651 2756 Beschäftigungen wählen können, spiegelt sich deutlich nicht
3343 2736 4655 2797 nur ihr Charakter, das Bild ihrer Persönlichkeit, sondern der
3351 2789 4647 2846 Geist, die Lebensart, der politische Stil der Epoche, die sie als
3351 2842 4655 2908 Leiter der Geschicke unseres Landes entscheidend beeinflußt
3343 2895 4639 2957 haben. — Als Staatsbeamte sind die ausscheidenden Bundes¬
3347 2953 4647 3023 räte pensioniert, — aus Sorge um ihren Lebensunterhalt brau¬
3351 2998 4643 3072 chen sie also nicht nach Beschäftigung zu suchen. Die Verant¬
3351 3047 4659 3121 wortung ist von ihren Schultern genommen. Sie können, nach
3343 3113 4651 3178 unseren darin jedenfalls demokratischen Begriffen «standes¬
3351 3158 4651 3240 gemäß» leben, sie können, wenn sie es wollen, den ganzen Tag
3351 3219 4643 3293 fischen oder in ihrer Bibliothek stöbern oder sich ihrer Fa¬
3343 3269 4655 3343 milie widmen oder Karten spielen. Sie haben aber, auch ohne
3343 3326 4655 3396 den «Rat der Weisen», die verschiedensten Möglichkeiten, sich
3351 3379 4651 3437 weiterhin politisch und öffentlich zu betätigen. Die Schweiz
3343 3429 4655 3498 ist der Sitz zahlreicher internationaler Institute, — seit dem
3355 3478 4655 3548 Weltkrieg ist ihre traditionelle Aufgabe noch gewachsen, die
3343 3535 4655 3597 ihr wegen ihrer besonderen Lage, ihrer Neutralität und ihrer
3343 3597 4655 3671 Möglichkeit, ein «Völkerbund im Kleinen» zu sein, zugewiesen
3351 3646 4647 3703 wurde. Und viele Bundesräte, einmal von der Last aktueller
3343 3703 4643 3777 Pflichten befreit, haben sich diesen großen und wichtigen Auf¬
3347 3757 4643 3831 gaben zugewandt, — unter ihnen Ruffy, Comtesse, Frey,
3343 3810 4655 3884 Decoppet, Numa Droz, Forrer. Gerade heute, da soviel von
3343 3863 4651 3941 der «Erneuerung der Demokratie» die Rede ist, lohnt es sich,
3343 3921 4659 3986 einmal darüber nachzudenken, wie diese Erneuerung eigentlich
3343 3970 4651 4036 gemeint sei? Obwohl die von gewissen Kreisen gewünschte
3343 4027 4639 4089 gründliche «Reinigung», — d. h. doch wohl die Ersetzung alt¬
3343 4081 4655 4155 bewährter und erfahrungsreicher Kräfte durch junge Leute
3347 4134 4634 4196 mit Führergelüsten und drastischen «weltanschaulich beding¬
3351 4183 4647 4257 ten» Plänen überhaupt \g\demokratisch\:g\ wäre, oder nicht
3351 4241 4639 4306 vielmehr ein gänzlich unschweizerisches und gefährliches Ex¬
3351 4286 4639 4368 periment? — Anläßlich des ersten August haben wir uns daher
3347 4351 4647 4417 einmal umgeschaut, was unsere sechs Bundesräte im Ruhestand
3343 4401 4634 4462 machen, — und die neuen Pflichten, die sie freiwillig über¬
3343 4458 4651 4520 nommen haben, die Sorgen, die sie erfüllen, zeugen, daß in
3343 4507 4643 4569 unserer Demokratie Kräfte und Werte nicht plötzlich aus¬
3351 4565 4639 4630 geschieden und damit erledigt werden, sondern auch von der
3351 4618 4138 4692 privaten Sphäre aus wirksam bleiben.\:p\
3338 4794 3847 4963 Six anciens
3355 4938 4237 5094 Conseillers fédéraux
3384 5114 4639 5196 \p\On émit un jour le projet d’admettre automatiquement les
3343 5188 4630 5254 Conseillers fédéraux démissionnaires comme membres extra¬
3343 5245 4630 5323 ordinaires du Conseil des Etats. Cette idée d'un «Sénat des
3343 5295 4634 5369 Anciens» peut être une suggestion intéressante, mais est-ce bien
3343 5356 4630 5418 nécessaire? est-ce surtout réalisable? La Suisse ne connaît pas
3338 5410 4614 5475 de dramatiques crises ministérielles et de brusques change¬
3343 5463 4630 5520 ments de politique. De plus, il semble peu probable que les
3351 5512 4618 5586 principaux intéressés, les anciens Conseillers fédéraux, accepte¬
3338 5569 4626 5631 raient aussitôt après leur démission une nouvelle charge politi¬
3347 5623 4626 5693 que. Au reste, comme le disent les légendes de ce reportage, on
3347 5672 4634 5738 voit que des relations étroites et suivies subsistent entre les
3347 5729 4626 5791 «anciens» et les «actuels», que malgré leur retour à la vie pri¬
3343 5779 4630 5848 vée, les anciens Conseillers fédéraux sont toujours prêts à
3338 5832 3642 5918 servir le pays.\:p\
1083 2997 1355 3027 \f\Felix Ludwig Calonder und Heinrich Häberlin\:f\
3092 3277 3281 3371 \fp\Photopress\:fp\
833 3371 1300 3478 \fp\Alt Bundesrat
611 3466 1513 3564 Dr. Felix Ludwig Calonder\:fp\
537 3556 1583 3646 \fp\ein elastischer Grandseigneur, der je 37 Jahre in
537 3634 1571 3712 vergangenen und gegenwärtigen Jahrhundert hin¬
541 3687 1575 3740 ter sich gebracht hat, war der Vertreter «alt fry
541 3728 1587 3798 Rhætiens» im Bundesrate von 1913 bis 1920 und
541 3785 1591 3839 zwar 4 Jahre als Vorsteher des Departementes des
537 3831 1579 3892 Innern und ab 1917 als Chef des Politischen De¬
545 3880 1579 3945 partementes. 1918, dem Jahr des Generalstreiks
545 3929 1587 3986 war er Bundespräsident. Der Weltkrieg wies ihm
541 3978 1571 4040 besondere Aufgaben der Verwaltung zu. Verschie¬
541 4027 1567 4085 dene Volksabstimmungen über direkte und indi¬
537 4073 1579 4138 rekte Steuern, welche mit den Mobilisationskosten
537 4126 1579 4183 zusammenhängen, fallen in seine Amtszeit. In diese
537 4175 1567 4224 fiel auch die Einführung der Proporzwahl des Na¬
537 4220 1579 4282 tionalrates, sowie die Unterstellung von Staatsver¬
537 4269 1587 4327 trägen unter das Referendum. Im übrigen sind die
537 4319 1571 4376 besondern Merkmale seiner Amtstätigkeit im Aus¬
537 4368 1571 4421 bau der Verwaltungs- und Disziplinargerichtsbar¬
533 4413 1587 4474 keit und in allgemeinen verwaltungspolitischen
537 4466 1587 4515 Maßnahmen zu finden. Calonders Vorgänger im
537 4507 1587 4573 Bundesrat war der radikale Neuenburger Perrier,
533 4565 1583 4618 sein Nachfolger der Thurgauer Häberlin. Kaum
533 4614 1579 4675 aus unserer obersten Landesbehörde zurückgetreten,
537 4659 1587 4716 ordnete ihn der Bundesrat in die internationale
537 4700 1583 4762 Rheinkommission ab und seit 1922 bis vor wenigen
545 4753 1579 4815 Tagen bekleidete er das Amt eines Präsidenten der
541 4803 1571 4872 gemischten Kommission für Oberschlesien in Kat¬
537 4848 1579 4909 towitz. Jetzt ist diese Kommission liquidiert und
537 4901 1591 4958 Dr. Calonder ist — nachdem er letzte Woche von
537 4950 1591 5012 Reichskanzler Hitler auf dem Obersalzberg zu
537 4991 1591 5081 einem Abschiedsbesuch empfangen wurde — in die
537 5057 1029 5127 Heimat zurückgekehrt.\:fp\
537 5090 1587 5180 \fp\M. Félix Ludwig Calonder est né en 1863 à Schuls.
537 5172 1583 5225 Il étudia le droit à Berne, Zurich, Munich et Paris,
537 5213 1583 5274 et débuta en 1891 au Grand Conseil des Grison
537 5266 1583 5319 comme chef du parti radical démocrate de son
541 5307 1587 5381 canton. Juge suppléant au Tribunal fédéral, il ne
554 5356 1575 5430 posa pas sa candidature de Juge fédéral. Membre
537 5410 1587 5471 du Conseil des Etats de 1899—1913, il se voyait
541 5455 1587 5516 appelé à remplacer au Conseil fédéral, le 12 juin
550 5512 1595 5569 1913, M. Perrier, décédé. Chef du Département de
537 5557 1579 5627 l'Intérieur de 1913—17 et du Département politi¬
541 5606 1587 5668 que de 1917—1920. Un an après sa démission il
545 5652 1579 5717 fut délégué du Conseil fédéral à la Conférence in¬
537 5705 1587 5775 ternationale de la Commission rhénane et de 1922
537 5750 1587 5816 au 15 juillet 1937, président de la Commission
537 5799 1292 5877 mixte de Haute-Silésie à Kattovitz.\:fp\
1776 3359 3137 3486 \fp\Alt Bundesrat Dr. h. c. Heinrich Häberlin\:fp\
1714 3449 3187 3539 \fp\von Bissegg und Frauenfeld. Zwei alte Kollegen schütteln sich die Hand
1718 3527 3191 3601 Dr. Häberlin (rechts) kam 1920 als Nachfolger von Dr. Calonder (links)
1718 3580 3191 3650 in den Bundesrat. Jetzt sind sie beide im Ruhestand — und treffen
1723 3626 3195 3691 sich, im Januar 1937, an einer Kundgebung für die Anerkennung des
1718 3679 3191 3744 Rätoromanischen als vierte Landessprache, in Zürich. Dr. Calonder ist
1718 3728 3183 3798 Bündner, — Dr. Häberlin ist ein Freund Graubündens, — das Engadin
1718 3773 3191 3835 wo er seit 1899 jedes Jahr seine Ferien verbringt, ist ihm eine Art von
1731 3826 3183 3892 Wahlheimat geworden. Meistens wohnt er dann in Chantarella unc
1718 3876 3178 3941 macht täglich, vom Hund des Hotelbesitzers treu begleitet, Spazier
1723 3929 3183 3995 gänge und Touren, die schon für einen Jüngeren eine achtenswerte
1718 3978 3129 4044 Leistung wären. Die Engadiner nennen Dr. Häberlin den «Oberst», –
1714 4027 3187 4089 er war nämlich während der Grenzbesetzung ein Jahr lang mit seinem
1714 4081 3178 4146 Regiment in Graubünden stationiert. — Er, der während seiner Amts¬
1723 4126 3187 4183 zeit die nachhaltigsten Erfolge auf dem Gebiet der schweizerischen und
1718 4171 3129 4245 internationalen Rechtssprechung und besonders des Strafrechts hatte,
1723 4216 3183 4286 der heute noch als Experte für solche Fragen herangezogen wird, will
1723 4269 3195 4331 seinen 70. Geburtstag — am 6. September des nächsten Jahres — als
1718 4310 3183 4384 Privatmann feiern. «Sonst hätte ich ja nicht demissioniert», erklärt
1723 4372 3187 4438 er, — «die Jungen sollen jetzt Politik machen. Ich beschäftige mich
1718 4417 3183 4479 mit allem außer mit Politik.» Und so ist er denn Präsident von
1714 4458 3187 4536 Pro Juventute, war es bis vor kurzem für die Ulrico Hoepli-Stiftung,
1723 4515 3178 4577 welche Künstler unterstützt und ihnen die Herausgabe ihrer Werke er¬
1723 4556 3133 4630 möglicht, ist einer der Gründer der Thurgauischen Kunstgesellschaft,
1723 4614 3178 4675 und gehört der Natur- und Heimatschutz-Kommission an. Das klingt
1718 4663 3183 4733 nach privaten Liebhabereien, aber auch nach nützlichen und wichtigen.
1723 4712 3187 4786 Besonders für den Natur- und Heimatschutz ist Dr. Häberlin sicher der
1718 4762 3191 4835 richtige Mann: er, der auf seinen Spaziergängen am Piz Nair und auf
1718 4815 3183 4872 der Fuorcla Schlatain Alpenpflanzen sammelt, aber kein guter Schütze
1714 4860 3187 4926 ist, und erst recht kein Jäger — die Rehe würden ihm leid tun — und auf
1723 4905 3187 4983 dessen Schreibtisch in Chantarella ein umfangreiches Manuskript liegt,
1723 4963 3183 5036 geschrieben von einem ehemaligen Grenzwächter aus dem Averser Tal.\:fp\
1718 5020 3191 5110 \fp\Deux anciens Conseillers fédéraux se retrouvent à la réunion pour la
1723 5094 3178 5168 langue rhéto-romanche, à Zurich; voici, à droite, M. Heinrich Häber¬
1718 5147 3031 5209 lin et à gauche, M. Félix-Ludwig Calonder, se serrant la main.\:fp\
1718 5176 3170 5258 \fp\M. Heinrich Häberlin, né en 1868, est originaire de Bissegg et Frauen¬
1723 5241 3187 5315 feld. Après des études de droit à Zurich, Leipzig et Berlin, il exerça la
1723 5287 3183 5364 charge d’avocat à Weinfelden, puis à Frauenfeld. Membre du Conseil
1723 5340 3183 5405 national dès 1904, il se voyait en 1920 appelé à remplacer au Conseil
1731 5397 3178 5463 fédéral M. Calonder. Durant 14 ans, il occupa la présidence du Dé¬
1727 5442 3183 5512 partement fédéral de Justice et Police. Démissionnaire en 1934, M.
1718 5487 3183 5549 Häberlin néglige depuis toutes activités politiques. «La politique est
1723 5537 3183 5611 l'affaire des jeunes», aime-t-il à affirmer. Mais dans le domaine social
1723 5594 3183 5668 M. Häberlin est encore actuellement président de «Pro Juventute».
1731 5643 3183 5705 Ami de la nature, il dirige le «Heimatschutz». Protecteur des Arts et
1718 5688 3191 5750 des Lettres, il fut l'un des fondateurs de la Société thurgovienne des
1718 5742 3183 5799 Beaux-Arts et jusqu'à ces temps derniers, président de la Fondation
1723 5795 3187 5852 Ulrico Hoepli. Par ailleurs, éminent pénaliste, il est souvent appelé en
1727 5848 1993 5922 consultation.\:fp\
824 3442 1487 3486 \f\Edmund Schulthess mit seiner Frau und seiner Enkelin\:f\
2811 3922 2983 3991 \fp\Photo Senn\:fp\
859 3998 2230 4093 \fp\Alt Bundesrat Dr. h. c. Edmund Schultheß\:fp\
221 4093 2861 4173 \fp\Ein Bild aus dem Privatleben: unser alt Bundesrat mit seiner Frau und seiner kleinen Enkelin Margarit de Quevedo. Absicht¬
221 4163 2871 4216 lich haben wir diese Photo gewählt, — weil es nämlich selten und schwierig ist, Herrn Dr. Schultheß «privat»anzutreffen!
221 4212 2861 4272 23 Jahre lang, von 1912 bis 1935, gehörte er dem Bundesrat an, und war nicht weniger als viermal Bundespräsident, in so kri¬
221 4262 2861 4321 tischen und verantwortungsschweren Jahren wie 1917, 1921, 1928 und 1933. Als Leiter des volkswirtschaftlichen Departe¬
221 4308 2868 4368 ments mußte er sich um die Versorgung unseres Landes während des Weltkrieges kümmern, — und nach dem Krieg erlebte
221 4361 2861 4420 er den gewaltigen Ansturm neuer sozialer und wirtschaftlicher Probleme. Fabrikgesetz und Arbeitslosenfürsorge, die Grün¬
221 4404 2864 4463 dung des schweizerischen Arbeitsamtes und eine Reihe von Entwürfen für den Ausbau des Versicherungswesens sind mit seinem
221 4453 2864 4510 Namen verknüpft. Aber trotz dieser langen und vielseitigen Tätigkeit macht Dr. Schultheß jetzt vom «Ruhestand» nicht viel
221 4506 2871 4566 Gebrauch. Daß er seinen Wohnsitz in Bern beibehalten hat, ist natürlich kein Zufall, dort bleibt er in ständigem Kontakt mit
221 4559 2864 4615 den früheren Kollegen, dort bleibt er, wie man sagt, «auf dem laufenden», — und sein Bureau in der Effingerstraße, wo er
218 4612 2861 4668 seines Amtes als Präsident der eidgenössischen Bankenkommission waltet, befindet sich in nächster Nachbarschaft des Bundes¬
221 4648 2871 4714 hauses. Außerdem ist Dr. Schultheß schweizerischer Delegierter bei der jährlichen Konferenz des Internationalen Arbeitsamtes,
284 4705 2848 4764 seine jetzigen Funktionen sind also, wenn sie auch nicht politischen Charakter haben, doch bedeutend und verantwortungs¬
225 4751 2868 4810 voll. Alt Bundesrat Schultheß ist denn auch, — ein Politiker aus stärkster Neigung, — eine über die Grenzen der Schweiz
221 4787 2861 4853 hinaus bekannte, öffentliche Persönlichkeit geblieben. Sein Memorandum über die Abwertung, deren Notwendigkeit er vor¬
221 4853 2868 4913 aussah, hat viel zur Entscheidung in Bern letztes Jahr beigetragen. Auf seinem Arbeitstisch liegen die Statistiken über die
221 4890 2861 4949 Arbeitslosigkeit, deren Rückgang von 75 000 auf 50 000 seit dem Juni 1937 er mit Genugtuung konstatiert. Daß eine all¬
221 4942 2868 5002 gemeine Sozialversicherung in Form einer «Volksversicherung» kommen müsse, daran glaubt er trotz der Enttäuschung, die
221 4992 2871 5051 ihm der Ausgang der Abstimmung von 1931 über seinen Entwurf bereitet hat. Es ist einer jener aufschlußreichen Zufälle,
221 5045 2864 5101 daß Dr. Schultheß erst nach seinem Rücktritt und bei einem eigentlich privaten Anlaß, noch einmal in den Mittelpunkt der
221 5091 2864 5147 politischen Diskussion rückte. Jener private Besuch bei Adolf Hitler wurde eben eine öffentliche und eine politische An¬
221 5144 2864 5197 gelegenheit, weil der deutsche Führer und Reichskanzler unseren alt Bundesrat ermächtigte, seine Erklärung, er werde die
221 5187 2864 5243 Schweizerische Neutralität respektieren, offiziell der Regierung in Bern mitzuteilen. Dr. Schultheß urteilt nicht gern über andere
221 5233 2861 5293 Staatsmänner oder gar über ihre Zuverlässigkeit, — und bezeichnet es selbst als «realpolitisch», eine Erklärung dann als zuver¬
221 5283 2864 5342 lässig hinzunehmen, wenn sie — oder solange — sie sich mit den tatsächlichen Interessen des betreffenden Landes deckt. In die¬
225 5332 2868 5398 sem Sinne, meint er, sei die Erklärung Hitlers damals in der Schweiz auch aufgenommen worden. Das liegt nun schon eine
231 5379 2864 5454 Weile zurück. Aber stets ist alt Bundesrat Schultheß mit neuen Aufgaben beschäftigt und nimmt aktiv an den politischen
225 5412 1298 5484 Geschicken der Schweiz teil, — auch im Ruhestand.\:fp\
228 5454 2868 5564 \fp\M. Edmund Schulthess, bourgeois de Brugg et Zurich, est né en 1868. Il fit des études juridiques à Strasbourg, Munich, Leipzig
221 5547 2851 5610 et Berne. Elu Conseiller aux Etats en 1905, il remplaça en 1912 M. Deucher au Conseil fédéral. Chef du Département de l’Agri¬
221 5597 2851 5659 culture, M. Schulthess fut par quatre fois, à des moments particulièrement difficiles, 1917, 21, 28, 33, Président de la Con¬
225 5649 2864 5706 fédération. Au cours de son activité officielle comme après sa retraite, M. Schulthess n’a cessé de chercher à porter remède au
221 5696 2864 5755 chômage. Président de la Commission fédérale des Banques, l’ancien Conseiller fédéral vit toujours en contact étroit avec
231 5742 2864 5805 ses successeurs. Homme d’initiative et partisan de «realpolitik», M. Schulthess, on s’en souvient, rendit récemment visite au
225 5791 2864 5854 Chancelier Hitler, visite où le Führer assura officiellement son respect de la neutralité suisse: Cette photographie, prise à Berne,
225 5838 2666 5927 montre l’ancien Conseiller fédéral en compagnie de Madame Schulthess et de sa petite-fille Margarit de Quevedo.\:fp\
3444 2564 3725 2599 \f\Robert Haab neben dem Abt des Klosters Einsiedeln, Ignatius Staub\:f\
4146 2669 4351 2739 \fp\Photo Staub\:fp\
3162 2769 4232 2871 \fp\Alt Bundesrat Dr. Robert Haab\:fp\
3059 2864 4344 2950 \fp\Nur ein Jahr lang war Dr. Haab schweizerischer Gesandter in
3056 2934 4341 2993 Berlin, bevor er, 1918, in den Bundesrat berufen wurde. Aber
3056 2980 4331 3039 auch als Post- und Eisenbahnminister, und erst recht als Privat¬
3056 3033 4328 3096 mann, hat er die weltmännischen, verbindlichen, gescheit-
3053 3082 4338 3152 liebenswürdigen Allüren des Diplomaten beibehalten, und
3059 3135 4338 3188 widerlegt die verbreitete Ansicht, daß ein guter Schweizer und
3056 3178 4341 3234 insbesondere ein rechter Zürcher ein bißchen ungeschliffen und
3056 3231 4348 3284 rauhbeinig auftreten und möglichst unelegant gekleidet sein
3063 3274 4331 3340 müsse. Dr. Haab hat einen Teil seiner Studienjahre in Deutsch¬
3056 3330 4348 3380 land verbracht, — und jenem alten Deutschland, mit seinem
3056 3373 4331 3439 schönen akademischen Leben, seiner echten humanistischen Bil¬
3056 3426 4331 3479 dung, seiner bürgerlichen Kultur-Tradition bewahrt er ein Ge¬
3049 3469 4328 3528 fühl von dankbarer Verbundenheit. Seine schweizerischen Auf¬
3059 3528 4344 3581 gaben waren durch sein besonderes Amt begrenzt: Alpenposten,
3056 3571 4344 3624 Elektrifizierung der Bundesbahnen und Darlehen für den
3059 3614 4331 3680 gleichen Zweck an Privatbahnen, Arbeitsgesetz für die Trans¬
3056 3664 4341 3727 portanstalten, Weltpostverträge und die Reorganisation der
3056 3717 4341 3773 S. B. B., — das waren wichtige Resultate, wenn sie auch wenig
3053 3766 4348 3819 Gelegenheit zu blendenden politischen Erfolgen boten. Dr. Haab
3053 3809 4331 3875 bedauert dies nicht, — er ist alles andere als ein ehrgeiziger
3059 3855 4331 3918 Politikus, hat sein Amt nie als Tribüne für persönliches Her¬
3059 3915 4328 3974 vortreten benützt. Und als er im Dezember demissio¬
3056 3951 4348 4027 nierte, tat er es, um sich völlig von der Politik zurückzuziehen.
3066 4014 4285 4070 «Ich habe das Bundeshaus kaum wieder betreten», sagt er,
3056 4050 4328 4107 das einzige Amt, daß er seither übernahm, ist das eines Präsi¬
3056 4107 4341 4163 denten des Verwaltungsrates der Schweizerischen Volksbank.
3056 4153 4348 4216 Offenbar würde er seine Wohnung in Zürich, am Alpenquai,
3059 4206 4278 4268 ungern verlassen, um einem «Rat der Weisen» beizutreten,
3056 4252 4328 4308 obwohl er seine Zeit nicht etwa mit kleinen Liebhabereien ver¬
3056 4298 4335 4358 bringt, sondern sich um die großen Geschehnisse der Welt küm¬
3049 4341 4341 4411 mert, im Kontakt und Austausch mit früheren Kollegen und
3059 4394 4338 4460 persönlichen Freunden. Wenn er sich aber einmal, wie es
3053 4444 4338 4510 manchmal der Fall ist, einer öffentlichen Funktion unterziehen
3049 4496 4341 4553 muß, tut er es mit dem Pflichtgefühl und der Sicherheit und
3059 4546 4338 4602 Ueberlegenheit, die den alten Politiker von Rang kennzeichnet.
3049 4589 4338 4652 Da mußte etwa, im Mai dieses Jahres, das Etzelwerk vom
3056 4638 4331 4701 Abt von Einsiedeln eingesegnet werden, weil sonst kein Bauer
3049 4688 4338 4754 aus jener katholischen Gegend über die neue Brücke gefahren
3063 4741 4338 4794 wäre: und neben dem Abt, Dr. Ignatius Staub, in seinem
3056 4790 4341 4857 prächtigen Ornat, vertrat alt Bundesrat Haab sozusagen die
3056 4830 4341 4890 weltliche Macht, nämlich den Verwaltungsrat des Etzelwerks ...\:fp\
3056 4886 4341 4982 \fp\M. Robert Haab, de Wädenswil est né en 1865. Sa parfaite
3049 4969 4338 5032 connaissance de l'Allemagne où il fit ses études de droit et la
3053 5012 4328 5068 compétence dont il fit preuve tant au Département de Justice
3049 5065 4341 5124 et Police, au Département des Constructions du Canton de
3056 5114 4341 5174 Zurich qu'à la direction générale des C. F. F. le désignèrent en
3059 5160 4344 5217 1917 comme ministre de Suisse à Berlin. Un an plus tard il
3049 5200 4328 5276 était appelé au Conseil fédéral. Il est resté jusqu'en 1929 dé¬
3056 5260 4328 5319 pensant dans le cadre de son Département des Postes et Che¬
3049 5303 4335 5369 mins de fer une grande activité: Création des Postes alpestres,
3046 5355 4325 5421 électrification et réorganisation des C. F. F., etc. Après sa re¬
3049 5408 4321 5464 traite, M. Haab n’a cessé de manifester ses talents d’organisa¬
3049 5454 4328 5521 teur et de financier. Il préside aux destinées de la Banque popu¬
3049 5504 4318 5557 laire suisse et dirige le conseil d’administration des forces mo¬
3049 5557 4335 5613 trices de l’Etzel. M. Haab a — dans l’esprit de certains Suisses
3102 5603 4331 5656 – le tort de viser à une recherche d’élégance (ce qui, paraît-il,
3053 5646 4331 5706 est anti-démocratique). Cette photographie récente, prise à la
3049 5696 4335 5758 cérémonie inaugurative du barrage de l’Etzel, montre l’ancien
3056 5749 4331 5805 Conseiller fédéral en compagnie du Prince-Abbé d’Einsiedeln
3049 5798 3482 5877 S. G. Ignatius Staub.\:fp\
965 2898 1296 2953 \f\Ernest Chuard\:f\
2232 3221 2405 3287 \fp\Photopress\:fp\
781 3289 2074 3396 \fp\Alt Bundesrat Dr. h. c. Ernest Chuard\:fp\
597 3388 2232 3490 \fp\Es hat seinen guten Grund, daß wir ihn gerade in der Bibliothek seiner Lau¬
599 3471 2247 3533 sanner Wohnung photographieren: denn Monsieur Chuard ist ein Gelehrter.
599 3527 2247 3578 Bevor er in die politische Laufbahn berufen wurde, war er Professor der Chemie
601 3574 2247 3629 an der Lausanner Universität und einer der Gründer der Société Académique
612 3621 2238 3674 Vaudoise, — zu Aufgaben der Förderung wissenschaftlicher Forschung ist er
601 3664 2247 3724 nach seiner Demission im Bundesrat 1928 auch zurückgekehrt. Wer heute das
608 3715 2243 3773 Vergnügen hat, Herrn Chuard zu begegnen, weiß, daß er nicht aus Neigung
599 3762 2245 3822 oder gar Ehrgeiz Politiker geworden ist, sondern aus Verantwortungsgefühl.
597 3811 2247 3867 Und seine Tätigkeit im Bundesrat — er wurde 1919 als Nachfolger Decoppets
599 3858 2245 3923 gewählt — ist denn auch durch die Teilnahme an humanen und erzieherischen
599 3906 2230 3965 Aufgaben gekennzeichnet, wie etwa die Unterstützung der schweiz. Volks¬
601 3950 2230 4010 bibliothek und die Tuberkulosebekämpfung. Er, dessen kultivierte Persönlich¬
601 4000 2249 4068 keit und Sinn für das Vernünftige, Menschliche, Tatsächliche so durchaus
597 4038 2243 4109 romanisch sind, hat wie kein anderer für die Verständigung zwischen welscher
599 4098 2236 4158 und deutscher Schweiz gewirkt. Er war es, der Ulrich Wille nach seiner Er¬
597 4154 2249 4209 nennung zum General in Lausanne empfangen hat, — und in ihm weniger den
599 4186 2247 4248 Militär als den Psychologen und Erzieher, und den «homme avec beaucoup de
597 4244 2238 4314 bon sens» schätzte. — Jetzt feiert Dr. Chuard seinen achtzigsten Geburtstag
597 4284 2247 4344 am 31. Juli, dem Tag des Erscheinens dieser Nummer, so daß die ZI ihm an
591 4336 2241 4393 dieser Stelle ihren Glückwunsch und den des Schweizervolkes übermitteln darf.
599 4383 2249 4449 Monsieur Chuard ist durchaus der Ansicht, daß ein Politiker «einmal Schluß
591 4423 2236 4485 machen muß», sei es auch, um sich anderen Aufgaben zuzuwenden, oder anderen
591 4481 2247 4539 Interessen, die sein Leben und das Bild seiner Persönlichkeit komplettieren und
597 4524 2232 4588 abrunden sollen. Erst letztes Jahr ist er von der Carnegie-Stiftung zurück¬
599 4573 2238 4648 getreten, die neben der Société pour la lutte contre la tuberculose, der Société
597 4622 2243 4687 cantonale des sciences naturelles und der Société Vaudoise d’agriculture seine
597 4669 2245 4740 Kräfte in Anspruch nahm. Aber wie legitim wirkt es gerade bei diesem
591 4710 2247 4774 ruhigen und überlegenen Gelehrten, wenn er sich für Fragen der politischen
606 4764 2247 4828 Tagesordnung erwärmt, für scheinbar so belanglose Dinge wie die Preise, die
593 4813 2243 4881 man den Produzenten von Brennobst zahlt. «In der Schweiz bringen die
597 4862 2247 4922 Alkoholgesetze nichts ein, sondern sie kosten den Staat etwas, — das ist ein
612 4903 2232 4980 großer Skandal!» äußert er sich, «man wollte 15 Millionen von Alkohol-Ein¬
597 4956 2243 5020 künften für die Zwecke der Sozialversicherung verwenden, — statt dessen zahlt
591 5003 2247 5072 man den Obstbauern so hohe Preise für ihre Mostbirnen, daß diese gar keinen
597 5053 2247 5112 Anlaß haben, die Produktion einzuschränken oder durch Edelobstsorten zu
597 5095 2232 5175 ersetzen.» — Bücher, Alkoholgesetz, wissenschaftliche Forschung, soziale Auf¬
612 5147 2247 5211 gaben, — im Gespräch mit Monsieur Chuard erlebt man, wie die kleinsten
595 5194 2243 5271 Dinge wichtig werden durch ihren Zusammenhang mit den großen, — und wie
593 5241 2232 5301 sich das alles im Geist eines erfahrenen und weisen Menschen ordnet zu schöner
601 5292 1609 5371 Teilnahme am täglichen und ewigen Geschehen.\:fp\
597 5341 2236 5423 \fp\M. Ernest Chuard est né le 31 juillet 1857 à Corcelles près Payerne. Il étudia
591 5414 2238 5466 les sciences naturelles et fut professeur de chimie à l’Université de Lausanne et
593 5459 2238 5517 directeur de la station viticole. Conseiller national en 1907, Conseiller aux Etats
593 5504 2232 5585 de 1912—19, il remplaçait en 1919 M. Decoppet au Conseil fédéral et jusqu'en
606 5551 2230 5613 1928 fut chef du Departement de l’Intérieur. Depuis sa retraite M. Chuard ma¬
597 5596 2243 5671 nifeste son activité dans les domaines les plus divers. Il fut, jusqu'à l’an dernier,
597 5650 2238 5707 membre de la Fondation Carnégie, mais il s’occupe encore activement de la
597 5699 2243 5754 Société pour la Lutte contre la Tuberculose, de la Société vaudoise des Sciences
597 5746 2243 5806 naturelles et de la Société vaudoise d’agriculture. A Monsieur Chuard, qui au
606 5797 2241 5868 jour de la parution de ce numéro fêtera son 80me anniversaire, la ZI présente
597 5851 993 5928 ses meilleurs vœux.\:fp\
3034 2966 3585 3003 \f\Jean-Marie Musy\:f\
4271 3208 4445 3274 \f\Photopress\:f\
2857 3276 4042 3381 \fp\Alt Bundesrat Dr. Jean-Marie Musy\:fp\
2604 3381 4304 3475 \fp\Herr Musy, unser katholisch-konservativer Politiker, wurde 1919 als Nachfolger
2604 3467 4314 3531 Adors in den Bundesrat gewählt, war zweimal, 1925 und 1930, Bundespräsident,
2602 3516 4314 3570 und verwaltete das Zoll- und Finanzdepartement. Das war gewiß kein leichtes
2602 3563 4314 3634 Amt, und wir haben Herrn Musy nicht gefragt, ob ihm die Beschäftigung damit
2600 3614 4310 3666 besondere Freude gemacht habe: Ruhegehälter für die Bundesräte, Alkoholwesen,
2615 3662 4308 3713 Volksbegehren über die Vermögensabgabe, Revision des Zollgesetzes, Bundesgesetz
2604 3706 4310 3773 über die Getreideversorgung, Edelmetallkontrolle, Lohnabbau des Bundespersonals;
2664 3758 4299 3816 das sind nur ein paar Stichworte aus der langen Sorgenliste unseres Staatshaus
2596 3805 4301 3871 halts in jenen Jahren. Jedenfalls haben sie nicht vermocht, Herrn Musy die Politik
2604 3852 4306 3920 zu verleiden. Im Frühling 1934 trat er als Bundesrat zurück, — aber schon im
2602 3903 4306 3963 Oktober 1935 ließ er sich in den Nationalrat wählen, um von nun an sein ganzes
2602 3953 4308 4021 politisches Temperament für die Verwirklichung jener Ideen einzusetzen, die ihm
2609 3993 4297 4070 wirklich am Herzen liegen. Christlicher Ständestaat, konservative Gesellschafts¬
2609 4049 4314 4107 ordnung, das sind Begriffe, die Musy oft in Gegensatz zu seinen liberalen Kollegen
2617 4098 4301 4164 gesetzt haben [sic], auch auf wirtschafts- und währungspolitischem Gebiet. Diese Richt¬
2596 4141 4295 4214 linien- und Prinzipienkämpfe der hohen Politik sind aber jetzt ganz zurückgetre¬
2602 4197 4248 4261 ten, seitdem Herr Musy sich einer höchst aktuellen Aufgabe zugewandt hat,
2602 4241 4301 4301 mag er sie auch als die logische Auswirkung seiner weltanschaulichen Ueberzeugun¬
2604 4295 4314 4355 gen ansehen: es ist die «Schweizerische Aktion gegen den Kommunismus», deren
2609 4338 4314 4408 Fäden sich von Freiburg aus über die ganze Schweiz spinnen. Herr Musy kämpft
2602 4389 4314 4451 gern und scheut nicht sich zu exponieren. Das idyllische und prachtvoll gelegene
2596 4436 4316 4498 Schlößchen Middes bei Freiburg, das er seit einigen Jahren bewohnt, ist denn auch
2602 4479 4314 4552 durchaus kein «Ruhesitz», — so wenig, wie alt Bundesrat Musy ein Privatmann
2604 4537 4295 4601 geworden ist! — Vor hundert Jahren, als Frankreich von verzweifelten Aufstän¬
2609 4582 4314 4646 den und heroischen Freiheitskämpfen erschüttert wurde, hat in diesem selben
2600 4631 4310 4699 Schlößchen Middes die Stifterin des Ordens vom «Sacré Cœur» Zuflucht gefunden
2602 4680 4312 4742 und ein paar Jahre lang gelebt, bis die Revolutionen erstickt waren und sie in ihre
2604 4729 4310 4800 Heimat zurückkehren konnte. Das Bild der Heiligen hängt im Flur, — während
2604 4774 4306 4851 oben im schönen Arbeitszimmer von Herrn Musy die Photographie des öster¬
2602 4828 4301 4894 reichischen Kanzlers Dollfuß den Ehrenplatz einnimmt. Unser Bild zeigt National¬
2602 4875 3998 4952 rat Musy bei einer Tagung der Jungkonservativen auf dem Rütli.\:fp\
2602 4935 4306 5012 \fp\M. Jean-Marie Musy, ancien conseiller fédéral, est né en Gruyères, le 10 avril 1876.
2611 4993 4314 5057 Il fut d’abord avocat, puis directeur du Crédit Gruyérien à Bulle. Conseiller d’Etat,
2611 5044 4310 5112 il dirige pendant huit ans les finances du canton de Fribourg. En 1919, il remplace
2607 5089 4297 5170 M. Gustave Ador au Conseil fédéral. 14 ans durant, il demeure chef du Départe¬
2609 5140 4314 5219 ment fédéral des Finances. En 1934, il se démet de ses hautes fonctions, mais
2609 5187 4297 5258 n'abandonne point pour cela ses activités. Sollicité par les milieux financiers et poli¬
2609 5239 4310 5305 tiques de divers pays, il entreprend dès l’automne 1934 une série de conférences à
2609 5296 4314 5354 l'étranger. Un an plus tard, sur les instances de ses compatriotes, M. Musy accepte
2611 5337 4301 5404 une candidature au Conseil national. Brillamment élu, il fait sa rentrée aux Cham¬
2611 5391 4299 5457 bres par un discours remarqué où il concluait à l’urgence d’interdire les organisa¬
2609 5433 4299 5510 tions communistes sur le territoire de la Confédération. Il dirige actuellement l'Ac¬
2609 5496 4316 5555 tion Nationale suisse contre le communisme et se dépense sans compter dans cette
2611 5536 4295 5613 activité. M. Musy est homme de devoir, chaque fois que les circonstances l’y obli¬
2619 5605 4310 5662 gent, il s’efforce de servir son pays. Reste très sportif, notre ancien ministre
2609 5635 4314 5705 des finances est encore aujourd’hui un fervent chasseur et un remarquable tireur. Il
2615 5684 4175 5763 lui est arrivé l’an dernier d’abattre cinq chamois en cinq coups de carabine.\:fp\
