4276 7129
1377 4415 1946 4478 Kleines Kongo-Tagebuch
1275 4459 2062 4535 Von Annemarie \g\Clarac-Schwarzenbach\:g\
1628 4544 1727 4577 IV.
1479 4571 1856 4640 Das Bild des Kongos
1270 4607 2123 4669 \p\Beim Anblick des Flusses erinnere ich mich manch¬
1211 4652 2123 4708 mal an Sommerabende in Schweden, wenn die Sonne
1211 4704 2123 4745 nicht mehr schien, und doch eine wunderbar erhellte
1210 4739 2122 4787 Luft die Schäreninseln und das Wasser in ruhevolle
1211 4769 2122 4810 Klarheit tauchte. Der Himmel war farblos, man sah
1211 4804 2123 4854 keine Wolken, und wenn der Mond aufging, geschah
1219 4840 2123 4894 es unbemerkt. Der Tag war zu Ende, man wußte
1211 4876 2123 4912 es nicht einmal, und wenn sich die nächste Morgen¬
1211 4909 2122 4950 dämmerung vorbereitete, erhob man das Haupt aus
1211 4945 2122 4981 leichtem, traumlosen Schlaf, während der Nacht¬
1211 4975 2122 5021 stunden war der Widerschein des Nordlichts manch¬
1210 5022 2104 5064 mal so stark, daß man ohne Furcht durch die Wälder
1211 5054 2101 5096 gehen konnte, die nach Moos und Preiselbeeren duf¬
1211 5085 2122 5122 teten, der Boden schwoll weich unter den Füßen und
1217 5115 2122 5161 dämpfte die Schritte. In jeder Lichtung vermutete
1211 5157 2095 5195 man einen Elch, der auf mächtigen Beinen, das Ge¬
1211 5184 2122 5242 weih in den Nacken gelegt, dort stehen würde, hinter
1211 5224 2122 5265 ihm, im taufeuchten Gras, vielleicht scheue, äsende
1210 5251 2122 5308 Rehe. Oder man ging auf einer mühelosen Straße
1211 5296 2101 5337 dem Wasser entlang, worin sich bärtige Fichten spie¬
1211 5324 2122 5370 gelten. Am Bosporus begegnete man auf solchen
1219 5366 2122 5406 Gängen manchmal Fischerbooten, die in kleinen Häfen
1217 5399 2122 5439 schaukelten, dort lag auf den leisen Wellen immer
1211 5436 2123 5476 Mondlicht, so daß sie mit einem Silberklang ans
1211 5466 2122 5508 Ufer schlugen. In ansteigenden Gärten warfen Oliven¬
1211 5501 2122 5545 und Nußbäume ihren Schatten. Dann kannte ich Mond¬
1211 5540 2108 5588 nächte am Wüstenrand, war es nicht zum Verzweifeln,
1211 5572 2095 5618 wie man ausschaute und immer nur Sandrücken er¬
1210 5607 2122 5662 blickte, und manchmal zerbröckelnde Lehmruinen, und
1210 5640 2122 5695 wie die Araber ohne ein Wort, nach Osten gewandt,
1210 5679 2122 5719 bis zu den Augen vermummt, dort saßen und den
1210 5718 2122 5767 Sonnenaufgang erwarteten. Der trat dann allerdings
1211 5757 2120 5793 ein wie eine Verheerung, ein solches Flammenmeer
1210 5780 2122 5838 konnte man kaum ertragen, und der Sonnenball stieg
1211 5826 2122 5859 majestätisch rasch auf und verschwand, dann blieb in
1211 5854 2120 5895 der Höhe für viele Stunden nur die blindende Weiße
1211 5893 2122 5931 zurück, welche die Augen tötet. Da wird man fromm,
1211 5931 2120 5970 weil man um die Wiederkehr des Abends und um
1211 5963 2122 5997 ein bißchen Kühle betet. Aber wie war es doch in
1214 5993 2120 6047 den Städten, wenn man nach vielen bestandenen Ge¬
1211 6029 2122 6076 fahren zurückkehrte? Ich erinnere mich an die Einfahrt
2140 4421 3052 4479 in Teheran, dessen Nähe sich immer stundenlang an¬
2137 4459 3051 4504 kündigte, weil der langsame Zug der Karawanen
2136 4488 3051 4549 dichter und dichter wurde, bis man in einer einzigen,
2137 4531 3051 4565 gelben Staubwolke mühsam nach Atem rang. Das
2143 4563 3051 4602 Stadttor erreichen! — dachte man, und es waren
2137 4602 3051 4643 auf allen Seiten Stadttore aus blauem, leuchtendem,
2118 4639 3049 4675 mit weißen Blüten und Tanken anmutig durchfloch¬
2118 4673 3049 4717 tenem Mosaik. Aber dann, wenn man die in zer¬
2118 4705 3049 4756 rissene Soldatenmäntel gehüllten, Würfel spielenden
2118 4737 3048 4791 und Wein aus Schiras trinkenden Wachen gekreuzt
2117 4776 3029 4831 hatte, wo war man? Bazarfeuer, Lärm von Stim¬
2117 4810 3047 4859 men und Hämmern in den engen Gassen, Pferde¬
2116 4851 3022 4889 getrab und Rufe der Droschkenkutscher in endlos brei¬
2116 4873 3046 4930 ten, sandigen Ovenuen, endlose, hohe Gartenmauern,
2116 4913 3045 4964 hinter denen sich im Dunkel Wipfel wiegten, und
2117 4948 3045 5012 keine Sterne, eine schwach erhellte Decke statt des
2117 4977 2525 5057 Himmelsgewölbes ...\:p\
2190 5015 3044 5087 \p\Aber wir haben solche Nächte überall gekannt, man
2116 5079 3044 5129 braucht sich nicht an die Namen der Städte zu erinnern,
2140 5114 3046 5172 wo man sich geborgen fühlen wollte, und aus ver¬
2116 5142 3042 5193 schlossenen Gärten und verhängten Zimmern in den
2140 5185 3042 5238 trüben Lampenschein der Straßen hinausblickte, wo
2115 5222 3044 5280 langsam fallender Schnee sich mit Regen und Ruß
2115 5257 3013 5305 mischte, wo aus Fabrikschloten und Schmelzöfen jen¬
2115 5287 3042 5335 seits des Flusses von Pittsburg Feuergarben in den
2145 5324 3018 5377 Himmel geschleudert wurden, wo in öffentlichen Parks
2115 5355 3040 5410 Lichtfontänen stiegen, wo vor trostlosen Baracken
2115 5395 3040 5444 Negerkinder im Exil schläfrig von Palmbäumen
2115 5430 3039 5482 träumten, die sie nie sehen würden... und nirgends,
2113 5468 3038 5519 und nie auf der Welt, war man so weit von jeder
2113 5499 3037 5560 Hoffnung entfernt wie heute, und morgen noch, am
2112 5528 2468 5584 Ufer des \g\Kongos\:g\.\:p\
2181 5577 3036 5640 \p\Sein Anblick ist prachtvoll. Er ist, sagen sie, der
2113 5624 3037 5661 zweitgrößte Strom der Erde. Tausend Meilen von
2111 5659 3018 5710 hier, oberhalb der Fälle von Leopoldville, hob es an
2111 5683 3036 5745 ein riesiges Band wie eine Bleiader im unerforschten
2112 5731 3036 5780 Ozean des Urwaldes. Kaum ein paar Breschen haben
2112 5766 3029 5812 sie geschlagen, seitdem Stanley vor nun 65 Jahren
2112 5802 3036 5842 vom See Langanyika aufbrach, und er brauchte ein
2112 5841 3036 5893 Jahr bis nach Boma, und wußte nicht, ob er den
2110 5862 3033 5921 Nilquellen folgte. Dann haben sie Schiffe hinauf-
2110 5897 3033 5956 getragen. Und jetzt, im Verlauf von sieben Tagen,
2110 5927 3033 5991 habe ich nichts gesehen als auf winzigen Lichtungen
2111 5982 3033 6020 von wilden Feuern erleuchtete Negerdörfer, und wir
2111 6007 3031 6049 hörten nichts als das Tamtam der Trommeln, manch¬
2111 6051 3031 6094 mal einen Schrei von Affen oder Papageien. Dann
3048 4434 3965 4480 öffnete sich der Fluß, der Himmel wuchs, Inseln flu¬
3048 4480 3955 4524 teten grün in einem Meer von lichtlosem Grau, aus
3047 4514 3952 4561 einem Hügelrücken neigten sich Palmen dem Wasser zu,
3047 4543 3962 4594 auf fetten Wiesen grasten ein paar Rinder. Warum sollte
3047 4582 3958 4628 man hier nicht leben, es gab Schatten, Wege im Grün,
3047 4618 3961 4666 die unendlichen Wogen des Urwalds brauchte man
3047 4662 3955 4700 nicht zu sehen, und am ersten Abend ging die Sonne
3047 4688 3955 4727 als sanfter Feuerball unter und herrlich gefärbte
3047 4725 3965 4776 Wolken erfüllten den Himmel, der endlich wieder das
3046 4763 3815 4819 Weltall und die Ferne zu erreichen schien!\:p\
3109 4790 3965 4849 \p\Ich habe das gleiche Bild seit vielen Tagen vor
3046 4831 3955 4881 den Augen. Am frühen Morgen höre ich die Schwar¬
3061 4867 3955 4921 zen an meiner offenen Türe vorübergehen, und es
3045 4916 3952 4948 ist, als erhöben sie sich mitten in der Nacht, um hinter
3045 4943 3951 4998 ihren Ladentischen zu stehen, oder Gräser zu sammeln
3045 4964 3683 5022 und Sträflingsarbeiten zu verrichten.\:p\
3104 5013 3958 5074 \p\Aber während der Nacht hocken sie fröstelnd vor
3044 5049 3952 5104 ihren kleinen Feuern, die Leprakranken und die an¬
3044 5098 3955 5137 deren und erheben immer den gleichen Blick, langsam,
3042 5137 3954 5175 gläsern, und furchtsam. In den Wäldern, sagt man,
3042 5172 3955 5204 trinken sie Palmwein und tanzen. Ich kenne nur
3042 5194 3958 5244 das Tamtam, und was soll ich dort, wo Fäulnis
3041 5219 3955 5281 aus dem Urgrund aufsteigt, und riesige Termiten¬
3055 5260 3955 5329 hügel neben den Pfaden stehen und unter dem Fuß
3041 5302 3860 5351 zerbrechen, und wo der Schlaf dumpf sein muß.\:p\
3103 5331 3956 5404 \p\Das ist es, die Weißen leben hier in beständiger
3040 5379 3958 5427 Furcht, wie die Neger, den Urwald im Rücken, die
3040 5417 3952 5458 Augen auf den Fluß gerichtet, sie wissen es nur nicht
3040 5452 3956 5499 Und wir brauchen uns nicht zu fürchten, nur den
3040 5487 3952 5532 Atem müssen wir sammeln, nur die Augen heben, nur
3040 5516 3949 5567 lauschen. Da vernimmt man schon Schwalben, und
3052 5550 3952 5607 heute schien die Sonne und schmolz das bleierne Dach,
3048 5583 3946 5638 da wurde der Fluß plötzlich klar und in der blauen
3038 5630 3951 5677 Klarheit spiegelten sich die Waldränder und der von
3039 5654 3904 5705 Wolken bewegte Sommerhimmel. Jetzt aufbrechen! —
3039 5698 3953 5745 Jetzt in einer silbernen Piroque in der langsamen
3052 5726 3944 5787 Strömung hinabgleiten, der Abendsonne im Westen zu,
3038 5773 3944 5821 bis aus dem Wasser die Türme einer Stadt aufsteigen,
3037 5804 3944 5856 bis der Fluß sich verzweigt und verebbt in einer weiten
3038 5842 3944 5884 Ebene, in der Winde und Vögelzüge sich wiegen, bis
3037 5878 3944 5925 zu einer von frohen Segeln bedeckten Meerbucht, bis
3036 5915 3944 5960 dorthin, wo federnde Brücken sich spannen und der
3036 5949 3944 5993 Himmel sich wölbt wie Stahl, und die Sterne der
3036 5976 3944 6022 Milchstraße uns in die geöffneten Hände fallen und
3034 6008 3940 6074 vergehen, wie Tau in der ersten Stunde des Morgens!\:p\
