3837 5669
362 966 777 1038 Liebe zu Europa
344 1033 786 1104 Von Annemarie Schwarzenbach
239 1091 941 1160 \p\Die \g\Rückkehr\:g\ nach \g\Europa\:g\ ist ein senti¬
180 1147 941 1197 mentales Erlebnis, dessen schmerzlich-glückliche
180 1188 944 1227 Intensität ich wieder erfuhr, als ich mit dem portu¬
183 1223 979 1275 giesischen Afrika-Dampfer „Quanza” vor einigen
180 1262 945 1312 Tagen in Lissabon landete. An Gelegenheiten,
180 1302 941 1347 mich an dieses Erlebnis zu gewöhnen, hatte es mir
180 1341 945 1382 nicht gefehlt, da ich seit Beginn des Krieges schon
189 1383 944 1423 zweimal wieder nach Europa zurückgekehrt war,
183 1410 942 1456 das erste Mal von Indien, das zweite Mal, vor
183 1454 945 1498 Jahresfrist, von Amerika, zu einem Zeitpunkt
179 1487 943 1529 also, da die europawärts fahrenden Schiffe bei¬
180 1523 939 1567 nahe leer, die von Lissabon nach den beiden
180 1562 935 1602 Amerika auslaufenden Schiffe hingegen überfüllt
179 1601 938 1643 waren mit Flüchtlingen und Auswanderern aller
180 1633 944 1685 Nationalen, Rassen und Klassen, die dem gefährde¬
180 1682 932 1722 ten und erschöpften Europa den Rücken kehrten,
183 1715 979 1761 um drüben in den neuen Erdteilen des Westens
186 1752 890 1803 Frieden, Sicherheit und prosperität zu finden.\:p\
236 1799 941 1846 \p\Aber die Ausfahrt dieser Schiffe, der Abschied
180 1844 932 1888 auf dem Quai und die stumme Masse der Passa¬
189 1885 926 1933 giere an der Reeling des langsam vom Ufer weg¬
180 1919 939 1969 gleitenden Dampfers waren immer herzzerreißende
186 1962 945 2004 Bilder. Fast noch eindrucksvoller war meine Ab¬
180 1993 935 2035 reise von Lissabon nach Afrika vor nun elf Mo¬
183 2031 942 2081 naten: sei es, weil die nach Afrika verschlagenen
180 2072 935 2123 Europäischen Emignanten ihr Schicksal als ungleich
180 2117 939 2153 ungewisser und herber empfanden als die Glück¬
183 2152 938 2191 lichen, die ein amerikanisches Visum besaßen, sei
180 2188 939 2228 es, weil auch die Portugiesen, Franzosen, Belgier
180 2224 939 2264 oder Briten, die in die Kolonien gingen, um einen
180 2264 940 2309 Posten oder eine Stelle anzutreten, mit einer Ab¬
180 2298 935 2343 wesenheit von vielen Jahren rechnen mußten, sei
180 2347 932 2390 es, weil die allgemeine Unsicherheit dieser Kriegs¬
182 2379 937 2430 zeiten jeden Entschluß und jede Unternehmung zu
180 2418 929 2467 einem vielleicht unwiderruflichen, tragischen Wag¬
183 2454 373 2507 nis machen.\:p\
233 2493 942 2539 \p\Die Rückkehr nach Europa ist nicht vielen be¬
180 2527 939 2579 schieden. Ich habe mich in den afrikanischen Kolo¬
180 2577 944 2620 nien selber während Monaten an den Gedanken
182 2608 935 2664 gewöhnen müssen, fast vollständig von der Hei¬
180 2646 979 2692 mat, von Europa und, in großem Maße, auch von
180 2687 935 2740 Amerika abgeschnitten zu sein, und ich habe andere
180 2718 980 2777 unter der Tatsache ihres Exils leiden sehen. Das
179 2775 935 2813 Radio, das die Stimmen von fernen Städten und
180 2810 929 2856 Kriegsschauplätzen zu uns trug, wirkte nicht trö¬
180 2847 932 2890 stend, sondern eher verwirrend und, vor allem
177 2890 938 2936 abstumpfend. Man konnte sich, während man in
180 2932 935 2967 einem engen Lebenskreis gefangen saß, wo man
180 2965 926 3004 um seine Geschäfte, seine Stellung und Gesundheit
183 3000 979 3044 und gegen das erschlaffende Klima kämpfte, die
186 3038 938 3080 Realität und Tragweite von Ereignissen nicht
179 3075 939 3128 immer ins Bewußtsein rufen, die man als Echo
177 3114 932 3163 aus dem Radio vernahm. Dieses beständige Echo
183 3149 929 3193 aber erschwerte es, sich mit den gesetzten Grenzen
174 3190 929 3233 abzufinden und sich ein Leben dort einzurichten
180 3234 930 3270 wohin man durch die Zufälle des Schicksals ge¬
180 3269 469 3321 stellt worden war.\:p\
227 3315 938 3363 \p\Und doch lebte man auch dort. Man lebte, zum
186 3353 979 3406 Beispiel in den Kolonien Aequatorialafrikas, in
174 3394 938 3440 denen ich mich aufhielt, nicht einmal schlecht. Viele
180 3432 929 3474 kriegswichtige Produkte, vor allem Metalle, fan¬
180 3468 935 3517 den erhöhten Absatz; Südafrika sprang für die
180 3512 939 3557 Lieferung von Nahrungsmitteln, Medikamenten
183 3559 932 3593 und vielen anderen Dingen ein, die von Europa
180 3580 929 3632 nicht mehr geschickt werden können, und das ge¬
180 3627 935 3673 samte Wirtschaftsleben der Kolonien, das nun
180 3666 939 3710 nicht mehr vom Mutterland dirigiert werden
183 3699 929 3747 konnte, erhielt durch die notwendige Umstellung
182 3736 932 3777 und Unabhängigkeit einen ungeheuren Auftrieb.
183 3777 927 3821 Das Klima war schwer zu ertragen; aber man
180 3807 939 3857 hatte es schon früher ertragen, und da die Europa¬
179 3857 932 3892 urlaube jetzt fortfielen, entdeckte man, daß man
174 3892 938 3930 auch am Kap und in den Bergen des Kivu und
183 3934 979 3981 Ituri herrliche und gesunde Ferien verbringen
183 3967 284 4012 konnte.\:p\
221 4002 938 4055 \p\Neben den noch jungen und daher rückständi¬
183 4056 938 4092 geren und vom Klima besonders benachteiligten,
179 4090 944 4133 Kolonien Aeuquatorialafrikas [sic] gibt es im dunklen
177 4124 941 4164 Erdteil, wie in allen Kontingenten, Gebiete, wo
180 4159 936 4207 der Europäer sich anzupassen und leicht zu leben
180 4198 935 4241 vermag. Die Südafrikanische Union besonders ist
183 4237 927 4278 ein „Land des weißen Mannes" geworden, dessen
183 4270 932 4316 Entwicklung manche Aehnlichkeit mit derjenigen
179 4310 925 4358 Nordamerikas zeigt. Man kann wohl in Bezug auf
180 4352 926 4396 die europäische Menschheit, von einer „Dezentra¬
183 4387 944 4428 lisation" sprechen, und nie so wie seit dem zweiten
180 4424 939 4469 Weltkrieg gewöhnt man sich daran, Zentren unse¬
183 4463 927 4503 rer Zivilisation in New York und Argentinien,
180 4501 929 4543 in Sydney oder Kapstadt oder Indien zu finden.
189 4540 929 4578 Woher nährt sich also heute noch das Heimweh
180 4575 939 4614 derer, die dort leben, nach Europa? Wo überhaupt
183 4610 935 4658 sind die Grenzen Europas? Extreme arabische
183 4654 935 4694 Nationalisten haben für ihr neuzubildendes arabi¬
180 4692 939 4737 sches Reich Ansprüche auf Cordoda und Granada
183 4730 932 4773 erhoben; der Balkan war lange türkisch; in der
189 4762 938 4810 Musik, der Architektur, der Kleidung und manchen
186 4804 938 4851 Gebräuchen in Portugal erkennt man die mau¬
186 4840 935 4881 rische Vergangenheit; mitten in Europa, in Un¬
192 4882 938 4925 garn, wohnt ein den Indoeuropäern nicht ver¬
195 4917 944 4962 wandtes Steppenvolk; aber im asiatischen Syrien
186 4928 980 5007 stehen griechische Säulen. Hätte man mich vor die
986 918 1738 965 Frage gestellt, ob ich als außereuropäisches Exil¬
989 960 1774 999 Syrien oder die Vereinigten Staaten wählen
983 997 1550 1057 würde, ich hätte mindestens gezögert.\:p\
1033 1041 1735 1086 \p\Man sagt heute leicht, Europa sei „fertig“ oder
986 1074 1735 1127 vorsichtiger ausgedrückt, es sei an einem Wende¬
980 1119 1744 1170 punkt seiner Geschichte und am Ende seiner Vor¬
983 1161 1744 1202 herrschaft angelangt. Und wie oft habe ich doch
989 1196 1744 1247 schon die Folgerung gehört: „Warum also, selbst
969 1236 1735 1283 als Weißer, selbst als Europäer, in Europa leben
983 1275 1732 1315 wollen?" Und doch habe ich wohl nie unter einer
986 1313 1732 1352 zufällig zusammengekommenen Gruppe von Men¬
980 1349 1741 1392 schen verschiedener Herkunft und mit verschiedenen
989 1386 1741 1433 Zielen eine so starke, ergreifende, gemeinsame
983 1421 1744 1467 Freude erblühen sehen, wie auf den Gesichtern der
986 1468 1736 1509 Passagiere des Dampfers „Quanza”, als wir eines
989 1495 1774 1542 Tages, endlich, in der Morgenfrühe, das erste
980 1541 1727 1585 Felsenriff der portugiesischen Küste erblickten.
986 1574 1735 1622 Viele unter diesen Passagieren wußten noch nicht,
980 1611 1739 1651 was nach der Landung in Lissabon aus ihnen wer¬
986 1648 1735 1692 den würde. Viele wußten nicht, in welchem Zu¬
980 1690 1735 1729 stand sie ihre Heimat, ja, ob sie überhaupt ihre
969 1725 1733 1767 Angehörigen, ihre Eltern, ihr Haus wiederfinden
980 1764 1735 1807 würden. Andere kamen zurück, nur, um wieder in
980 1801 1740 1850 den Krieg zu gehen. Aber das Glück, die euro¬
983 1849 1729 1882 päische Küste zu sehen, war größer als alle Sorgen
983 1878 1735 1917 die sie in diesem Europa erwarten mochten. Und
983 1913 1735 1955 niemand schien, unter den Nicht-Portugiesen
980 1950 1739 1998 daran zu denken, daß Portugal so gut zum „Aus¬
980 1989 1774 2033 land“ gehöre, wie etwa Mozambique, Pointe
980 2025 1669 2089 Noir, oder woher sie immer kommen mochten.\:p\
1030 2072 1744 2125 \p\Woher die Liebe zu Europa? Das Licht hat da¬
980 2115 1744 2164 mit zu tun, die Fröhlichkeit des Windes, die Weiße
983 2159 1732 2204 der ziehenden Wolken, der Sammetglanz der war¬
980 2195 1735 2239 men, milden Sonne auf den leuchtenden, sanft
980 2234 1733 2278 aufsteigenden Hügeln. Man sah Straßen und
983 2278 1729 2314 Sträßlein und wanderte ihnen im Geiste entlang,
980 2312 1735 2343 über Frühlingswiesen. Man sah Windmühlen von
980 2347 1732 2387 ferne und vernahm im Geiste ihr lustiges Segel¬
980 2378 1726 2428 knattern. Man sah eine erste, altersgraue Kapelle
980 2419 1774 2471 das Barockportal eines Klosters und hörte schon
983 2456 1735 2503 die Glocken, die zum Abendsegen riefen. Man sah
986 2487 1775 2544 Möwen, Schwalben, dahingleitende Fischerboote
980 2531 1735 2580 und rötliche, Dampfende Ackerschollen. Die Stadt
980 2569 1735 2614 stieg auf, mit Quaimauern, Markthallen und
980 2610 1732 2647 Treppen im Meer verankert, gekrönt mit den Zin¬
969 2651 1734 2696 nen der arabischen Burg, den massiven Türmen
980 2683 1732 2723 der Kirche, wo portugiesische Könige ruhen. Und
969 2732 1733 2779 aus den steilen Gassen brandete das Leben der
980 2759 1732 2803 Stadt, und von den tiefgrünen Hügeln grüßten
992 2795 1729 2851 Hirten, und auf der Straße am Tajo-Ufer trabten
980 2836 1735 2881 Pferde und Maultiergespane. Die Ermüdung der
980 2876 1738 2921 langen Reise fiel von uns ab und war vergessen
983 2911 1738 2955 wie die schlaffe Luft der Tropen, wie das Ge¬
979 2945 1726 2995 fühl der Lähmung, einer unbekannten Sonne, Ge¬
969 2982 1726 3030 fahren, Schicksalen preisgegeben zu sein. Ich be¬
974 3020 1729 3061 trachtete mit Erstaunen die veränderten Gesichter
980 3061 1730 3105 meiner Mitreisenden: sie schienen sich nicht mehr
983 3106 1726 3144 zu fürchten, es war, als habe der erste Hauch
983 3141 1727 3190 vom europäischen Ufer sie gestärkt und genährt,
980 3178 1736 3223 und ein lange vergessenes Vertrauen zu sich und
980 3212 1735 3259 zur Welt, eine lagne [sic] vergessene Lebensfreude sei
980 3248 1302 3310 in ihnen erwacht.\:p\
1021 3282 1738 3343 \p\Es ist eine ernste, von der Wissenschaft immer
969 3336 1726 3383 unvollständig beantwortete Frage, was der Mensch
980 3376 1726 3431 zum Leben brauche. Gleich nach der Landung in
980 3422 1735 3456 Lissabon nahm ich einen Vorortszug nach Estoril
974 3454 1729 3503 hinaus und ging, eine Stunde später, vom Golf¬
977 3487 1729 3542 platz aus durch den Fichtenwald, den windbestri¬
974 3525 1729 3570 chenen Hügelkämmen entlang, durch rötliche Aecker,
977 3564 1732 3611 über feuchte, duftende Wiesen. Ich hätte mich fra¬
986 3599 1732 3652 gen können, ob ich in den Schären Schwedens sei,
974 3634 1774 3689 in den Hainen der Balearen, am Strand von
983 3670 1729 3721 Südfrankreich, in den Heiden nahe der Nordsee.
979 3718 1774 3761 Was mich umgab, waren die leise Luft, der herbe
980 3752 1736 3805 Wind, die zarten Farben, die Zärtliche Nähe und
983 3797 1739 3850 blaue, sehnsüchtige Weite des europäischen Vor¬
983 3840 1736 3878 frühlings. Ich sagte mir, daß ich bald hinter die¬
980 3877 1730 3919 sem friedlichen Bild ein anderes, geprüftes Europa
969 3910 1735 3951 antreffen würde. Aber der Hirt im groben Filz,
974 3940 1729 3984 der mir, im Abendlicht, mit seinen Schafen auf
977 3982 1729 4023 dieser kargen, steinigen Weide entgegenkam wie
974 4014 1741 4065 ein zeitloser, ewiger Wanderer, und das ernste
983 4050 1732 4105 und doch so heitere Läuten eines nahen Dorf¬
980 4102 1729 4147 kirchturms, von ihnen wußte ich, daß ich sie immer
983 4139 1735 4179 wieder suchen und finden würde, in jedem unserer
977 4174 1589 4236 trotz allem gesegneten Länder Europas.\:p\
