4061 5669
805 1079 2336 1287 Annemarie Clark-Schwarzenbach
2019 2402 3963 2567 Interview ohne Reporter
1169 2530 1755 2574 \f\Porträt von Schwarzenbach mit Kamera\:f\
2470 1100 3987 1192 \p\Vorbemerkung der Redaktion: Annemarie Schwarzenbach wuchs auf dem
2421 1180 3987 1268 Gute "Bocken" bei Horgen auf und ging in Fetan zur Schule. In Chur bestand
2421 1256 3982 1331 sie die Maturität und doktorierte mit zweiundzwanzig Jahren in Zürich. Wäh¬
2421 1333 3987 1401 rend der Vorlesungen schrieb sie den Roman "Freunde um Bernhard", ein Buch,
2421 1396 3994 1478 das, wie sie selbst bemerkt, unverdienten Erfolg hatte. Das war 1931. Dann
2424 1459 3980 1532 lebte sie viel in Deutschland, zuletzt in Berlin, wo ihr zweites Buch, "Lyrische
2431 1529 3992 1617 Novelle" erschien. Ein Jahr darauf reiste sie über Russland nach Persien, wo
2421 1595 3982 1701 sie bis zum folgenden Frühjahr weilte. In Teheran verheiratete sie sich mit
2424 1660 3980 1745 dem französischen Diplomaten Achille Clark. Es entsteht das Buch "Winter
2421 1738 3985 1815 in Vorderasien". Darauf ist sie wieder in der Schweiz, reist wieder nach Russland,
2419 1808 3985 1891 wo sie sich das Material zu ihrem Buche über Lorenz Saladin "Ein Leben für
2421 1881 3982 1951 die Berge" sammelt. Im Herbst 1937 fährt Annemarie Schwarzenbach für zwei
2429 1941 3982 2036 grosse Schweizer Zeitungen nach den Vereinigten Staaten. Das sind nur die\fml\\:p\
839 2698 2363 2787 \p\"Wie gefällt Ihnen Amerika?" – die Frage, mit der die Reporter in
797 2785 2363 2867 New York unterschiedslos ihre Opfer begrüssen – vielmehr nicht in New York,
797 2867 2363 2928 sondern an Bord des Dampfers, also bevor das Opfer Gelegenheit hatte, einen
797 2930 2363 3001 Zoll breit amerikanischen Bodens zu betreten und eine Prise amerikanische
793 2998 2358 3076 Luft zu atmen. Ist der Betreffende ein Schriftsteller, dann nimmt das Interview
797 3056 2363 3131 etwa folgende Wendung: "Warum sind Sie Schriftsteller geworden? Wie
797 3127 2349 3197 und wann hat sich Ihr Talent zum erstenmal manifestiert? Welches Ihrer Bücher
793 3192 2358 3270 bevorzugen Sie?" ... und so weiter. Die Reporter – ich spreche aus Erfah¬
793 3272 2368 3333 rung – haben keinen leichten Beruf und verdienen Nachsicht, ausserdem sind
795 3340 2361 3405 sie so etwas wie Kollegen der Schriftsteller, die sie belästigen müssen. Nachher,
793 3393 2368 3473 im ersten New Yorker Drugstore, lässt es sich bei einer Tasse Kaffee auch ganz
793 3464 2358 3541 gemütlich mit ihnen plaudern. Aber jene Fragen brennen unauslöschlich im
800 3534 2361 3604 Gedächtnis und beunruhigen das Gewissen. "Warum sind Sie Schriftsteller
793 3599 2353 3670 geworden?" – sollte eine so sonderbare Begrüssungsformel etwa Berech¬
793 3670 2353 3737 tigung und tieferen Sinn haben? – Gibt es auch eine feststehende Formel,
793 3740 2361 3815 derer man sich für die Antwort bedienen muss oder darf? – Als Gast eines
788 3805 2356 3878 Mädchencolleges im Staate Georgia wurde ich während der Morgenandacht
797 3880 2358 3946 unvermutet aufgefordert, den zweihundert neugierigen Studentinnen zu erzäh¬
788 3946 2349 4016 len, wie ich Journalistin geworden sei. Natürlich antwortete ich klipp und klar,
795 4016 2361 4103 präzis, wie sie es von mir erwarteten: "Schon als Kind hatte ich die Neigung,
793 4086 2353 4162 alles aufzuschreiben, was ich sah, tat, erlebte und empfand. Mit neun Jahren
797 4145 2351 4234 schrieb ich in ein liniertes Heft meinen ersten Roman; da ich wusste, dass
788 4220 2356 4297 Neunjährige von den Erwachsenen nicht ernst genommen werden, liess ich den
790 4292 2351 4351 Helden elf Jahre alt sein. Später, in der Türkei, in Syrien, Persien, Russland,
797 4360 2351 4421 verfasste ich Reisebeschreibungen und ein Buch "Winter in Vorderasien".
795 4414 2346 4496 Es hatte weniger Erfolg als meine früheren Bücher, trotzdem mag ich es per¬
785 4491 2351 4581 sönlich ganz gern. Und jetzt freue ich mich, in Amerika zu sein und einen
788 4561 2351 4625 Artikel über Eure ausgezeichneten und gastfreundlichen Mädchencolleges
788 4627 2356 4697 zu schreiben." – Die angeführten Tatsachen entsprachen der Wahrheit –
790 4690 2356 4760 ich wunderte mich selbst darüber – aber es ist einmal so: Tatsachen besagen
790 4758 2349 4843 wenig und erklären nichts. – Warum bin ich Schriftstellerin geworden? –
790 4831 2344 4913 Denn es gibt noch andere Berufe. Zuerst wollte ich General werden, dann
785 4908 2349 4971 Pianistin (woran mich ein ... Schreibkrampf im richtigen Augenblick verhin¬
788 4969 2356 5039 derte), dann studierte ich Geschichte, dann versuchte ich mich als Assistentin
780 5022 2346 5117 auf archäologischen Expeditionen. Die Liste ist nicht etwa vollständig, aber
2416 2717 3987 2795 ich will niemanden zwingen, sich alle Inkonsequenzen meiner Vergangenheit
2419 2795 3985 2860 anzuhören. Und zu meinem eigenen Trost füge ich hinzu, dass ich trotzdem
2416 2850 3384 2947 immer geschrieben habe – tatsächlich immer.\:p\
2463 2925 2632 3005 \p\Warum?\:p\
2458 2974 3975 3061 \p\Manchmal gibt es durchaus stichhaltige, praktische, befriedigende Gründe
2416 3064 3980 3129 dafür, sich redlich an der Schreibmaschine zu plagen. Ich weiss, beispiels¬
2416 3122 3977 3211 weise, immer, warum ich einen Artikel schreibe, warum gerade diesen, nicht
2416 3199 3970 3265 jenen. Ich kann natürlich genau angeben, warum ich in Amerika fast aus¬
2421 3265 3970 3335 schliesslich über wirtschaftliche und soziale Probleme schrieb, statt dem Kon¬
2416 3325 3977 3427 tinent der unbegrenzten Möglichkeiten romantischere Seiten abzugewinnen.
2424 3405 3980 3468 Es gibt überall Licht und Schatten zu entdecken – aber man schreibt über das,
2421 3471 3970 3551 was einem auf den Nägeln brennt, und – wenn man noch nicht durch die
2416 3534 3973 3611 berufliche Routine verdorben, d. h. noch aufrichtig ist, dann redet und schreibt
2416 3607 3977 3674 man nur über die Dinge, zu denen man eine Beziehung hat, von denen man
2419 3674 3975 3745 berührt wird. Aber so einfach dies klingen mag, die Frage, warum man
2416 3752 3970 3825 schreibt, ist damit noch nicht beantwortet. Ich fuhr nach Moskau und schrieb
2421 3808 3970 3878 eine Menge Aufsätze und schliesslich ein Buch über Lorenz Saladin, weil
2416 3880 3973 3943 ich es für richtig, lohnend und sogar notwendig hielt: der schlichte Held des
2416 3956 3968 4021 Khan Tengri, der in einem einsamen Hochtal an der Grenze von Russland
2412 4014 3973 4091 und China begraben liegt, sollte in seiner Schweizer Heimat nicht vergessen
2416 4089 3965 4164 werden. Uebrigens waren seine Photographien, die ich aus Moskau zurück¬
2412 4157 3963 4237 brachte, sehr viel wichtiger als alles, was ich dazu schreiben konnte. – Aber
2412 4225 3960 4292 man hat für die Mühen des Schreibens nicht immer so greifbare Erklärungen
2412 4292 3960 4370 zur Hand. – Viele meiner Kollegen versichern, dass sie nie eine Zeile
2414 4355 3963 4440 schreiben würden, wenn sie sich nicht damit ihr Brot verdienen müssten. Und
2412 4431 3963 4496 sie sind nicht die schlechtesten Schriftsteller. Aber warum, wenn sie so ungern
2414 4501 3963 4564 schreiben, haben sie nicht einen anderen Beruf gewählt? Ist es nicht ein
2412 4559 3975 4629 bisschen enttäuschend, erfahren zu müssen, dass der Schriftsteller – ein
2412 4627 3960 4702 Künstler also! – nicht immer einem dunklen Drang gehorchend schafft, son¬
2412 4695 3956 4782 dern auf Bestellung liefert? – Jedoch lässt sich folgende merkwürdige Fest¬
2409 4770 3968 4845 stellung machen: Selbst "auf Bestellung" liefert der Schriftsteller nicht das
2409 4838 3958 4911 Buch, den Aufsatz, das Gedicht, die aller Berechnung nach dem Verleger
2409 4906 3958 4991 und der Leserschaft genehm und also für den Verfasser am einträglichsten
2414 4974 3956 5058 wären, sondern er schreibt, was ihn bewegt, und so wie er das Herz der
2409 5044 3054 5129 Menschen zu bewegen glaubt.\:p\
3585 5041 3929 5138 Annemarie Clark
43 352 1577 440 \fml\\p\wichtigsten Etappen ihres Lebens, des Lebens einer Journalistin, einer selbstän¬
37 418 1375 504 digen, jungen, modernen Frau. Einer ernsten Frau vor allen Dingen.\:p\
82 494 1588 565 \p\Ich erinnere mich, als ich sie einmal auf dem mitternächtlichen, schwärzlichen
37 545 1588 633 Perron des französischen Bahnhofs in Basel traf, wo wir beide auf den Pariser
39 633 1592 696 Zug warteten. Sie war auf dem Wege nach U. S. A. Ihr Gepäck bestund aus
37 692 1594 766 einigen hellen, glatten Koffern. Sie trug, wie immer, einen elfenbeinfarbenen
37 766 1592 836 Mackintosh, war ohne Hut und vollkommen zweckmässig angezogen. Mit der
39 832 1573 905 sichern Lässigkeit jener, die immer unterwegs sind, ging sie über die Kleini¬
37 893 1592 961 keiten der Reise hinweg. Um so wichtiger aber nahm sie, das merkte man gleich,
37 959 1592 1055 den Zweck ihrer Amerikafahrt, ihre Arbeit. Im Verlauf der gemeinsamen Fahrt
33 1028 1588 1121 erzählte sie unablässig von ihren Plänen, von den Themen und Problemen, auf
43 1098 1594 1188 sie einzugehen im Sinne hatte, von den Gebieten, die sie zu bereisen gedachte
33 1168 1594 1243 und den Zeitungen, die für ihre Artikel in Frage kämen. Ihr Eifer und ihre
1657 317 3208 424 Begeisterung waren so frisch und echt, dass jeder zufällige Zeuge des Ge¬
1657 416 3218 481 sprächs hätte glauben müssen, dass diese mutige junge Frau vor ihrer ersten
1661 465 2548 551 Reise und journalistischen Aufgabe stehe ...\:p\
1711 526 3218 619 \p\Wir haben Annemarie Clark-Schwarzenbach um eine Darstellung ihres Lebens
1663 615 3220 686 und Berufs für "Annabelle" gefragt. Wir waren nicht erstaunt, als sie in ihrem
1655 674 3218 764 Selbst-Interview einzig und allein auf die Frage einging: "Warum schreibe ich?",
1657 750 3220 830 und das Persönliche dabei fast ganz überging. Denn das Schreiben bedeutet für
1657 830 3214 895 sie weder Zeitvertreib noch Sport. Sie fasst es auf als einen strengen und an¬
1657 907 3214 975 spruchsvollen Dienst. Dass sie den Ernst ihres Berufes mit der natürlichen Güte
1657 950 3228 1030 und Anmut ihres Geschlechts zu verbinden weiss, dass sie auch in kühnen und
1657 1018 3218 1104 aufreibenden Abenteuern, auf gefährlichen Fahrten durch wilde und gefährliche
1669 1084 3216 1168 Länder nie ihren Dienst vergisst und nie sich selbst, sondern immer ihrer Aufgabe
1663 1162 3216 1231 lebt, gibt ihren Arbeiten – Reportagen und Reisebüchern – Bedeutung und Wert.\fml\\:p\
775 1672 2679 1749 \f\Schwarzenbach mit drei Knaben\:f\
193 4099 387 4191 \fp\Annemarie
191 4169 563 4242 Clark-Schwarzenbach
193 4222 559 4300 in Charleston, South
193 4285 563 4372 Carolina, Ver. Staaten\:fp\
