3806 5669
803 812 1767 938 Locarno und Ascona
416 933 2275 1076 \p\\g\Locarno\:g\, neueren Datums wie das schon lange
334 1052 2268 1158 als Fremdenort berühmte Lugano, durch besonders
331 1168 2248 1267 mildes Klima ausgezeichnet und reich an landschaft¬
334 1252 2268 1388 lichen Vorzügen, leidet doch unter der Mißgunst der
353 1363 2256 1492 Verkehrsverhältnisse: Lugano ist Station der Gott¬
326 1460 2270 1596 hardbahn, man wird fast notwendig hingeführt und
334 1571 2256 1712 darauf aufmerksam gemacht, dagegen liegt Locarno
322 1670 2256 1830 in bescheiden abseitiger Ecke. Wer dorthin reisen
334 1787 2268 1919 will, muß in Bellinzona meist umsteigen. Direkte
355 1890 1683 2028 Wagen gibt es nur in geringer Zahl.\:p\
421 2009 2256 2120 \p\Sehenswürdigkeiten, landschaftliche Reize, klima¬
326 2098 2258 2239 tische Vorzüge fehlen Locarno in keiner Weise.
322 2214 2260 2345 Aber sie genügen nicht, sie sind nicht das Entschei¬
322 2309 2256 2449 dende, um einen Ort lebendig zu erhalten. Der Kai
338 2413 2173 2534 von Locarno, seine Kaffees, seine Tennisplätze –
322 2529 2256 2642 sogar seine Tennisplätze — sind ein wenig öde, ein
338 2623 2258 2766 wenig unlustig: Eine Anregung fehlt, eine innere
322 2739 2243 2855 und äußere Lebendigkeit ... Locarno könnte ein
319 2838 2260 2986 stiller Ort werden, anstatt, wie mit Kamelienfest und
322 2957 2236 3073 Propaganda angestrebt, ein mondänes Publikum an¬
314 3051 2258 3167 zulocken. Eine Reihe von alteingesessenen Familien
326 3155 2248 3268 lebt hier noch, zahlreicher und selbstsicherer als in
314 3264 2248 3397 Lugano (dort haben die Fremden entschieden die
326 3370 1136 3498 Oberhand gewonnen).\:p\
392 3472 2253 3609 \p\Aber dieser private Teil Locarnos ist den Fremden
309 3580 2243 3706 nicht zugänglich und nicht wichtig. Etwas anderes\:p\\fml\
1573 1568 3557 1707 \p\\fml\wäre geeigneter, für den Ort propagandierend zu
1580 1690 3559 1800 wirken: Es gibt schon heute Menschen, die gerade
1560 1792 3557 1932 das stillere Locarno lieben, Ascona ist deshalb nicht
1560 1897 3564 2054 nur Konkurrenz, sondern Gegensatz und Anreiz. Es
1573 2016 3557 2163 erschließt gewissermaßen die Gegend. Wer nach
1573 2126 3552 2261 Ascona fährt, lernt Locarno kennen, ob er es be¬
1560 2231 3552 2380 absichtigt oder nicht. Alle Bedingungen sind vor¬
1580 2343 3562 2478 handen: Eines Tages wird Locarno auf diesem
1598 2458 3198 2605 Wege seinerseits der große Modeort sein.\:p\
1658 2560 3557 2702 \p\Nach \g\Ascona\:g\ kommen die Neugierigen und er¬
1573 2662 3567 2812 warten, Männer mit langen Bärten und Frauen in
1580 2782 3559 2899 Büßerhemden anzutreffen, sie haben einmal etwas
1585 2881 3567 3008 vom Monte Verità gehört, abenteuerliche Gerüchte,
1590 2986 3562 3136 vielleicht den Namen jenes Belgiers Oedenkoven, der
1585 3103 3564 3225 vor mehr als 30 Jahren dem Berg seinen Namen
1573 3210 3557 3365 gab und — Vegetarier, Naturmensch, Weltverbes¬
1573 3325 3557 3437 serer — in rätselhafter und immerhin achtunggebie-
1590 3432 3569 3549 tender Ausdauer Enttäuschungen, Lächerlichkeit und
1590 3537 3582 3681 Ausartungen über sich ergehen ließ. Er gründete
1585 3652 3577 3766 1905 die „Vegetabilische Gesellschaft des Monte
1598 3759 3557 3871 Verità“, das war einer der zahlreichen und aus¬
1573 3863 3567 3988 nahmslos gescheiterten Versuche, der in verhängnis¬
1585 3973 3577 4095 vollen Irrtümern lebenden Menschheit den Weg zum
1585 4080 3567 4210 Heil, zur natürlichen Besserung zu weisen. Lenin,
1585 4192 3567 4339 Klabund, Mary Wigman, Emil Ludwig, Erich Müh¬
1585 4302 3577 4417 sam und die Gräfin Reventlow haben den Berg be¬
1590 4417 3572 4529 sucht, dann kamen Spiritisten, Theosophen, Anarchi¬
1585 4521 3567 4636 sten, Schwindler, Besessene und gescheiterte Exi-
1585 4651 1902 4786 stenzen.\:p\
380 592 2065 723 \p\(„Man geniert sich etwas, in Ascona zu sein" –
290 711 2195 858 „Als ob ich aus dem Narrenhaus entkommen wäre"
1489 1840 1697 2079 \f\Zeichnung einer Kaffeeszene am Quai von Ascona von Tomamichl\:f\
1117 3065 1368 3184 \fp\Ascona\:fp\
416 3235 2239 3375 „Es ist ein Paradies ..." — Aussprüche der
285 3351 2224 3496 Gräfin Reventlow, die acht Jahre in Ascona ge¬
288 3457 740 3588 blieben ist.)\:p\
375 3561 2224 3718 \p\Das Paradies und Narrenhaus war nicht lebens¬\:p\\fml\
1483 1717 3395 1864 \p\\fml\fähig, und Oedenkoven mußte — tragisches Schick¬
1478 1833 3407 1999 sal — nach zwanzig Jahren sein Werk aufgeben und
1483 1963 2144 2069 Ascona verlassen.\:p\
1575 2057 3402 2173 \p\Das Unternehmen schien einige Jahre gründlich
1466 2148 3400 2291 zu Ende und der Vergessenheit anheim zu fallen.
1495 2255 3400 2365 Aber Ascona war nun einmal entdeckt, das ließ sich
1483 2361 3400 2505 nicht rückgängig machen, in irgendeiner Form
1483 2462 3402 2592 mußte es wachsen und einen Stil bekommen: Das
1488 2570 3400 2691 „Gesinnungsdorf“ Ascona, Maler, Künstler, Tänzer
1495 2679 3400 2783 und freie Geister — die Bohème Europas sammelte
1495 2778 3400 2896 sich hier. Nicht mehr Naturmenschen, noch weniger
1502 2881 3390 3024 Vegetarier und Abstinenten, vielmehr jene Gesell¬
1495 2988 3400 3101 schaft aus den Kaffeehäusern der Großstadt von
1478 3098 3400 3236 intellektuell-revolutionärer Gesinnungsart. Worps¬
1495 3202 3400 3354 wede ist verwandter Boden, wenn auch gemäßigter,
1502 3311 2717 3422 abgelegener, vielleicht exklusiver.\:p\
1575 3405 3407 3549 \p\Eine neue Epoche: jetzt war das Restaurant ex¬
1505 3511 3354 3643 pressionistisch ausgemalt. („Monte Verità — Hotel –
1507 3619 3397 3752 Kurhaus — Restaurant — bunt wie Tessiner Gloc¬
1502 3718 3419 3841 kengeläut ist der Weltruf von Monte Verità — Monte
1526 3834 3400 3952 Verità ist Synthese von Natursanatorium und Einzel¬
1514 3938 3412 4068 leben. Die Basis hierzu: Zwanglosigkeit. Lago
1507 4034 3349 4179 Maggiore zauberlacht Unlust in blaue Heiterkeit. –
1507 4147 2915 4282 Hier ist Ruhepol und Angel der Welt – –")\:p\
1587 4244 3407 4376 \p\Die Direktoren taten ihr Bestes, den ins Wanken
1502 4355 3419 4478 geratenen Ruf des Wahrheitsberges zu befestigen.
1507 4463 3412 4593 Die Maler von Ascona trugen das ihrige dazu bei,
1507 4567 3412 4695 es war die Zeit der Künstlerfeste, die man mit un¬
1502 4675 2554 4806 geahntem Glanz arrangierte.\:p\
383 590 2232 733 \p\Erst der Freiherr von der Heydt hat aus dem
292 701 2224 848 Monte Verità ein gangbares, anspruchsvolles und
308 824 2212 947 von allen Absonderlichkeiten geheiltes Hotel ge¬
292 957 2208 1048 macht. In Ascona wohnen unbekümmert immer
296 1039 2224 1162 noch Künstler, Philosophen und freie Geister. Frau
292 1140 2224 1282 Froebe hält in ihrem Haus Kurse für „Spiritual
304 1246 2212 1383 Research“ ab, Unternehmungen von durchaus ernst¬
304 1357 2220 1489 haftem geistigem Rang, die auch der Besitzer des
292 1465 2220 1571 Monte Verità besucht. Wer von den Asconesen
304 1566 2212 1697 würde aber seinerseits einen Aufenthalt im neuen Kur¬
292 1658 2099 1786 haus erschwingen können? Die Wege trennen sich –\:p\
381 1774 2210 1904 \p\„Der Monte Verità, der solange reifen, irren,
304 1882 2212 2008 wachsen mußte, hat nun endlich seine Fehler, Er¬
292 1986 2220 2118 lebnisse, Launen und Exzesse überwunden und ist
296 2087 2198 2212 zur Vollkommenheit gelangt ... Um auch den ver¬
294 2215 2222 2321 wöhntesten Gästen das Naturleben schmackhaft zu
292 2306 2212 2439 machen, hat Baron von der Heydt einen neuen
296 2412 2210 2540 Hotelbau nach den modernsten Grundsätzen er¬
296 2509 2222 2651 richten lassen." Man rollt zum Beispiel in lauen
296 2634 2222 2764 Sommernächten sein Bett eigenhändig und mühelos
289 2733 1164 2856 auf den Balkon hinaus.\:p\
381 2822 2222 2945 \p\Inzwischen hat sich Emil Ludwig bei Ascona ein
296 2926 2222 3068 Haus gebaut, Edmund Stinnes besitzt ein großes
292 3037 2212 3167 Gelände, Herr Dr. Emden die Inseln von Brissago,
280 3145 2208 3290 der frühere Boxer Herr Antognini, Großgrund¬
280 3251 2208 3391 besitzer und Inhaber des Kasinos, machte aus diesem
292 3372 2220 3470 eine bevorzugte Vergnügungsstätte — ein neues
289 3466 2212 3574 Hotel soll gebaut werden, näher am Lido als der
292 3574 2212 3738 Monte Verità — es wird sich sicher bezahlt machen.\:p\
1543 1669 3403 1797 \p\Aber der Park ist unverfälscht geblieben mit
1478 1778 3398 1916 Sonnenbad, Walkürenfelsen und kleinen Häuschen,
1471 1891 3406 2008 welche Frauennamen tragen, oder „Solitude“ und
1468 2003 3396 2126 „Chateau d’Amour“ heißen. (Das Letztgenannte ist,
1459 2099 3396 2240 seinen Namen zu ehren, von ausgesuchter Winzig¬
1456 2208 3403 2334 keit und durchaus für einen Einzelgänger berech¬
1471 2312 3415 2428 net.) — Man kann sich diese Häuschen mieten, sie
1480 2426 3396 2542 liegen verstreut im Park, der noch immer einer
1468 2528 3396 2656 Wildnis ähnlich sieht, mit Felsen, unberührten We¬
1459 2632 3396 2755 gen, waldbedeckten Hügeln und plötzlichen Aus¬
1471 2745 3396 2869 blicken in die Täler und Gebirge, die hier von ro¬
1466 2842 2636 2985 mantischer Großartigkeit sind.\:p\
