4209 7098
509 4397 996 4472 Ankunft in Mallorca
321 4466 1170 4516 Von \g\Annemarie Clark-SchwarzenbachX\:g\
342 4511 1218 4568 \p\Inseln sind ungeeignete Reiseziele, meistens ist es
298 4558 1219 4610 schwierig und umständlich, sie zu erreichen, noch
292 4587 1219 4635 schwieriger, sie zu verlassen, — der Entschluß, einen
300 4620 1218 4666 Zug zu nehmen oder im Auto wegzufahren, hängt
292 4659 1219 4702 von der eigenen Energie, der Aufbruchsfreude ab,
292 4689 1219 4739 diese Freude wird gelähmt und abgenützt im sinnlos¬
294 4726 1218 4765 verworrenen Hafengetriebe, während des stunden¬
291 4756 1218 4812 langen Wartens an Bord eines Schiffes, das dann
294 4803 1185 4838 erst zögernd ins offene Meer hinausgleitet, wenn un¬
292 4826 1219 4872 sere ungeduldige Sehnsucht längst vorausgeeilt ist zu
292 4865 1219 4898 neuen Küsten, blauen Gebirgen, fremden Städten und
292 4896 1168 4935 weißen Straßen, die zwischen Hügeln uns führen –
298 4925 1219 4969 wohin? Denn Reisen ist Aufbrechen ohne Ziel, nur
298 4965 1219 5005 mit flüchtigem Blick umfängt man ein Dorf und ein
298 4996 1219 5045 Tal, und was man am meisten liebt, liebt man schon
300 5035 1218 5075 mit dem Schmerz des Abschieds. Es gibt eine andere
294 5068 1218 5109 Art des Reisens: mit dem Baedeker in der Hand und
294 5100 1218 5156 dem fertigen Programm in der Tasche, da ist die
300 5136 1218 5180 Strecke zwischen der Kathedrale von Chartres und
294 5166 1218 5206 dem berühmten Seebad Biarritz nur eine lästige Un¬
294 5206 1218 5247 vermeidlichkeit, und man weiß, was einem die Unter¬
298 5234 1219 5291 nehmung wert ist und was man von ihr erwarten
292 5270 1219 5313 darf. Aber der Zauber, unterwegs zu sein, das Ge¬
294 5304 1218 5341 heimnis der Namen, die sich erst mit Inhalt und Le¬
292 5338 1219 5376 ben füllen, das Wirklichkeit-werden eines Traums, das
298 5369 1219 5420 Entzücken an der Entdeckung! Daß eine Stadt, deren
300 5408 1218 5453 Name man auf der Landkarte gelesen hat, heute wirk¬
294 5442 1199 5480 lich existiert und mit Kirchen und Toren aus dem
300 5478 1218 5518 Abendnebel steigt, daß man tagelang durch heißes
298 5509 1219 5547 Binnenland fuhr und dann die windbestrichene Küste
300 5542 1218 5588 erreicht und das Meer in seiner Heiterkeit und schaum¬
298 5581 585 5627 gekrönten Bläue!\:p\
346 5608 1218 5657 \p\Ich habe Mallorca entdeckt! Vor mir, schon vor
298 5648 1219 5694 hundert Jahren, hatten es andere entdeckt, ein paar
300 5679 1152 5721 originelle junge Engländer, Dichter und Maler,
300 5710 1218 5765 George Sand hat hier in einem Kloster gewohnt und
300 5751 1218 5787 an ihre Freunde gelangweilt-sehnsüchtige Briefe ge¬
298 5781 1219 5829 schrieben: ewig kann man sich nicht mit der Schönheit
292 5815 1219 5859 der Natur begnügen ... Seither blieb Mallorca be¬
292 5850 1219 5894 kannt, ein angenehmer Ferienaufenthalt für die
294 5882 1218 5926 einen, ein Refugium für andere, eine schöne, südliche,
300 5916 1218 5958 romantische Insel, nicht allzu schwer zu erreichen und
304 5954 1219 5994 doch am Rande Europas, billig, mit einem milden
298 5988 1219 6024 Klima, vorzüglichem Sandstrand und einer Stier¬
300 6021 1218 6070 kampfarena in Palma ... Soviel wußte ich schon,
304 6056 1219 6094 aus Prospekten, der Name Mallorca war anziehend,
292 6090 1219 6136 fremdartig vertraut, eine Versuchung: anzukommen in
1226 4378 2144 4425 Mallorca! Wann wurde der Entschluß gefaßt, wie
1217 4418 2144 4456 kam es, daß ich mich eines Abends an Bord eines
1217 4455 2144 4493 kleinen, weißen Dampfers befand, — noch lag er im
1226 4482 2144 4523 Hafen von Barcelona, noch konnte man sich anders
1214 4522 2144 4564 entscheiden, aussteigen, untertauchen in den trüben
1214 4552 2145 4594 und lärmenden Gassen des Hafenviertels, in der
1214 4591 2144 4628 schwatzenden Menschenmenge der Rambla, aber ich
1213 4624 2144 4664 fuhr nach Mallorca, der weiße Schiffskiel glitt durch
1214 4656 2144 4695 das weich schäumende Wasser des Mittelmeers, der
1214 4692 2144 4739 halbe Mond stand zwischen den Wolken und öffnete
1214 4727 2116 4765 uns eine breite sanfte Lichtstraße. Es war eine herr¬
1214 4762 2144 4794 liche Nacht, und am frühen Morgen lagen wir vor
1228 4790 2144 4828 Palma. An der Küste Syriens und der griechischen
1214 4830 2144 4865 Inseln habe ich ähnliche Städte gesehen, die ihre
1214 4863 2144 4900 weißen Häuser an die olivengrünen Berghänge bauen,
1222 4894 2144 4935 ihre Gärten ausdehnen über die Hügel, ihre Villen
1214 4928 2144 4967 bis auf die Landzungen, ihre Vorstädte und frischen
1214 4967 2144 5004 Asphaltstraßen bis zu beiden Enden der Hafenbucht.
1214 4997 2144 5044 Sarazenische Wachttürme stehen auf den Klippen, die
1214 5033 2144 5073 graue Kathedrale, sehr groß, mit kunstvoll durch¬
1214 5060 2144 5111 brochenen Bögen, schwebt fremdartig in der Fülle des
1213 5098 2144 5145 klaren, farbengewohnten, morgendlichen Lichts. Am
1214 5133 2144 5176 Quai gibt es, neben Warenballen, staubigen Taxis,
1214 5164 2144 5213 Zeitungsständen, ganze Berge von Orangen. Neben
1214 5200 2144 5243 den kurzen, gelben Kaminen der Dampfer schwankt ein
1214 5234 2089 5277 Heer von zarten Segelmasten, — zart, bewegt, silbern
1214 5272 2144 5312 durchsichtig wie das Geäst von Pappeln, und Fahnen
1214 5310 2144 5353 werden aufgezogen, entrollen sich und knattern im
1214 5344 2145 5383 Wind. Oh Heiterkeit dieser Ankunft, dieser frühen
1213 5380 2144 5410 Stunde, salzige Frische und Geruch des Meeres, un¬
1213 5403 1999 5467 vergleichlich erfreuender Anblick des Südens!\:p\
1270 5441 2145 5485 \p\Als ich im Villenvorort Terreno auf der Terrasse
1214 5479 2144 5518 eines Hotels frühstückte, wußte ich, daß die Ankunft
1214 5513 2144 5555 auf der Insel schon gültig geworden war, daß ich nicht
1214 5549 2144 5585 leichtfertig weiterreisen, sondern bleiben würde, ihr
1222 5578 2144 5612 Anblick mir vertraut, ihre Landschaft heimisch, ihre
1214 5612 2144 5664 Namen schwer von hingebrachten Stunden und Tagen.
1214 5652 2144 5695 Zuerst schien alles leicht einzuordnen: so wie Palma
1226 5685 2144 5728 den syrischen Küstenstädten glich, so erinnerten die
1214 5718 2145 5762 felsigen und gleichzeitig fruchtbaren Hügelzüge an die
1214 5753 2144 5792 Abhänge des Libanon, die grüngrauen Oliven, die
1214 5776 2144 5820 rötliche Erde, die trockenen Schafweiden auf windigen
1214 5822 2144 5864 Höhenzügen erkannte man wieder als die herb-süße
1214 5842 2144 5887 Mischung des Südens, es gab Fischerdörfer und
1214 5878 2144 5927 kleine Hafenorte hinter geschützten Buchten wie in
1214 5919 2144 5957 Südfrankreich, die alten Wachttürme waren von den
1214 5954 2144 6001 Mauren erbaut, wie die gleichen Türme in Amalfi
1214 5987 2144 6036 von den verwandten Sarazenen, ja selbst die
1214 6020 2144 6062 fremdartige graue Kathedrale gehörte an diese lateini¬
1214 6058 2124 6105 sche Küste wie die Schlösser der Kreuzritter. Am
1214 6085 2135 6146 Abend, heimkehrend, traf man Hirten und zerstreut
2140 4379 3053 4429 weidende Schafe im Gebüsch, in Lorbeer- und Oliven¬
2140 4414 3036 4476 hainen, und träumte nachher von Griechenland ...
2140 4448 3057 4494 Das war keine Fremde, kein Exil, kein Abenteuer, es
2140 4482 3057 4526 war Europa: sein Anteil am orientalischen Erbe, seine
2140 4523 3047 4564 legitime Herkunft von Rom und Hellas, sein kultur¬
2140 4554 3079 4588 tragendes Meer, seine lateinische Sprache, sein unver¬
2140 4589 3047 4631 gängliches und schönstes Gepräge. Das alles war ver¬
2140 4622 3079 4668 bindend und stärkend, reich an Vergangenheit, für die
2140 4656 3079 4698 Zukunft tröstlich ,— mußte man nach Mallorca fah¬
2140 4692 2974 4737 ren, um es wieder rein und lebendig zu spüren?\:p\
2202 4721 3050 4768 \p\Doch war es auch neu, mein Erlebnis, meine Ent¬
2140 4754 3079 4804 deckung: denn das Eigene und Einmalige des kleinen
2140 4794 3050 4835 Inselbereichs ist mit dem legitim-Europäischen ein
2140 4828 3079 4884 glückliche Mischung eingegangen, sein Zauber war
2140 4864 2991 4904 groß. Ich sah die Leute eines Dorfes tanzen, sie
2139 4908 3079 4940 kannten viele Tänze, spanisch-feierliche, bäurische Länd¬
2140 4930 3079 4971 ler zu Dudelsackklängen, maurisch-orientalische zu der
2140 4969 3079 5013 fremdartig melancholischen, in Halbtönen gleitenden
2140 4996 3079 5037 Musik, die ein Erbe der Araber ist und von den
2140 5032 3079 5076 „Flamenkos“ genannten Sängern bewahrt und geübt
2140 5068 3079 5121 wird. Dann tanzten sie ihren eigenen Tanz, der war
2140 5100 3079 5135 zugleich anmutiger und wilder, unbefangener, sinn¬
2140 5132 3079 5174 licher und lustiger als die anderen, und von seinem
2140 5170 3079 5202 komplizierten und hinreißenden Rhythmus haben wir
2140 5199 3079 5253 den Bolero gelernt. Die Mallorciner haben ihren
2148 5233 3078 5274 eigenen Dialekt, ihre eigene Tracht, ihre besonderen
2140 5271 3079 5304 und zähen Gewohnheiten. Sie sind Bauern und
2140 5302 3079 5345 Fischer, und sie haben ihre eigene Hauptstadt, Palma
2140 5340 3079 5380 di Mallorca, in deren zu engen Gassen die Autos
2140 5376 3079 5431 stecken bleiben, die zweirädrigen Eselkarren über
2161 5408 3078 5450 schlechtes Pflaster holpern, und die aus Gibraltar ge¬
2140 5445 3078 5486 schmuggelten Zigaretten billiger sind als in jedem
2140 5480 3078 5519 anderen Land Europas. Es gibt Fremde, die sich in
2140 5513 3079 5558 Mallorca Landhäuser gebaut haben, andere, die als
2140 5546 3079 5582 Flüchtlinge gekommen sind[siehe KMs 'Der Vulkan' und 'Wendepunkt'], nun in einem kleinen
2140 5584 3079 5623 Küstendorf wohnen, unter den leichten Sonnendächern
2140 5612 3079 5661 der Kaffees sitzen, debattieren und Bücher schreiben,
2140 5651 3079 5689 und vielleicht ihr Leben lang hier bleiben werden:
2140 5685 3079 5725 Exil im Mittelländischen Meer, dem großen Befruch¬
2140 5717 3079 5756 ter Europas. Man fühlt hier eine träge Gelassen¬
2139 5752 3078 5799 heit, — so nahe ist man noch von den heimatlichen
2140 5788 3053 5833 Ländern, so entfernt und geschützt vor ihrer unruhiger
2140 5821 3079 5864 Bedrohtheit, — und erfreut sich an seinen Buchten
2140 5857 3079 5895 und Uferklippen, an der grünen Klarheit des Meeres,
2140 5891 3079 5930 am Wind und Wolkenspiel. Eines Tages werde ich
2140 5919 3011 5964 wieder aufbrechen und die Insel verlassen müssen,
2140 5959 3057 6014 getrieben von meiner Ungeduld, erfaßt von Unstetheit,
2140 5990 3079 6035 Zwang und Bereitschaft zu namenlosen Zielen. Aber
2140 6027 3079 6072 wie reumütig-schön wird die Erinnerung an Mal¬
2140 6052 2890 6131 lorca sein! Wie werde ich es dann lieben!\:p\
