3602 4511
585 489 1639 595 Dr. Annemarie Schwerzenbach:
1167 704 2259 822 Portugiesischer Spaziergang.
686 1059 3245 1192 Morgens um sieben Uhr steht die Mondsichel noch über dem blassen,
576 1221 3206 1324 grauen, traumenden Meer, und der Himmel befreit sich erst langsam aus
585 1353 3176 1465 dem Mantel der Nachtblaue. Im Westen wartet der Horizont darauf, aus
576 1495 3406 1616 dem Schlaf gehoben zu werden, im Osten, über den Hügeln, gleiten die ersten
579 1638 3275 1753 mit sanftem Rosa und feurigem Geld[sic - gemeint ist Gold] genährten Strahlen aus den Wolken¬
591 1784 3254 1902 betten zu den schwarzen Kronen der Fichten, und das Frühlicht ergisst[sic]
579 1934 3245 2052 sich, zögernd empfangen, über die Abhänge zum silbernen Strand hinab.
591 2074 3269 2192 In Portugal wurde eine um zwei Stunden zurückgesetzte Sommerzeit ein¬
579 2226 3373 2332 geführt, um 9 Uhr abends sieht man den Sonnenball erst langsam westwärts
570 2364 3224 2473 zum Atlantik rollen, und am Morgen, wenn die Länder im Osten schon im
585 2507 3149 2619 satten Glanz des Tageslichtes ruhen, während hier die Welt noch in
576 2654 3439 2768 der Dämmerung in jener seltsamen Stille schwebt, wenn Himmel und Erde sich
635 2803 3280 2917 im gleichen Grau zu berühren und dann silberzart zu trennen scheinen,
576 2937 3272 3055 zeigt doch die Uhr dort und hier die gleiche Stunde an. Der Ueberland-
588 3086 3322 3198 Omnibus nach Cintra halt am kleinen Bahnhof von Estoril. Zur Linken und
567 3226 3131 3344 Rechten sind die kleinen Kaffees und Läden unter den Arkaden noch
576 3377 3328 3494 geschlossen, während oben, am Ende eines breiten Stroms von Blumenbeeten
585 3514 3286 3637 und taufrischen, blühenden Büschen, vielleicht noch ein paar verspätete
588 3656 3137 3780 Gäste hinter den herabgelassenen Jalousien des weissen Kasinos am
594 3815 3254 3921 Spieltisch sitzen. In der schönen, barocken Klosterkirche, deren Mauern
576 3946 3391 4067 das Meersalz trinken, wird die Messe gelesen, durch das altersgraue Portal
579 4092 3263 4213 ihres Gartens sieht man Novizen jungen Salat pflücken, und zarthäutige
1465 183 2468 309 –2– (Portugies. Spaziergang)
576 474 3182 592 Kartoffeln aus der fetten, braunen Erde hacken. Fischerfrauen, flache
579 616 3185 733 Körbe voll kleiner, schillernder Fische auf dem Kopf tragend, kommen
576 756 3179 879 barfuss die breite Asphaltstrasse dem Strand entlang, Zeitungsbuben
594 903 3066 1026 stürzen aus dem Bahnhof, und durch die Gassen und Strässchen des
594 1046 3278 1163 erwachenden Ortes fährt unser riesiger, gelber Autobus schwankend auf¬
591 1192 3355 1312 wärts, über die Hügel, hinter denen das Land sich ausbreitet, herb, morgen¬
576 1333 3295 1459 frisch, vom Staub der Frühsonne vergoldet. Estoril mit seinem schwarzen
573 1483 3095 1601 Asphalt, seinen Villen, Hotels und Gärten bleibt zurück, der weisse
579 1623 3373 1747 Meeresstrand versinkt für eine Weile. Die Strasse wird sogleich zu einer
582 1772 3200 1900 gemächlich zwischen Steinmäuerchen sich dahinwindenden Landstrasse,
585 1917 3385 2034 sie ist bald rötlich wie die Felder, bald weiss und gelb wie die gebacke¬
582 2054 3218 2177 nen Hügel, auf denen die runden Türme der Segelmühlen stehen, und die
576 2198 3367 2327 Spuren von Karren und zierlichen Eselhufen sind auf ihr zahlreicher als
579 2339 3218 2474 der breite, glatte Abdruck einiger Lastwagen-Räder. Der Autobus hält
576 2482 3283 2626 häufig, in kleinen Dörfern, vor der bescheidenen Fassade eines Kaffees,
588 2619 3292 2760 wo eine Katze auf einem Marmortischchen schläft, der Hausbursche unter
570 2768 3173 2897 der schmalen Türe steht, ein Fahrgast sein Glas Bier oder Aguadente [Gemeint ist ein 'Aguardente' ('brennendes Wasser'), der portugiesische Ausdruck für Spirituose]
573 2905 3412 3043 bezahlt, bevor er zu uns einsteigt, den Hut lupfend. Dann fahren wir wieder
579 3044 3248 3183 hinaus, und am Ende der Landstrasse erhebt sich dunkel und düster der
573 3196 3146 3333 gezackte Berg von Cintra, wo die Zuckerhut-Türme seines maurischen
570 3336 2857 3477 Schlosses aus der grünen Fülle seiner Märchengärten ragen.
576 3475 3173 3619 Mitten im Land hält der Autobus an, und der Fahrer winkt mir, auszu¬
594 3617 3122 3760 steigen: zur Rechten zweigt ein Weg ab, und ein Wegweiser zeigt an:
576 3772 3251 3907 Albarraque, 6 km. – Das ist ein arabischer Name, das "Al" entspricht dem
585 3915 3197 4050 arabischen Artikel "El", den man in vielen Ortsnamen von Afrik Nord-
570 4064 3245 4202 afrika bis nach Syrien und Irak wiederfindet. Und wie ich den Autobus
1412 256 2403 374 –3– (Portugies. Spaziergang)
525 548 2928 654 davonrollen sah, und in der milden Morgensonne meinen Weg nach
516 686 3269 807 Albarraque einschlug, schien mir, ich sei weit von Estoril und Lissabon,
540 832 3367 947 weit von den Geschehnissen, die heute unser Leben bestimmen, und überträte
525 978 3403 1087 die Schwelle einer zeitlosen, an keine Grenzen gebundenen Welt, in der sich
528 1122 3275 1240 der Mensch erst eigentlich heimisch fühlt. Vor mir, in ziemlicher Ferne,
537 1271 3385 1383 lagen Hügel, und an ihrem Fuss ins Grün gebettet, Dörfer, Weinberge, Kirchen.
522 1408 3325 1520 Auf den Kämmen der Hügel standen die kleinen Mühlen, und alte Mauern von
531 1549 3391 1664 Befestigungen und Burgen. Zwischen jenen Hügeln und mir breitete sich eine
543 1695 3209 1807 karge Weite aus, steiniges Heideland, scheinbar kaum gut als Weide für
534 1844 3254 1959 Schafe und Ziegen. Aber ich traf bald Herden kleine Herden von schönen,
528 1991 3260 2091 gefleckten Rindern an, und überall, soweit ich blicken konnte, waren röt¬
534 2126 3275 2241 liche Felder aus der Heide geschnitten, und Ochsenpaare zogen in feier¬
528 2272 3164 2386 lichem Zug den Pflug durch die schäumenden Schollen. Am Strassenrand
528 2409 3286 2529 standen Hirtenbuben, einen Sack über den Kopf gezogen, und schauten bald
522 2559 3245 2671 nach ihren wolligen Schafen aus, bald nach dem bewölkten Himmel, wo die
531 2690 3403 2814 Wolkenballen, vom starken, pfeifenden Wind gejagt, ein Spiel wie von Reitern
528 2830 3194 2968 und Segeln trieben. Manchmal, wenn die Sonne von ihnen verdeckt wurde,
561 2979 3212 3106 am ein plötzlicher Hauch von Kälte herbeigefegt, und die Erde schien
537 3120 3304 3249 dann so karg wie in den Steinwüsten des Orients. Aber ein römischer Via¬
537 3260 3322 3386 dukt, das steinerne Portal eines mauerumhegten Feldes, die aus den Ruinen
537 3409 3352 3532 einer Kapelle sprossenden Rosen, und die wilden Orchideen am Wege verwan¬
534 3555 3310 3685 delten diesen Eindruck wieder, und machten die Erde sanft und bewohnbar.
519 3698 3092 3828 Dann flogen auch die Wolken wieder vorbei, und aus der Tiefe eines
531 3847 3101 3968 königsblauen Himmels warf sich die Sonne wie ein blitzender Strom
534 3994 3248 4115 auf das steingraue, olivengrüne, und rötlich leuchtende Land, und schien
531 4137 2271 4264 es begrüssen, erheitern, und segnen zu wollen.
1707 159 2698 280 –4– (Portugies. Spaziergang)
543 449 3364 576 Mir wurde wärmer ums Herz, ringsum herrschte die Fröhlichkeit des Windes,
555 592 3185 713 und doch eine fast feierliche Stille. Und während ich ausschritt und
534 736 3146 850 Kilometer um Kilometer zurücklegte, dachte ich, hier könnte man sich
534 879 3224 994 sättigen an ewigen Bildern unserer Welt, die wir im Alltag und in der
546 1022 3116 1143 Sorgenfülle von heute manchmal vergessen. Drei Flugzeuge kamen vom
540 1165 3221 1286 Meer her, das Surren ihrer Motore wurde vom Wind weggetragen, und ihre
552 1315 3224 1427 Flügel verloren sich wie Vögel im unermesslichen Himmelsraum. Vor mir
540 1461 3367 1579 bogen Frauen auf ihren Eseln in einen Feldweg ein, sie waren verschleiert
549 1604 3331 1719 wie Araberinnen, und ihr Anblick erinnerte mich an die biblischen Bilder
531 1739 3376 1871 Palästinas'. Dann sah ich unter einem sanft abfallenden Hügel die anmutig
537 1879 3403 2018 barocke Fassade einer kleinen Kirche auftauchen, und folgte dem Hügelkamm,
552 2028 3331 2164 um sie zu erreichen: Da lagen unter mir, zwischen Büschen, krummen Bäumen,
546 2169 3292 2298 und zyklopischen Steinblöcken, in die Hügelmulde geschmiegt, altersgraue
540 2315 3233 2439 Häuser mit flachen Dächern, kleinen Fenstern, brüchigen Balkonen, hohen
540 2458 3301 2588 Toren,über holprigen, halb verschütteten Gassen zueinander drängend, und
558 2610 3155 2725 von dem weissen, auf der erhöhten, windumfegten Grasfläche stehenden
537 2763 3263 2875 Kirchlein und seinem Glockenturm überragt. Ich glaubte, in einem längst
549 2903 3364 3030 verlassenen Dorf zu sein, aber bald sah ich eine Bäuerin aus einem alten,
534 3043 3227 3155 fein behauenen Gartenportal treten, einen Bauern von einem nahen Feld
540 3181 3403 3307 herbeikommen, und ein Esel schrie, ein Ochse schritt langsam aus einem Hof.
546 3330 3271 3451 Ich blieb lange neben der Kirche sitzen, und sah dem friedlichen Leben
540 3476 3337 3588 des Dorfes und seiner Bauern zu. Es waren arme Leute, aber sie hatten ein
534 3625 3149 3734 paar Stück Vieh, eine Schafherde, Olivenbäume, einen Gemüsegarten, ein
540 3763 3406 3890 karges Feld. Und sie bewegten sich bedächtig und grüssten mich freundlich,
531 3909 3403 4027 und die Kinder, die vorbeiliefen, sangen und jauchzten, und hatten rotbraune
540 4052 3334 4182 Backen und lustig blitzende Augen. Als ich weiterging, auf Albarraque zu,
549 4239 3409 4314 fragte ich mich die ganze Zeit: "Was brauchen wir zum leben?" – Und ich sang
549 4307 826 4365 auch ...
