9500 6340
442 4328 2060 4458 Am gleichen
436 4804 1136 4906 Meer
1232 4638 1974 4776 Die Hafenstädte des
1188 4798 2086 4932 "Imperium Maris Baltici"
452 5072 2086 5162 BILDBERICHT VON DR. ANNEMARIE CLARK
3194 288 4118 376 Ostsee, Baltisches Meer, Bottnischer Meer¬
3200 370 4124 434 busen, — es ist fast ein europäisches Bin¬
3200 420 4120 496 nenmeer, um das im Verlauf der Welt¬
3024 470 4136 548 geschichte unentwegt gekämpft wurde. Seit den
3024 528 4124 600 grauen Vorzeiten, als von der "Bernsteinküste"
3024 582 4124 648 die uralten Handelswege den Flüssen aufwärts
3016 636 4126 700 folgten bis nach Nischni-Nowgorod, Byzanz und
3016 688 4120 754 Samarkand, seit den kühnen Fahrten der Wikin¬
3024 742 4126 810 ger bis auf unsere Tage waren die Länderstreifen
3022 794 4112 868 der Baltischen Küste das Ziel kriegerischer Erobe¬
3022 850 4126 918 rung, Kolonisation durch Ritter des Deutschen
3016 916 4116 966 Ordens und Hansekaufleute, imperialistischer Po¬
3022 954 4126 1012 litik von Schweden und Rußland. Bis nach dem
3036 1008 4126 1068 Weltkrieg blieb aus jenen Zeiten die herrschende
3016 1060 4124 1122 Schicht der deutsch-baltischen Barone und Guts¬
3016 1114 4126 1172 besitzer und der Bürgerschaft in den Städten
3024 1166 4126 1232 übrig. Gustav Adolf ebenso wie dem jungen
3022 1220 4126 1286 Karl XII. schwebte das "Mare Clausum", vor, seit
3016 1276 4124 1342 Peter dem Großen wurde die schwedische Herr¬
3016 1328 4124 1390 schaft durch die russische abgelöst. Die Kultur¬
3016 1382 4126 1438 sprache war deutsch, die Amtssprache russisch.
3016 1436 4124 1498 Die nationale Geschichte der Esten, Letten, Li¬
3022 1490 4126 1556 tauer wuchs im Schatten, — eine Geschichte von
3016 1540 4126 1598 aufeinanderfolgenden Fremdherrschaften. Erst
3018 1594 4116 1662 die russische Revolution gab auch den unterdrück¬
3018 1646 4126 1716 ten Bauervölkern der "Randstaaten" das Zeichen
3016 1698 4130 1760 zur Befreiung. Die Interventionsarmeen des
3016 1754 4118 1812 deutschen Generals Von der Goltz und des russi¬
3016 1802 4130 1868 schen Abenteurers Bermont-Awaloff, welche die
3016 1856 4106 1926 Bolschewisten besiegten, waren nicht etwa ge¬
3018 1910 4120 1974 kommen, um die Selbständigkeitsbewegung jener
3024 1964 4126 2028 jungen Nation zu unterstützen, — sie kamen als
3018 2012 4130 2086 Retter des bedrohten baltischen Adels. Und so
3016 2066 4130 2138 mußte man sich zuerst die "Befreier", vom Halse
3008 2122 4124 2186 schaffen, bevor mit der Errichtung selbständiger
3016 2184 4122 2246 Nationalstaaten ein gänzlich neues Kapitel der
3018 2230 4130 2304 Geschichte des Baltikums begann... Obwohl
3018 2284 4128 2344 Litauen, Lettland, Estland und Finnland-Suomi
3024 2336 4126 2396 vorwiegend Agrarländer sind, konzentriert sich
3016 2388 4130 2448 doch das Leben auch dort in den Städten, und
3012 2440 4112 2508 nirgends spiegelt sich die enorme, fast "totale",
3028 2498 4126 2562 Wandlung deutlicher wider. Reval war eine
3018 2550 4130 2614 deutsche Handelsstadt, — heute heißt es Tallinn
3018 2604 4126 2664 und trägt alle Zeichen des jungen Estlands mit
3016 2650 4114 2720 beginnender Industrialisierung, moderner Archi¬
3018 2708 4112 2772 tektur, aufstrebendem Handel, wachsendem Ha¬
3016 2760 4130 2824 fenverkehr. Und ähnlich ändern sich die anderen
3016 2814 4114 2882 Hafenstädte des Baltikums und nehmen Charak¬
3016 2868 4120 2934 ter und Eigenart der Nationen an, die seit der
3010 2924 4130 2984 knappen Dauer einer Generation bereits bewiesen
3018 2982 4118 3040 haben, daß sie ihre Geschicke selbst leiten kön¬
3016 3026 4114 3096 nen: die Aspirationen und Kämpfe um das "Bal¬
3018 3082 4126 3158 tische Imperium" gehören der Vergangenheit an.
4968 3970 6248 4116 L'hégémonie de la Baltique
5016 4186 6258 4276 \p\Par le feu, le fer et la hart, les Porte-Glaives, les chevaliers
4968 4276 6256 4330 tentions et borusses apportent au XIIe siècle le christianisme et
4974 4328 6262 4392 la civilisation aux peuples lives, estes et coures. Ils réduisent
4968 4376 6256 4444 l'habitant à l'esclavage, s'emparent de sa terre et marquent de
4968 4438 6252 4496 leurs étendards heraldiques fichés en terre la première croisade
4968 4488 6256 4554 du "Drang nach Osten" germanique. Au conquérant succède
4968 4542 6252 4604 le marchand. La Hanse allemande établit ses comptoirs
4974 4596 6252 4654 élève les façades crénelées de ses maisons patriciennes, le
4974 4658 6256 4724 tours élancées de ses hôtels de ville. La richesse des ports de la
4968 4710 6258 4772 Baltique, clés du commerce avec la Russie, excite bientôt la
4974 4754 6252 4814 convoitise des voisins —. Soudards danois, lanciers polonais
4970 4804 6248 4864 drabans de Charles XII occupent tour à tour le pays, mais en
4976 4858 6254 4928 fait ce sont les "Barons", qui gouvernent. Les barons! Le
4970 4914 6240 4978 noyau primitif de chevaliers allemands s'est complété de sei¬
4970 4970 6252 5036 gneurs scandinaves, de boyards polonais, de réfugiés français,
4976 5022 6254 5086 d'aventuriers, de proscrits politiques écossais, de marchands
4974 5080 6252 5128 hollandais ou portugais. Ceux-là sont les fourriers de toutes
4970 5122 6254 5188 les conquêtes et vendent sans scrupule le pays au plus offrant.
4974 5180 6254 5238 Charles XII meurt à Pultava. Porté par ses soldats, son corps
4968 5238 6256 5290 regagne la Suède et c'en est fait de l'hégémonie scandinave. Le
4968 5288 6256 5342 Russe fait flotter ses aigles bycéphales sur le pays et Pierre le
4976 5342 5800 5404 Grand décrète la Baltique: un lac russe.\:p\
5016 5376 6254 5460 \p\Ultime effort de l'Allemagne à l'issue du conflit mondial.
4970 5448 6254 5516 Von der Goltz se pose en libérateur des Baltes en refoulant la
4968 5502 6256 5574 horde soviétique. Le Prince de Hesse va ceindre la couronne
4970 5556 6254 5622 de Finlande et le Duc d'Urach celle de Lithuanie, la victoire
4970 5610 6254 5676 des Alliés vient détruire ces projets. La Baltique ne sera point
4968 5666 6242 5720 un lac allemand. Les traités créent sur les rives de la Médi¬
4970 5714 6248 5782 terranée du Nord cinq nouveaux Etats: Pologne, Lithuanie,
4968 5760 6256 5830 Lettonie, Estonie, Finlande, cinq Etats qui ne chercheront
4968 5822 6158 5884 point à exercer leur prépondérance aux dépens du voisin.\:p\
1652 2576 2364 2676 \f\Fischerdorf\:f\
496 3108 2004 3176 \fp\\p\Gdynia wuchs in den Nachkriegsjahren vom Fischerdorf zum großen
500 3172 2008 3224 Ostseehafen. Gefördert wurde diese Entwicklung durch den englischen
496 3222 2006 3282 Grubenstreik, der schlesische Kohle zu einem wichtigen Ausfuhrgut
500 3268 2010 3324 machte, und durch den polnischen Nationalwillen. Gdynia ist eine Art
494 3318 2006 3384 Nationalheiligtum geworden, und täglich kommen Schulklassen, um die
490 3366 1598 3424 Hafenanlagen am "polnischen Meer" zu bewundern.\:p\
496 3416 1988 3486 \p\Les grèves de mineurs anglais nécessitant l'exportation massive du char¬
496 3488 2002 3542 bon de Silésie, Gdyna, un modeste village de pêcheurs, devient en fort
502 3524 2004 3594 peu de temps un des grands ports de la Baltique. Gdyna est pour les
500 3574 1998 3636 Polonais le symbole de leur volonté, de leur puissance. Quotidienne¬
496 3628 2054 3688 ment des voyages scolaires amènent des écoliers pour visiter le port et
496 3678 1094 3762 regarder "la mer polonaise".\:p\\:fp\
3658 6118 3790 6240 \f\Handelsverkehr\:f\
496 5432 2086 5548 \fp\\p\Helsinki hat einen bedeutenden internationalen und lokalen Handelsverkehr.
502 5518 2084 5598 An den Markttagen kommen die Bauern von den umliegenden Schäreninseln und
512 5568 2078 5638 verkaufen vom Boot aus ihre Produkte: Butter, die in appetitlichen, weißen Töpf¬
502 5618 2084 5678 chen zum Verkauf angeboten wird, ist eines der wichtigsten finnischen Erzeugnisse.\:p\
502 5674 2084 5756 \p\Au jour du marché, les paysans de l’archipel gagnent en bateau Helsinki, la
506 5734 2086 5804 blanche capitale de la Finlande. Ils tirent leurs embarcations sur la place et
502 5782 2090 5880 débitent leur beurre dans des appétissants petits pots de bois sur ces bancs de
510 5842 896 5924 marché improvisés.\:p\\:fp\
5052 2296 5952 2412 \f\Zwei estnische Bäuerinnen\:f\
6404 3826 7152 3910 \fp\\p\Estland ist noch wenig industriali¬
6404 3906 7156 3956 siert. Die großen Wälder bilden sei¬
6400 3948 7158 4012 nen Hauptreichtum, und Holz ist
6404 3998 7158 4054 das wichtigste Exportgut. Bild: Zwei
6394 4048 7158 4106 estische Bäuerinnen, die stark genug
6394 4094 7152 4146 sind, um den Hafenarbeitern von
6410 4132 7158 4216 Tallinn beim Verladen von Holz zu
6394 4180 6546 4254 helfen.\:p\
6400 4242 7148 4308 \p\Ces deux robustes paysannes débar¬
6400 4302 7148 4356 dent le bois dans le port de Tal-
6400 4346 7150 4412 linn. L'Estonie est un pays essen¬
6400 4394 7152 4462 tiellement agricole. Ses grandes
6400 4444 7150 4498 forêts de pins sont l'une de ses prin¬
6394 4486 7152 4548 cipales richesses et l'exportation du
6398 4540 7152 4622 bois un important facteur de son
6398 4584 6606 4662 économie.\:p\\:fp\
7724 4356 8502 4472 \f\Boot\:f\
6394 5096 7162 5202 \fp\\p\"Frühlingsputzete" auf der Newa.
6392 5190 7152 5244 Am letzten Maitag dieses Jahres
6388 5238 7150 5296 marschierten in Leningrad die Ma¬
6388 5286 7152 5340 rineschüler zum Newaufer, wo ihre
6394 5332 7152 5392 Uebungsboote liegen, nahmen die
6404 5380 7152 5432 Winterhüllen ab, begannen die Boote
6392 5426 7150 5484 zu putzen und zu schrubben und für
6388 5476 7102 5542 die Sommersaison flottzumachen.\:p\
6388 5540 7146 5602 \p\Dès que paraissent les premiers
6392 5594 7146 5654 beaux jours (cette année à la fin
6398 5636 7138 5702 mai) les cadets de marine de Lenin¬
6392 5688 7146 5740 grad gagnent les bords de la Newa
6388 5730 7150 5792 et procèdent à une complète revision
6392 5790 7140 5854 et au grand nettoyage de leurs em¬
6382 5824 6944 5906 barcations d'entraînement.\:p\\:fp\
