3744 5408
268 3863 997 3946 Stellung der Jugend [Schagwörter: Jugendbewegung, Moral, Religion]
185 3940 997 3990 \p\Nie hat die Jugend so viel von sich reden ge¬
131 3973 998 4021 macht, soviel für sich in Anspruch genommen, so¬
131 4024 998 4062 viel als Forderung aufgestellt, und nie hat sie so
125 4061 998 4107 wenig ihren eigenen Willen gekannt wie heute.
131 4096 998 4139 Nie hat sie soviel von Gemeinschaft gesprochen
131 4143 998 4181 und so wenig eine Gemeinschaft gebildet. Nie war
131 4180 998 4224 sie zersplitterter, unsicherer, formloser. Nie gab
137 4224 997 4268 es solche Gegensätze, so einseitig geistige neben so
125 4255 998 4298 einseitig sportlichen Richtungen innerhalb der¬
125 4294 998 4342 selben Jugend. Und wenn schon jede Generation
125 4332 998 4370 über die, der sie den Platz räumen mußte, bedenk¬
125 4373 998 4420 lich dachte und scharf urteilte, so erschien die Spal¬
131 4413 998 4453 tung nie größer, das Mißtrauen nie berechtigter
125 4455 998 4499 als gegenüber einer jungen Generation, die, mit
125 4491 998 4543 allen Schwächen der Nachkriegszeit behaftet, nicht
131 4530 998 4581 nur ihren Eltern fragwürdig sein muß, sondern
131 4570 998 4608 auch sich selbst. Und doch scheint es anderseits, als
131 4608 998 4654 sei die Trennung der Generationen aufgehoben,
131 4643 998 4689 eine nie dagewesene Freude der Vereinigung, des
131 4689 999 4732 kameradschaftlichen Verständnisses hat die Welt
125 4724 998 4761 ergriffen; im Zeichen des Sports wurde die For¬
119 4764 997 4797 derung nach „Kraft und Schönheit“ gebieterisch
125 4805 998 4852 formuliert, und was bedeutet dies anderes als
125 4840 998 4883 eben Sieg der Jugend, deren Attribute sich bis in
125 4882 998 4927 Kleidung und Haartracht durchzusetzen vermochten!\:p\
173 4922 997 4959 \p\Doch eben solche Dinge, allgemein in ihrer
125 4958 998 4997 Aeußerung, einseitig in ihrer Ursache, sind es, die
125 4999 998 5048 wir als Täuschung empfinden und die uns, ein¬
119 5042 997 5077 mal erkannt, in größerer Einsamkeit zurücklassen.
131 5080 998 5132 Nicht daß wir gewaltsam eine Trennung wollten,
125 5119 998 5154 aber unsere Sehnsucht nach Gemeinschaft ist tiefer
125 5156 998 5190 begründet als nur in einem schon banal gewor¬
125 5195 998 5232 denen Konflikt zwischen Eltern und Kind. Es ist
125 5233 998 5286 ja nicht immer das Alter, welches uns trennt. Oft
993 3857 1874 3917 genügen wenig Jahre, um wie ein Abgrund zu
993 3907 1874 3940 wirken, und oft sind es viel ältere Menschen, die
993 3935 1874 3986 unsere besten und zuverlässigsten Freunde werden [ev. Kommentar: Im Falle v. AS selbst z.B. Klaus Merz].
993 3986 1874 4036 Das Trennende ist nicht der Unterschied der Gene¬
993 4025 1874 4055 ration, sondern der Unterschied eines Weltgefühls.
993 4069 1874 4101 Ich brauche hier nicht zu wiederholen, was schon
993 4103 1874 4150 oft gesagt wurde und in reiferer Auseinander¬
993 4144 1874 4190 setzung, als ich es vermag [ev. Kommentar: Schriften Klaus Manns (z.B. im Sammelband Die neuen Eltern]. Daß der Krieg und
993 4177 1874 4220 seine Folgen schuld waren am Sturz aller Werte.
993 4224 1874 4265 Unsere Väter sind anders aufgewachsen als wir,
993 4259 1874 4298 ihnen waren Staat und Bürgertum Begriffe, die
993 4298 1874 4347 Sicherheit und Gültigkeit in sich trugen, und in
993 4335 1874 4373 der Atmosphäre einer solchen Ordnung konnten
993 4379 1874 4428 auch Religion und Moral eine gesicherte Grund¬
993 4414 1874 4451 lage (des innern Menschen) sein, wenn man sich
993 4451 1874 4504 nicht allzu rebellisch und eigenwillig ablehnend
993 4498 1874 4533 verhielt. Aber von solchen einzelnen, die es zu
993 4532 1874 4576 allen Zeiten gab, und die immer ihre eigenen
993 4575 1874 4605 Wege gehen werden, wollen wir nicht sprechen: es
993 4613 1874 4652 geht um das Allgemeine. Unserer Zeit, einer Zeit
993 4651 1855 4691 der Wandlung, sind alle Ordnungen genommen.
993 4688 1874 4740 Leute, die man früher in Gefängnisse sperrte und
993 4713 1874 4762 nach Sibirien schickte, regieren heute Länder und
992 4763 1874 4820 Völker. Die Großen, denen man Achtung und Ehr¬
993 4804 1874 4853 furcht schuldete, sind den Anschuldigungen der
993 4836 1874 4885 Niedersten preisgegeben. Menschliche Schwäche,
993 4884 1874 4918 menschliche Größe sind Spielbälle des Zufalls.
993 4913 1874 4972 Macht und Glück scheinen gleichbedeutend gewor¬
993 4953 1874 4999 den, die Grenze zwischen Verbrechen und Erlaub¬
993 4988 1874 5053 tem streifen sich, und alles ist dazu angetan, uns
993 5037 1874 5074 auf die unerhörtesten Dinge gefaßt zu machen und
992 5071 1873 5130 ihre Nichtigkeit zugleich einzusehen. Es braucht sich
993 5118 1873 5176 niemand zu verwundern, daß der äußern Unsicher¬
993 5159 1855 5204 heit die innere folgte, und wenn man uns auf¬
992 5201 1874 5243 fordert, an einmal aufgestellte Sätze zu glauben
993 5237 1874 5286 und nach ihnen zu handeln, so hält man uns für
1871 3862 2752 3904 blind und unselbständig. Uns konnte die Frag¬
1871 3904 2752 3954 würdigkeit alles Bestehenden nicht entgehen, und
1871 3947 2752 3996 alle unter uns, die die Not der Zeit erkannt
1871 3986 2752 4025 haben, müssen auch um ihre Ueberwindung
1871 4026 2752 4071 ringen; denn es geht ja um eine Welt, die unsere
1871 4047 2752 4116 eigene ist, es geht um eine Ordnung, in der wir
1871 4098 2752 4150 unser Werk tun müssen, es geht um den Sinn
1871 4144 2752 4198 unseres Lebens. Weil wir nach Wert und nach
1871 4176 2752 4227 Wahrheit suchen, sind wir zunächst gleichgültig
1871 4226 2752 4272 gegenüber den unsicher gewordenen Grundlagen
1871 4257 2752 4308 von Moral, Sitte und Gesellschaft. Wir sind tole¬
1871 4299 2752 4347 rant bis zur Schwäche und man macht uns diese
1870 4346 2752 4396 Schwäche zum Vorwurf. Und doch müssen wir
1871 4375 2752 4427 voraussetzungslos sein, weil wir Suchende sind.
1871 4419 2752 4469 Wir müssen neu beginnen, weil wir nicht auf¬
1871 4447 2752 4492 bauen können auf einer schlecht gewordenen Ord¬
1871 4492 2752 4544 nung. Eine Ordnung, aus der der Weltkrieg er¬
1871 4521 2752 4592 wachsen konnte, ist schlecht. Wir aber wollen, selbst
1871 4563 2752 4617 aus Not, selbst aus Hoffnungslosigkeit, unser
1871 4606 2062 4661 Bestes tun.\:p\
2733 4598 2753 4664 \del\
1922 4640 2752 4685 \p\Man wirft uns (wie man es je und je der
1871 4681 2752 4728 Jugend gegenüber getan hat) Ueberheblichkeit vor.
1871 4733 2752 4762 Wir glauben, sagt man, wir könnten es besser
1871 4761 2752 4817 machen als unsere Vorgänger. Aber wie sollten
1871 4818 2752 4855 wir leben ohne diesen Glauben! Und ist es nicht
1871 4854 2752 4898 stets die Eigenschaft der Jugend gewesen, das Un¬
1871 4871 2752 4936 glaubliche zu wollen, das Unerreichbare zu ver¬
1871 4928 2752 4960 suchen, das Unmögliche für möglich zu halten!
1871 4959 2752 5002 Selbst in einer entgötterten Welt werden wir an
1871 5006 2752 5041 den Menschen glauben, und ohne diesen naiven
1871 5033 2752 5098 und heiligen Optimismus ist niemals ein Fort¬
1871 5080 2255 5129 schritt erreicht worden.\:p\
1927 5086 2752 5159 \p\Man wirft uns auch vor, wir seien es, die die
1871 5162 2752 5197 Welt entgötterten, weil wir ohne Ehrfurcht seien.
1871 5195 2752 5250 Dies wollen wir nicht anerkennen. Wir sind ehr¬
1871 5225 2752 5277 fürchtig, aber man hat uns nichts zu verehren ge¬
2749 3868 3596 3917 geben, was bestand. Trotzdem glauben wir an das
2749 3909 3596 3951 Göttliche, und so suchen wir jetzt nach einem neuen
2748 3936 3596 4002 Gott, und in unserer heimlichsten Hoffnung wissen
2749 3990 3596 4039 wir, daß er sich uns offenbaren wird. In welcher
2748 4028 3596 4085 Form das auch geschehen mag, wir wollen bereit
2749 4052 3167 4113 sein, ihn zu empfangen.\:p\
2749 4096 3596 4154 \p\Aber hier beginnt unsere Vereinzelung und
2749 4143 3591 4193 unsere Einsamkeit. Denn wer weiß von der heim
2749 4187 3596 4235 lichsten Hoffnung des anderen und wer kann von
2749 4224 3591 4273 seiner eigenen sprechen, ohne mißverstanden zu
2749 4262 3596 4308 werden, weil er sie verletzt durch zu deutlich
2749 4301 3596 4346 Worte? Und wenn wir von Glück sprechen, vor
2749 4340 3591 4377 Fortschritt, Schönheit, Glauben oder von Gott -
2749 4382 3591 4426 wissen wir dann, was diese Worte uns bedeuten,
2749 4422 3591 4461 steht darüber nicht schon wieder die Frage nach
2749 4461 3591 4513 dem Sinn des Daseins, dieser letzten Konsequenz
2749 4499 3591 4544 unserer heillosen und fragwürdigen Zeit? Aber
2749 4538 3591 4583 auch hier hoffen wir und bemühen uns und sind
2749 4578 3596 4619 geduldig in unsrer Bemühung: denn es muß doch
2749 4617 3584 4661 eine Antwort geben. Und jeder sucht seine Ant¬
2749 4660 3591 4699 wort. Unter so viel Namen verbergen wir uns,
2749 4688 3579 4740 hinter so viel Losungen und in so vielen Gefolg¬
2749 4738 3591 4778 schaften, daß wir uns gar nicht mehr kennen, ja
2749 4770 3591 4816 selbst unsere gemeinsame Not kennen wir nicht
2749 4811 3591 4851 mehr in ihrer Verkleidung. Die andern aber, die
2749 4852 3591 4899 Aelteren, folgen uns mit Kopfschütteln und unser
2749 4888 3251 4938 Tun scheint ihnen verwerflich.\:p\
2749 4926 3584 4978 \p\Und haben sie nicht recht? Sie sind, noch immer,
2749 4960 3591 5011 die Starken und Gewordenen. Ihr Leben hat
2749 5009 3591 5054 Form, Gestalt und Würde. Sie vertreten damit die
2749 5049 3591 5094 Wünsche und Ziele einer Generation. Sie haben
2749 5084 3591 5127 sich ein Recht erworben, ein Heimatrecht in einer
2749 5123 3591 5165 Welt, die sie sich so und nicht anders eingerichtet
2749 5160 3584 5210 haben; wir dagegen sind Fremde und Land¬
2749 5197 3591 5249 streicher, völlig unsicher, völlig haltlos, ohne Maß
2749 5244 3591 5292 und Größe. Wir fühlen selbst dieses Verdächtige\fml\\:p\
107 3824 974 3875 \p\\fml\unserer Haltung, dieses Ueberall und Nirgends,
113 3868 974 3908 dieses Alles und Nichts unserer Traditionslosig¬
119 3912 974 3949 keit. Wir fühlen uns selbst noch heimatlos, und
107 3949 974 3995 davon werden wir traurig wie verlassene Kinder.
101 3989 974 4035 Es wird uns manchmal schwer, nicht schwach zu
107 4023 974 4068 sein, nicht blind und gedankenlos ein Leben zu
107 4063 974 4114 übernehmen, das nicht unser eigenes ist und das
107 4103 974 4141 deshalb für uns nicht fruchtbar werden kann. —
113 4141 974 4186 Aber aus unserer Ratlosigkeit und Not kommen
107 4181 974 4223 uns die ersten Anzeichen der neuen Zeit. Es ist
113 4224 974 4265 ganz wenig, ein Gefühl nur, das uns warm und
101 4260 974 4303 hoffnungsvoll ergreift. Zuerst ein Zug der Trau¬
107 4301 958 4339 rigkeit, im Spiegel am eigenen Munde wahrge¬
107 4339 974 4380 nommen, und nun seltsam rührend im Gesicht eines
113 4379 965 4415 Fremden — die Gebärde einer Hand, stark model¬
101 4416 974 4458 liert und schmal, die man erstaunt und als sei es
105 4457 964 4497 nicht das erstemal im Bild verfolgt, ein Zusam¬
102 4500 961 4538 menklang von Farben, von Worten oder Tönen
143 4534 974 4576 - und in diesen kurzen Augenblicken eine über¬
107 4568 953 4614 mächtige Erkenntnis, eine Sicherheit ohnegleichen,
107 4609 974 4646 daß dies wahr sei wie eine Offenbarung und schön
119 4650 974 4689 wie die Natur selbst, daß in diesem Gefüge von
113 4690 974 4733 Worten, in dieser wohlgeratenen Gebärde, in die¬
101 4730 974 4769 sem überraschenden und seligen Gefühl ein Teil sei
113 4767 678 4813 von der Vollkommenheit Gottes.\:p\
143 4798 974 4855 \p\Wir wissen, daß nichts Einseitiges und Erstarr¬
107 4846 974 4888 tes uns taugen kann, sondern nur das, was zu¬
107 4881 974 4923 gleich Körper ist und Seele, zugleich bewegt und
113 4924 974 4960 ewig, zugleich stark und hingegeben. Dieses Wissen
119 4960 974 5002 haben wir nicht lernen können, wir mußten es er¬
107 5000 974 5044 fahren. Es ist das einzige, was uns verbindet,
113 5035 974 5086 aber es ist ein neues Weltgefühl. Und ist es nicht
107 5076 974 5123 genug, daß wir lieben? Wir lieben das Leben,
113 5118 974 5158 unser Liebe ist inbrünstig und unsere Hingabe
107 5158 974 5197 leidenschaftlich und ohne Grenze — Man fragt
113 5194 974 5237 uns, ob wir glücklicher würden durch unsere Art
113 5235 974 5274 zu leben. Aber uns ist das nicht so wichtig; selbst
119 5275 974 5325 wenn wir kein Ziel kennen, so fühlen wir uns doch
978 3826 1840 3872 als eine Gemeinschaft, weil wir jung und ziellos
978 3868 1840 3912 sind und voller Sehnsucht. Und selbst wenn wir
978 3906 1840 3961 kein Glück kennen, so wissen wir doch, daß Glück
978 3948 1840 3991 im Sinne der Ruhe auch Stillstand, auch Span¬
978 3992 1840 4032 nungslosigkeit ist. Uns muß das Leben Bewegung
978 4026 1840 4068 sein, unser Körper, unser Geist immer in Sehn¬
977 4065 1840 4112 sucht und Tätigkeit, ist uns wortloser Beweis da¬
978 4105 1840 4145 für. Wir vertrauen uns, unserer Voraussetzungs¬
978 4146 1840 4184 losigkeit, unserem Dasein, selbst ohne es zu ver¬
978 4186 1840 4222 stehen. Wir warten, daß daraus etwas komme.
978 4223 1840 4269 Daß wir reif werden. Wir wollen nicht Lust oder
978 4262 1496 4308 Unlust, wir wollen das Werk.\:p\
978 4307 1794 4374 \p\Annemarie Schwarzenbach[gesperrt].\:p\
