4322 7140
434 4838 1164 4910 Städter, Bauern und Nomaden
692 4891 889 4952 in Iran[CN: N-Wort, rassifizierende Beschreibung]
551 4939 1044 5007 Von Dr. Annemarie \g\Clark\:g\
395 4993 1262 5041 \p\Von den alten Persern hieß es, sie lehrten ihre
339 5036 1261 5087 Söhne drei Dinge: mutig sein, die Wahrheit sagen,
339 5074 1235 5117 und gut reiten. Das ist ein sehr ritterliches Erzie¬
336 5112 1261 5153 hungsideal, demjenigen der Ritterschaft unseres Mit¬
339 5147 1261 5195 telalters unmittelbar verwandt — zudem ein so wohl¬
337 5181 1232 5221 tönendes Verslein, daß es wohl verdient, an den An¬
339 5211 1262 5257 fang eines Aufsatzes gestellt zu werden, der etwas
338 5247 1261 5294 über die Perser, wenn auch die modernen, mitteilen
339 5286 1261 5326 soll. — Man muß eine Weile unter Persern gelebt
343 5322 1262 5371 haben, um zu entdecken, daß in einigen Winkeln, ganz
337 5354 1261 5396 privat, fast anonym, sich etwas von solcher aristokra¬
339 5395 1262 5444 tischer Tradition erhalten hat. Es gibt ja auch noch
336 5429 1261 5474 große Grundbesitzer, die über Land und Leute, Dörfer,
343 5467 1261 5503 Wasserläufe und Jagdgebiete verfügen, und es sicher
337 5494 1262 5544 nicht nötig gefunden haben, etwas an Lebensweise
337 5533 1242 5573 und Gepflogenheiten ihrer Vorväter zu ändern. Aber
343 5571 1261 5611 der Fremde, der Irans Grenzen mit vielerlei Hoff¬
337 5605 1248 5652 nungen überschreitet — die Phantasie genährt von dem
339 5641 1232 5682 prächtigen, miniaturenfarbigen, goldkuppeligen, ritter
338 5677 1261 5715 lich-heiteren, sanges- und weinfreudigen Persien, der
337 5715 1261 5748 macht zuerst eine Schule der Enttäuschungen durch, bis
336 5748 1261 5793 er an das Herz Persiens rührt, wie es heute schlägt,
343 5786 1261 5819 und daran, fast ungewollt, Gefallen findet. Was er
338 5819 1261 5857 zuerst kennenlernt, ist natürlich die Stadt: und es
337 5855 1261 5895 kann unter Umständen nichts geben, den Reisenden
337 5891 1261 5934 mehr zu entmutigen, als der Anblick einer Provinz¬
345 5924 1261 5962 stadt, irgendwo im halbwüsten Land zwischen zwei
339 5962 1261 6002 endlosen Straßen gelegen, ausgedehnte, gelbe Mauer¬
337 5994 1261 6038 vierecke, breite, sandige Straßen, die sich alle gleichen,
345 6030 1261 6065 runde Plätze mit einem Polizisten, in der Mitte unter
337 6064 1261 6103 einen Schirm aus Wellblech postiert — und ringsum
339 6102 1261 6140 soviel Zerfall, unbewohnte Häuser, leere Fenster, soviel
345 6136 1262 6186 Bettelarmut und Krankheit —, dies alles mit dem
343 6167 1261 6219 Vorzeichen einer trägen [Hoffnungslosigkeit[wiederkehrendes Motiv der entmutigten/hoffnungslosen Perser:innen]; denn wie¬
1264 4831 2191 4874 viele Jahrhunderte sind schon in dieser selben Weise
1270 4871 2192 4919 verflossen? Langsam vollzog sich der Uebergang von
1270 4901 2191 4945 einem reichen Land zu einem ärmeren, von einem
1264 4938 2191 4985 kunstfreudigen und handfertigen zu einem mehr und
1264 4970 2191 5017 mehr degenerierten, wobei der Geschmack verfiel, jede
1257 5015 2191 5054 Pflege, sei es der Keramik, der Seidenweberei, oder
1257 5046 1904 5089 der Miniaturmalerei, zu Ende ging ...\:p\
1318 5080 2192 5130 \p\So trübe, fast betäubend in ihrer anmutslosen
1256 5121 2176 5165 Dürftigkeit, nimmt sich etwa die Stadt Kermanschah
1257 5156 2185 5194 aus, auch Täbris rechtfertigt keinerlei Hoffnungen.
1274 5186 2191 5230 Man tröstet sich erst, wenn man nach Isfahan kommt,
1257 5225 2191 5274 wo die ganze Pracht einer glänzenden Epoche erhal¬
1257 5255 2191 5304 ten ist, mit Kuppeln und Säulenschlößchen, tönenden
1257 5294 2191 5346 Brücken, Schulen, wunderschönen Moscheehöfen, strah¬
1257 5332 2191 5371 lenden Toren, herrlich anmutigen Minaretts — und,
1257 5367 2191 5413 betritt man den Bazar, dann gewinnt man auch die
1257 5404 2191 5448 Hoffnung zurück, daß im persischen Volk der Handwerker
1257 5432 2192 5486 und Künstler sich Reste von Fleiß und Tradition,
1257 5474 2191 5512 Uebung und Geschmack erhalten haben, und durchaus
1257 5505 1614 5549 nicht sterben wollen.\:p\
1324 5544 2192 5588 \p\Persische Stadtbevölkerung: das sind nicht die
1257 5573 2191 5624 Chauffeure von Teheran (eine neue, wichtige Kaste)
1322 5616 2191 5656 – sondern immer noch: Kupferschmiede und Töpfer
1257 5652 2191 5695 und Lackmaler und Händler aller Art. Und das
1257 5683 2191 5723 städtische Leben ist noch nicht das westliche, unüber¬
1257 5723 2179 5766 sichtliche, mit Klassen an Stelle der Berufsschichten,
1257 5750 2191 5801 und sehr komplizierten ökonomischen Verhältnissen
1257 5793 2191 5834 (wie sich das alles in Teheran durchzusetzen beginnt),
1257 5826 2191 5870 sondern das ist ein fast noch mittelalterliches Leben,
1257 5863 2191 5902 leicht überschaubar — Gärten grenzen an die Stadt¬
1257 5891 2191 5933 mauer, und Mühlen befinden sich vor den Toren, und
1257 5934 2192 5983 die Felder grenzen an die Gärten: Melonenfelder,
1257 5968 2191 6007 Kürbis und Korn, Mais und Auberginen. Was der
1257 6005 2176 6045 Bauer zu Markt trägt, kauft der Handwerker — und
1257 6032 2191 6080 wo der Handel ins Große geht, Waren von Mazan¬
1257 6066 2191 6117 deran über die Pässe gebracht, andere Waren, zur
1257 6105 2191 6144 Ausfuhr bestimmt, hinunter an den Persischen Golf,
1257 6137 2191 6187 transportiert werden müssen, da setzen die Karawanen
1257 6181 2192 6227 ein, Träger, Packer und Treiber bekommen zu tun,
2188 4840 3132 4880 Händler, Kaufleute, Karawanenbesitzer werden reich,
2188 4871 3132 4918 und bilden die behäbige Bürgerschaft der Stadt. Da¬
2188 4900 3132 4963 neben gibt es dann noch die Mullahs, die Priester
2188 4936 3132 5002 und Schriftkundigen, die Schüler, die Schreiber. Und
2188 4983 3132 5024 endlich: die Fremden, Angestellte der Bank, der Anglo¬
2188 5017 3132 5067 iranischen Oelkompagnie, einige Architekten und Ar¬
2208 5054 3131 5092 chäologen. Diese führen ihr Sonderdasein, in großen
2188 5088 3030 5130 Gärten, mit Tennisplätzen und Schwimmbassins.\:p\
2253 5125 3132 5165 \p\Man muß annehmen, daß die Stadtbevölkerungen
2188 5160 3132 5203 Irans stärker gemischt mit arabischen Elementen sind,
2188 5199 3131 5242 als der Rest: die Bauern, Dorfleute, die weitab von
2188 5236 3132 5274 den großen Invasions- und Handelsstraßen wohnen,
2188 5270 3132 5306 haben auch zur Zeit der islamischen Eroberung, und
2186 5306 3131 5351 später der Mongoleneinfälle, davon weniger zu leiden
2188 5338 3134 5379 gehabt, und in der Folge wenig von den Fremden
2188 5366 3134 5423 annehmen können. Man braucht, etwa von Teheran
2188 5413 3132 5458 aus, nur in die abseitigen Talschaften des Elburs¬
2188 5448 3131 5481 gebirges zu gehen — Scharisdanek ist ein solcher
2188 5471 3132 5532 Ort —, um einen ganz anderen Menschenschlag anzu¬
2202 5514 3131 5552 treffen. Sie sind, so berichtet man, teilweise von den
2186 5547 3132 5606 Arabern hier herauf geflohen, und ihre Dörfer tragen
2188 5591 3132 5625 denn auch nicht selten reine persische Namen. Diese
2188 5619 3132 5657 Leute sind rundköpfig, derb, kräftig, man möchte sie
2188 5659 3132 5695 manchmal für russische Bauern halten, manchmal ganz
2188 5695 2931 5733 einfach für Schweizer aus dem Mittelland[zur rassifizierenden Beschreibung der Bevölkerung Irans vgl. smallform_158].\:p\
2255 5732 3108 5778 \p\Zwischen sie eingestreut finden sich natürlich andere
2188 5769 3132 5810 Dörfer: etwa armenische, oder jüdische — ganz im
2186 5795 3131 5849 Norden, in den Provinzen des Kaspischen Meeres,
2188 5832 3132 5878 kommen die Turkmenen hinzu, oben im Kaukasus die
2188 5875 3132 5917 Kaldäer, Christen sehr alter und besonderer Herkunft.
2188 5910 3132 5952 Unten im Süden, und besonders am Golf, gibt es
2188 5937 3132 5981 reine Araber, auch etwas Negerblut, und ähnlich
2188 5970 2638 6027 dunkles aus Balutschistan.\:p\
2249 5996 3131 6047 \p\Reiner als sie alle, auch älter, eingesessener als die
2188 6046 3131 6098 Arier, die erst im zweiten vorchristlichen Jahrtausend
2188 6077 3134 6132 in Iran erschienen, sind die meisten Nomadenstämme.
2188 6123 3131 6171 Man hat sie jetzt gezähmt, und nicht mit milden Mit¬
2188 6164 3130 6202 teln — aber sie bleiben, die Bakhtiari und Kaschgais
2188 6187 3132 6246 im Süden, die Luren im Osten, die Kurden im Nor¬
3128 4845 4050 4892 den, doch die urwüchsigsten, aktivsten und schönsten
3128 4867 4050 4924 Leute des Landes. Man will sie, besserer Kontrolle
3128 4910 4050 4966 halber, zur Seßhaftigkeit zwingen — die Zeit wird
3128 4953 4050 5001 lehren, wieweit das gelingen kann. Iran mit seinen
3128 4989 4041 5035 Halbwüsten und Hochflächen, seinen fetten Alpwei¬
3128 5030 4055 5067 den, die aber nur während einiger Sommermonate zu
3128 5063 4055 5106 benutzen sind, braucht Nomaden und nomadische
3142 5099 4054 5145 Lebensweise. Die schwarzen Zelte, die riesigen Schaf-
3127 5120 4055 5172 und Ziegenherden, die Rudel schöner Nomadenkamele
3127 5169 4041 5217 auf der Wanderung — sie gehören zum Bild des
3128 5203 4041 5247 Landes und erfüllen seine ökonomischen Bedingungen.
3128 5246 4047 5279 Es ist freilich schwierig, Nomaden zu besteuern oder
3127 5267 4055 5324 zum regulären Militärdienst zu zwingen. Aber was
3128 5313 4044 5363 für ein Vorteil dafür, solche Leute als stets sich erneu¬
3128 5348 4055 5389 ernden [Bestand eines zur Degeneration[eugenische Argumentation bei AS gerade bezüglich Iran wiederkehrend] neigenden
3127 5386 4044 5432 Volks zu haben! Im Süden erkennt man eine No¬
3128 5419 4056 5466 madenfrau sofort an ihren strengen, wie aus Holz
3128 5460 4051 5499 geschnitzten Zügen, man erkennt die Kurdinnen an
3128 5490 4055 5529 ihrem außerordentlich stolzen Gang, die jungen No¬
3128 5526 4044 5565 madenmädchen im Hochgebirge an ihren geschmei¬
3128 5565 4047 5609 digen, fast jünglingshaften Gestalten in den langen
3127 5606 4044 5642 schwarzen Hosen und bunten, eng um die Hüften ge¬
3128 5629 4041 5677 schlungenen Rocktüchern. Und die Männer sind kräftig
3128 5668 4044 5710 und groß, Hünen neben den schmalschultrigen, ge¬
3134 5696 3889 5752 bückten, hustenden, trüben Stadtbewohnern!\:p\
3187 5739 4056 5791 \p\Würde man heute Iran im Flugzeug überfliegen
3128 5773 4044 5818 (es gibt noch keine reguläre Fluglinie), so hätte man,
3128 5816 4044 5853 noch ein paar Jahre lang, den bunten Anblick eines
3128 5842 4044 5888 städtereichen, doch vorwiegend von der Landwirtschaft
3128 5878 4047 5921 lebenden Landes, es wäre alles leicht überschaubar:
3128 5918 4044 5960 wie der Bauer lebt, und wie die Landarbeiter oder
3128 5950 4044 5992 Pächter, der dem Großgrundbesitzer einen Teil der
3138 5986 4044 6035 Ernte abgibt, für Wasser einen Bruchteil, für Samen
3128 6027 4055 6066 und Erde einen anderen, — man könnte das Treiben
3128 6057 4055 6106 in den friedlichen Gebirgsdörfern ansehen, und die
3128 6090 4041 6138 Karawanen verfolgen, — die Maultiere, die die Holz¬
3128 6129 4044 6175 kohle über die Saumpfade tragen, und die Kamele,
3127 6158 4044 6210 die vom Golf herauf die Waren bringen, bis Isfahan
3128 6201 4041 6252 und Teheran. Dazwischen eingestreut, im Netz der\fml\\:p\
238 4491 1160 4546 \p\\fml\Karawanenstraßen, würde man an ihren leuchtenden
235 4532 1160 4563 Moscheen die Städte erkennen, eingerahmt von blühen¬
231 4566 1140 4610 den Gärten, mit Bädern und Bazarkuppeln, Schulen
238 4600 1140 4645 und Handelshöfen und emsigem Marktgetriebe. — Da
235 4633 1160 4692 wären auch die heiligen Orte, die Städte mit golde¬
235 4672 1160 4712 nen Kuppeln, und die bescheideneren Wallfahrts¬
238 4706 1137 4751 orte, zu denen die Frauen auf weißen Eseln unter¬
231 4743 1160 4781 wegs sind, um Kindersegen zu erbitten. Aber auf den
235 4776 1160 4815 beiden großen Zufahrtsstraßen: von Bagdad—Hama¬
231 4812 1160 4860 dan und von Pehlevi, dem kaspischen Hafen, nach
235 4848 1160 4893 Teheran, würde man heute schon mehr Lastwagen an¬
238 4886 1160 4928 treffen als Kamele, und die Bahngeleise am Firus¬
231 4923 1160 4957 kuh und die Hafenmolen an der Kaspisee würden deut¬
231 4954 1160 4993 lich den Anbruch und schnellen Sieg einer neuen Zeit
235 4991 1160 5037 verraten. Eben deshalb hat es seinen melancholischen
240 5025 1160 5068 Reiz, heute noch einmal das persische Volk der
238 5058 1160 5099 Städter, Dorfbewohner und Nomaden in seiner ein¬
240 5098 1160 5141 fachen Lebensweise und rührenden Gesamtheit ken¬
231 5131 1160 5178 nen zu lernen, zu der die freien Nomaden auf den
244 5167 1160 5209 Alpweiden am Demawend ebenso gehören wie die be¬
238 5202 899 5249 rühmten Handwerksleute von Isfahan.\:p\
