4276 7129
429 4327 998 4408 Kleines Kongo-Tagebuch
325 4391 1114 4456 Von Annemarie \g\Clarac-Schwarzenbach\:g\
669 4468 773 4500 III.
522 4495 923 4563 Das Leben «en brousse»
822 4539 1131 4603 Lisala, 15. Juli.
318 4566 1179 4626 \p\Es hat heute den ganzen Vormittag geregnet, und
261 4620 1178 4675 die Donnerschläge waren so gewaltig, daß man meinte,
269 4657 1178 4708 die Erde müsse zerreißen. Der Blitz schlug in den
267 4694 1178 4751 Fluß ein, und der Regen trommelte auf seine große,
262 4736 1178 4774 bleierne Fläche. Man sah die Inseln aufblühen, und
268 4767 1162 4804 es schien, als welle sich drüben am fernen Ufer der
262 4802 1178 4846 Urwald in tiefen Atemzügen. Bei uns sind jetzt die
262 4841 1178 4872 Wiesen noch üppiger und weicher als gewöhnlich, und
270 4871 1178 4926 zwischen den schlanken Palmstämmen wehen noch leichte
268 4907 1178 4945 Fahnen aus Nebel. Der Himmel ist dunkel, die Tauben¬
267 4938 1178 4994 flügel schimmern darin wie Kreide. Es ist kühl, und
262 4973 1165 5019 ich hätte Lust, nach der Arbeit durch den Wald zu
262 5015 1178 5056 gehen bis zum Schwimmteich, der jetzt ganz schwarz
262 5051 1178 5095 sein muß zwischen seinen Blumen und Rasenbeeten.\:p\
324 5090 1178 5155 \p\Meine Freunde schließen den Laden um 5 Uhr,
268 5146 1178 5187 dann braucht man keinen Tropenhelm mehr, und wir
264 5178 1178 5219 gehen ein wenig aus. Aber die Frau wird schnell
262 5212 1178 5258 müde, obwohl sie noch jung ist. Fast alle Weißen hier
262 5241 1178 5290 sind so, sie verlieren die Gewohnheit, sich zu bewegen,
262 5284 1178 5322 und wenn ich die Treppen hinunter bis zum Flußhafen
262 5322 1178 5361 gehe, oder bis zum Postbureau, sagen sie mir, das sei
262 5354 1158 5392 zu anstrengend für das Herz. Es gibt hier im ganzen
268 5388 1178 5434 etwa 40 Weiße, fast alles Belgier, und ein paar portu¬
264 5422 1155 5467 giesische Kaufleute, die den Zwischenhandel mit den
262 5457 1178 5495 Eingeborenen betreiben. Man kann davon leicht reich
264 5494 1179 5538 werden, denn in diesem Teil des Landes gibt es alle
274 5528 1178 5564 Produkte, Palmfrüchte, Arachid, Baumwolle, Reis¬
262 5559 1178 5608 Copal, und man bezahlt den Schwarzen wenig dafür
268 5600 1178 5637 und liefert es in den Flußposten an die großen Gesell¬
268 5633 1178 5681 schaften ab. Gleichzeitig verkauft man den Schwarzen
267 5664 1178 5706 die Waren dieser Gesellschaften, besonders Baumwoll¬
268 5700 1178 5755 stoffe und Kleider, und so macht das Geld nur einen
268 5738 1155 5771 kleinen Kreislauf und kommt mit Profit zurück. —
264 5769 1178 5811 Etwa die Hälfte der Weißen sind Händler und Ver¬
262 5802 1164 5846 treter der Gesellschaften. Einige haben Kaffee= oder
274 5841 1162 5879 Palmölplantagen, die übrigen sind Beamte. Sie
268 5876 1178 5916 haben ziemlich hübsche Backsteinhäuser und Möbel aus
274 5911 1178 5953 schönem Hartholz, die von den Schwarzen gemacht wer¬
269 5947 1178 5993 den; aber es gibt kein elektrisches Licht, und das Wasser
270 5981 1178 6031 muß vom Fluß herauf geholt werden. Als ich vor
1191 4327 2102 4371 ein paar Tagen hier ankam, sagte mir der Kapitän,
1191 4362 2102 4406 daß es in Lisala weder ein Hotel noch ein Restaurant
1187 4399 2103 4437 gebe und daß ich vielleicht lange auf eine Fahrt¬
1187 4434 2102 4470 gelegenheit warten müsse, um ins Innere nach Mon¬
1194 4467 2102 4506 gala zu gelangen. Dann ging ich auf die Post, und
1191 4499 2102 4544 das Telegramm lag noch da, das der Schweizer Konsul
1180 4530 2077 4577 aus Leo vor einer Woche auf die Plantage der Ver¬
1191 4570 2102 4611 geschickt hatte, um sie von meiner Ankunft zu benach¬
1174 4611 2102 4652 richtigen. Die Plantage ist 250 Kilometer von hier
1174 4650 2102 4683 entfernt, die Post wird nur alle 14 Tage von einem
1174 4684 2102 4724 Schwarzen geholt, der für den Weg auf dem Velo
1174 4708 2102 4754 etwa fünf Tage braucht, und Lastwagen gehen selten
1174 4750 2102 4794 in jene Richtung. Aber es macht mir nichts, zu warten.
1205 4779 2102 4831 Die erste Nacht blieb ich am Fluß und schlief auf dem
1173 4803 2102 4865 kleinen Schiff, das die Kontrolle der Holzposten macht.
1174 4856 2103 4900 Ich aß mit dem Kapitän und seiner Frau, und da ich
1174 4885 2102 4922 während der Reise auf dem „Colonel Chaltin" schon
1174 4926 2102 4962 viel über die Flußschiffahrt gelernt hatte, konnten wir
1174 4956 2102 5006 uns gut zusammen unterhalten. Der Kapitän ist schon
1212 4986 2102 5041 2 Jahre auf dem Kongo und will nicht mehr nach
1174 5018 2102 5070 Belgien zurück, auch wenn der Krieg zu Ende ist. Er
1173 5050 2102 5105 sagte, er habe es nicht weit gebracht im Leben und
1174 5096 2102 5143 er habe keine Kinder. Nachdem er einige Gläser Bier
1194 5126 2102 5184 getrunken hatte, sagte ihm seine Frau, er solle keine
1173 5161 2102 5216 Dummheiten reden; aber wir redeten bis 11 Uhr
1174 5202 2102 5247 nachts, und das ist hier spät, denn um 6 Uhr ist
1174 5231 2102 5284 es schon dunkel. Die Frau war fast noch hübsch,
1174 5270 2102 5316 wenn auch sehr dick. Sie macht eher einen melan¬
1174 5303 2102 5349 cholischen Eindruck. Einmal hatte sie auf eine Reise
1174 5340 2080 5380 einen kleinen Neger mitgenommen, sie hatte ihm Klei¬
1196 5371 2102 5416 der gekauft, ihn jeden Tag gebadet, und als sie in
1174 5410 2083 5453 Stanleyville anlegten, hatte sie ihn ins Kino geführt.
1196 5441 2102 5482 Er war etwa zehn Jahre alt, und während der ganzen
1173 5471 2102 5529 Fahrt, die vier Wochen dauerte, hatte sie ihn in ihr
1173 5520 2102 5563 Bett genommen, und der Kapitän mußte auf dem
1174 5555 2102 5585 Kanapee neben dem Steuer schlafen. Aber als sie in
1174 5583 2102 5622 das Heimatdorf des Kleinen zurückkamen, war seine
1174 5615 2102 5664 Mutter so froh, ihn lebend wiederzusehen, daß sie
1173 5641 2102 5699 ihn in ihren Armen fast erdrückte. Die Frau des Kapi¬
1174 5686 2102 5732 täns mußte der Negerin ihn Kind lassen, und seither
1174 5725 2102 5763 will sie nichts mehr davon hören, einen anderen kleinen
1196 5759 2089 5808 Schwarzen zu adoptieren, sie sagt, sie würde zu sehr an
1174 5788 1401 5845 ihm hängen.\:p\
1234 5812 2102 5888 \p\Am nächsten Tag mußte der Kapitän zu einem
1174 5863 2102 5935 Posten flußabwärts fahren, und ich ging an Land und
1174 5915 2102 5973 ließ meine beiden Handtaschen von einem Boy in den
1174 5958 2102 5992 Ort hinauftragen. Da wohne ich jetzt, beim alten
1174 5990 2102 6043 Pflanzer Roos, in einem Zimmer neben seinem kleinen
2098 4329 3032 4378 Laden, wo die Schwarzen ihr bißchen Ware einkaufen.
2098 4365 3032 4418 Ich höre sie morgens um sechs Uhr, und durch die
2098 4398 3032 4451 offene Türe kann ich den Fluß sehen, der in der Däm¬
2098 4440 3032 4485 merung sehr schön und still ist, ein großes Weltgemälde,
2098 4475 3032 4518 mit dem gewaltigen Waldmeer im Hintergrund. Wenn
2098 4510 3032 4559 ich meinen Kaffee getrunken habe, gehe ich zu meinen
2118 4545 3032 4594 Freunden hinüber, die den Laden der „Interfina"
2098 4560 3032 4620 haben, und die besten Kaufleute des Postens sind.
2098 4620 3022 4661 Neben ihrem Laden, in ihren Wohnraum, kann ich
2097 4661 3012 4695 arbeiten, und meistens esse ich auch bei ihnen. Dann
2098 4684 3013 4728 erzählen sie mir von ihrem Geschäft, vom Handel mit
2098 4726 3015 4767 den Schwarzen, vom Einkauf der Rohprodukte, und
2098 4756 3032 4809 wie sie sich in drei Jahren dieses Haus bewohnbar
2098 4794 3032 4827 gemacht haben. So arbeiten beide sehr viel, und
2098 4828 3031 4884 haben gegen das Leben «en brousse» nichts einzuwen¬
2098 4859 3007 4899 den. Manchmal sehe ich auch die schottischen Missio¬
2098 4888 3032 4934 nare, und abends gehe ich manchmal mit dem Komman¬
2098 4933 3032 4983 dant Roos zu Bekannten, die elektrische Batterien
2098 4966 3003 5011 haben und den Radioapparat damit betreiben können
2097 4996 3031 5049 Der Mann ist Richter für die Schwarzen, ein sehr
2098 5039 3032 5081 heftiger Mensch, dem drei Jahre Dienst, und die Sor¬
2098 5076 3032 5120 gen, die er sich um die politische Zukunft macht, die
2098 5107 3032 5146 Nerven zerfressen haben. Er ist Luxemburger und
2097 5140 3032 5184 spricht deutsch, und manchmal frage ich mich, ob er
2098 5184 3032 5232 nicht furchtbares Heimweh hat. Heute nacht haben
2098 5203 3032 5263 wir bis um vier Uhr über den Krieg geredet, und
2097 5240 3009 5293 kamen zu keinem Ende, und fragten uns immer wieder,
2097 5277 3031 5330 wie wir die Länder, die wir lieben, eines Tages wieder¬
2097 5309 2448 5368 finden würden...\:p\
2160 5338 3034 5418 \p\Ich begreife jetzt schon, was das Leben «en brousse»
2098 5411 3032 5438 ist. Es ist sehr schwer, aber man kann nicht genau
2098 5436 3034 5491 sagen, warum. Es ist, daß man keinerlei Schutz hat vor
2098 5480 3032 5527 der Berührung mit der nackten Erde, dem wuchernden
2098 5507 3032 5558 Dschungel, dem ewigen Wasserlauf des Kongo, dem
2098 5551 3032 5600 Bleidach des Himmels, der schwülen Nacht, die unmerk¬
2116 5578 3032 5623 lich in den nächsten Tag übergeht. Und der Tag gleitet
2098 5613 3032 5658 auch ganz still, es wird rasch wieder dunkel, und man
2097 5661 3032 5708 weiß nur, daß man müder wird. Es ist, als schütze kein
2098 5688 3001 5731 Lampenschein davor, keine Morgenfrische, keine Haus¬
2097 5714 3031 5767 mauer. Die Kräfte zerrinnen, manchmal kann man
2098 5752 3032 5794 nicht schlafen, die Nerven zucken, man fühlt eine furcht¬
2097 5785 3032 5840 bare Unruhe, und erkennt daran, daß man noch lebt.
2106 5826 3032 5889 Inzwischen tut man doch sein gewöhnliches Tagewerk,
2098 5859 3006 5905 nimmt ein paar alltägliche Gewohnheiten an, richtet
2098 5897 3032 5943 sich ein Haus ein, und hat sogar Blumen im Garten.
2097 5928 3032 5989 Aber man ist nicht geschützt, nein, nicht getragen von
2098 5961 3032 5997 den jungen Strömen und Pulsschlägen, die in milde¬
2098 5997 3024 6055 ren, bewohnteren Ländern den Menschen das Leben
3039 4336 3947 4383 zur Freude machen, und seine schreckliche Größe und
3039 4382 3941 4424 Unentrinnbarkeit besänftigen. Nichts hat man hier,
3039 4414 3944 4464 en brousse... und möchte dann plötzlich eine Bresche
3039 4442 3945 4491 in diesen Urwald schlagen, möchte sich plötzlich hinein¬
3039 4482 3941 4525 stürzen in diesen Riesenstrom, um seine Oberfläche zu
3039 4520 3944 4561 brechen, möchte sich über die Palmkronen erheben
3039 4556 3944 4604 können, um über alles hinwegblicken zu können und
3039 4580 3834 4644 den blauen Rand der Welt dort zu grüßen...\:p\
