3744 5472
1881 4079 2691 4153 Klaus und Erika Mann [Schlagwörter: Ästhetik, Poetik, Jugendbewegung, Kommunismus]
1881 4145 2756 4198 \p\Vor vollbesetztem Saal sprachen Dienstag¬
1881 4196 2756 4256 abend auf Einladung der Studentenschaft
1881 4238 2756 4301 in der Eidg. Technischen Hochschule Klaus und
1881 4268 2123 4328 Erika Mann.\:p\
1880 4311 2738 4362 \p\Das Thema des Abends: Jüngste deut¬
1881 4358 2738 4401 sche Dichtung — erweckte Spannung und
1881 4396 2734 4445 Anteilnahme nicht nur der akademischen Jugend
1881 4433 2756 4490 sondern auch der älteren Generation, welche hier¬
1881 4477 2756 4524 durch ihr Interesse an den Nöten der Zeit in
1881 4519 2756 4559 schönster Weise bekundete. Klaus Manns Vortrag
1881 4554 2734 4595 stand im Zeichen der Aktualität, die Anfangsworte
1881 4593 2727 4640 bedeuteten eine Absage an die reaktionären Ex¬
1881 4627 2722 4678 zesse der politisch gerichteten Jugend. Eine Aus¬
1881 4675 2756 4721 einandersetzung folgte mit den interessanten aber
1881 4713 2756 4756 letztlich nicht befriedigenden theoretischen Werken
1881 4752 2727 4794 von Bernhard von Brentano: „Kapitalismus und
1881 4795 2728 4839 schöne Literatur“ und Mazke [Druckfehler, eigtl.: Matzke]: „Jugend bekennt:
1881 4830 2756 4871 So sind wir“ — das erste materialistisch=kollek¬
1881 4871 2756 4912 tivistisch, das zweite anregend, aber von störender
1881 4912 2727 4953 Selbstgefälligkeit. Eine Reihe junger Autoren
1881 4950 2756 4993 kurz charakterisiert, vermittelte das Bild der heu¬
1881 4989 2738 5031 tigen jüngsten Produktion: mutig und reich, ohne
1881 5029 2756 5076 schwülstig oder ausschweifend und maßlos zu
1881 5063 2756 5102 werden, strebend nach Klarheit und Form, und —
1881 5106 2722 5145 was die Lyrik anbetrifft — von erstaunlich poeti¬
1881 5144 2756 5193 schem Gefühl, nicht verweichlicht, sondern herb,
1880 5196 2756 5231 streng, knapp im Ausdruck. Wir nennen die Na¬
1881 5225 2756 5276 men Erich Ebermayer, Süßkind, Heinrich Hauser,
2752 3772 3607 3823 Manfred Hausmann, Joachim Maaß, Wolfganz
2752 3806 3599 3870 Hellmert, Josef Roth. Wenn Heinrich Hauser in
2752 3858 3607 3903 zwei seiner Werke zu beweisen scheint, daß das
2752 3899 3612 3941 neue, moderne Reportagebuch den Roman ver¬
2752 3925 3607 3979 dränge, so zeigt doch gerade sein Roman „Donner
2752 3976 3607 4024 überm Meer“, daß jede reine Form unersetzlich ist.
2752 4012 3613 4064 Hier lernte man eine Jugend kennen, welche fern
2757 4037 3607 4094 aller extremen politischen wie künstlerischen Ten¬
2753 4091 3611 4144 denz, die man der heutigen Generation so häufig
2765 4140 3607 4185 vorwirft, den ihr gemäßen Weg sucht, noch ohne
2752 4173 3607 4213 Gemeinsamkeit, nur verbunden durch die be
2752 4210 3607 4259 kenntnishafte, inbrünstige Liebe zum Leben, nichts
2752 4239 3612 4304 repräsentieren wollend als das eigene gottgewollte
2765 4290 2924 4346 Schicksal.\:p\
2813 4328 3611 4393 \p\Illustrierend rezitierte sodann Erika Mann
2765 4382 3611 4428 Proben jüngster Prosa und Lyrik, als erstes die
2752 4406 3607 4470 konzentrierte und treffende Skizze „Valentino"
2752 4462 3612 4506 von Süßkind, darauf eine Anzahl Gedichte, von
2752 4504 3607 4565 denen „Die kleine Bahnstation" von Süßkind,
2771 4546 3599 4589 „Narziß“ und „Kinderkreuzzug“ von Wolfgang
2777 4585 3606 4623 Hellmert und etwa „An meinen Sohn" von Paula
2765 4621 3611 4663 Ludwig erwähnt seien, ergreifend auch zwei un¬
2752 4661 3599 4711 gedruckte Gedichte eines Arbeitslosen. Ueber¬
2752 4701 3599 4744 raschend gewann Erika Mann den Kontakt mit
2765 4740 3606 4784 ihrer Hörerschaft, ihre Stimme war trotz angekün¬
2771 4784 3606 4820 digter Indisposition klangvoll, tragend und von
2752 4818 3607 4879 großer Wärme, sichere Technik vereinte sich mit
2752 4857 3599 4910 einer Kraft des Ausdrucks, welche in allen Steig¬
2771 4900 3606 4945 gerungen stets maßvoll, tief und unmittelbar
2752 4941 2918 4989 berührte.\:p\
2813 4971 3611 5028 \p\Keinen überzeugenderen Vertreter hätten jene
2752 5010 3599 5079 jungen Autoren sich wünschen können, deren Ge
2752 5064 3612 5120 dichte Erika Mann ihren Hörern vermittelte. Der
2771 5107 3599 5144 Beifall der Zürcher Jugend, recht unähnlich ihrer
2752 5130 3606 5196 sonst so schwerbeweglichen Zurückhaltung, bewies
2752 5182 3230 5241 ihre lebhafte Anteilnahme.\:p\
2992 5218 3576 5278 \p\Annemarie Schwarzenbach.\:p\
