4298 7098
524 4720 1131 4790 Teufelsanbeter in Persien
560 4776 1111 4841 Von Dr. \g\Annemarie Clark\:g\
429 4807 1300 4867 \p\Lang herrschte unter den Persern die Meinung,
385 4862 1300 4905 daß die Bewohner von Mazanderan böser Künste
375 4895 1300 4935 kundig seien und mit dem Teufel im Bund stünden.
385 4929 1300 4974 Ihr Teufel glich dem christlichen wie ein Bruder dem
381 4972 1301 5010 anderen; er besaß einen zottigen Leib, Schweif und
385 4995 1300 5037 Pferdehufe, und trug kurze Hörner auf dem Kopf.
381 5032 1300 5074 Aehnliche Ungeheuer, Halbmenschen, Männer mit Fell
385 5067 1300 5117 und Stier- oder Löwenhaupt, sieht man auf un¬
389 5101 1301 5142 zähligen Darstellungen, Reliefs und Siegeln Vorder¬
387 5138 1300 5171 asiens. In der Zitadelle von Aleppo findet man in
379 5168 1301 5217 den Fels gemeißelt zwei niedliche Teufel, die unter
381 5195 1300 5246 dem hettitischen Sonnensymbol einen Tanz aufführen.
387 5238 1300 5277 Helden erscheinen oft in Tier-Maskerade; man weiß
375 5274 1300 5321 aus dem ägyptischen Kult, daß Götter ursprünglich
381 5309 1300 5352 eins waren mit dem Tier, welches später als ihr
387 5335 1300 5381 Attribut neben ihnen dargestellt wird. Man denkt un¬
381 5378 1300 5414 willkürlich an sonderbar verwandte Erscheinungen in
381 5407 1300 5453 der nordischen Götter- und Heldensage: waren die
381 5437 1300 5484 Wölsungen, die „Wölflinge", — von Wölfen gesäugte,
381 5481 1300 5523 in Wolfshäute gekleidete Helden — in der primitiven
387 5507 865 5567 Vorstellung wirkliche Wölfe?\:p\
429 5537 1300 5587 \p\Das Christentum hat vom dualistischen Religions¬
381 5578 1300 5620 system Zoroasthers manche Beeinflussung erfahren.
375 5609 1300 5661 Die Dämonenfratze des Teufels war den Juden nicht
381 5651 1300 5690 bekannt, das Buch der Zoroasthier aber, die Avesta,
375 5679 1300 5726 kennt sie und nennt sie bei ihrem Namen: daeva. —
379 5715 1300 5758 Und schon Zoroasther klagt darüber, daß die Leute von
381 5750 1300 5799 Mazanderan den Teufel verehren. Später schickte man
381 5785 1300 5828 Helden über die Pässe des Elbursgebirges in die
385 5818 1301 5860 Landschaft am Kaspischen Meer hinab, um den großen
387 5856 1300 5899 Dämon zu erschlagen. Aber er lebt bis heute: es gibt
381 5886 1300 5924 noch immer die Sekte der Yezidi, die man die „Teu¬
381 5921 1300 5968 felsanbeter“ nennt, und die in ihrem Glauben höchst
374 5953 1300 5996 eigenartig gemischt christliche und zoroasthrische Ele¬
375 5989 1300 6031 mente bewahren. Ihr Symbol ist der Pfau: der hängt
381 6023 1300 6067 auch ausgestopft in den Zelten der persischen Tänzer,
375 6062 1300 6115 die alte Kriegerübungen kultisch pflegen. Die Yezidis
1307 4719 2230 4778 kennen die Geschichte von der Rebellion Satans gegen
1305 4772 2229 4808 Gott. Sie glauben aber, daß Gott in seiner Gnade den
1312 4796 2230 4834 Abtrünnigen wieder aufgenommen und neben sich ein¬
1296 4830 2229 4865 gesetzt habe. Den Engeln sei eingeschärft worden, Sa¬
1296 4859 2229 4913 tan achtungsvoll zu behandeln — deshalb befleißen
1296 4900 2229 4948 sich die Yezidis, ihn zu verehren, sein Name ist tabu,
1295 4929 2229 4967 und mit nichts kann man einen Teufelsanbeter mehr
1296 4965 2229 5002 erschrecken, als wenn man in seiner Gegenwart das
1296 4995 2229 5046 Wort Teufel ausspricht. Sie opfern Christus, einem
1296 5031 2181 5068 „Engel in Menschengestalt“, jährlich ein Lamm, –
1295 5063 2229 5109 dem Bösen aber dreißig, da es schwieriger ist, ihn zu
1296 5103 2230 5145 versöhnen. Sie verehren Feuer, Wasser und Erde wie
1296 5134 2229 5180 die Parsi, sie kennen die Sitte der Beschneidung und
1296 5175 2229 5222 die Taufe. Bei Hochzeiten teilen Braut und Bräutigam
1296 5209 2229 5264 ein Stück Brot. Vor der blauen Farbe haben sie einen
1295 5238 2229 5274 abergläubischen Abscheu. — Unter allen Sekten des
1296 5272 2229 5310 Vorderen Orients ist die der Teufelsanbeter sicher
1296 5308 2229 5359 eine der merkwürdigsten. Sie ist ziemlich stark verbrei¬
1296 5342 2184 5380 tet: vor allem in Irak, in der Nähe von Mossul, –
1296 5370 2229 5414 aber auch im Kaukasus, in Tiflis, Armenien. Der
1296 5411 2229 5446 Teufel ist aus Mazanderan ausgezogen, — nicht aber
1296 5446 2229 5484 die böse Macht, Fieber und Krankheit zu verbreiten,
1296 5477 2229 5518 die man seinen Bewohnern, den Teufelsdienern, zu¬
1311 5515 2230 5554 sprach. Dort unten, in den feuchten Dschungeln, den
1296 5545 2229 5582 Sümpfen und Reisfeldern, ist die Malaria enorm
1296 5579 2229 5618 verbreitet. Tropenklima herrscht, lange Regenperioden
1296 5616 2229 5653 wechseln mit schwerer Hitze. Die Wälder sind richtige
1296 5644 2202 5694 Urwälder, mit Schlingpflanzen, die zwischen Aesten
1296 5682 2229 5738 und Wurzeln auf- und absteigen, so daß die Bäume in
1296 5717 2229 5763 ihrer Umarmung langsam ersticken. Im dichten Unter¬
1296 5746 2229 5789 holz hausen Tiger, Panther, Wildkatzen, Bären, Eber.
1296 5786 2229 5838 Sie fallen nachts in die Hürden der hochgelegenen
1296 5824 2229 5867 Alpweiden ein und verschleppen Schafe und Rinder.
1296 5867 2229 5909 Der Wald ist unzugänglich, gefährlich. Nur die Köhler
1296 5886 2229 5935 öffnen sich da und dort einen Pfad, bauen eine Erd¬
1296 5925 2229 5959 hütte und hausen ein paar Wochen neben ihrem glim¬
1296 5959 2229 5999 menden Kohlenmeier. Meistens sind es Turkmenen,
1296 5995 2229 6030 in Lammfellmützen und viereckigen, steifen Mänteln
1295 6026 2229 6072 aus schwarzem Ziegenhaar. Ueber ihnen, in besseren
1296 6058 2229 6122 Gegenden, leben die Hirten, — unten, im Dunst und
2225 4727 3152 4767 Nebel der Kaspisee, liegen die Bauerndörfer von Ma¬
2225 4762 3152 4802 zanderan. Kein Wunder, daß die Perser abergläubische
2224 4794 3152 4828 Furcht vor diesen Orten und ihren Bewohnern hegten!
2225 4826 3152 4873 Sie kamen vom iranischen Hochland herab, waren an
2225 4864 3152 4899 dünne, reine Luft gewöhnt, an einen durchsichtigen
2225 4899 3152 4935 Himmel, an wunderbare Helligkeit, an karge Erde, den
2225 4934 3152 4972 nüchternen Blick über Halbwüsten und ständig sich
2225 4966 3152 5008 wiederholende Gebirgsketten. Hier unten schlug ihnen
2225 5002 3092 5042 eine schwere, von Gerüchen gesättigte Luft entgegen,
2232 5027 3152 5079 die Gerüche kamen vom Meer, von der [corr: dem?] Dschungel, stie¬
2225 5071 3152 5115 gen aus den Sümpfen auf, worin Wälder moderten,
2225 5107 3152 5148 drangen aus den Hütten der Torfbrenner, aus den
2225 5136 3153 5182 Dörfern. Waren diese Dörfer verzaubert? Sie lagen
2225 5173 3152 5214 hinter den Dünen verborgen, Zäune umhegten sie, an
2225 5209 3153 5253 denen Tierschädel bleichten. Die Häuser hatten die
2224 5235 3152 5288 Form von Pyramiden, ihre Strohdächer senkten sich
2225 5277 3152 5317 wie ein Zelt bis auf den Boden. Oder sie standen auf
2225 5308 3152 5345 Pfählen, und ein gekerbter Baumstamm führte auf den
2238 5343 3152 5375 unsicheren Boden, wo die Frauen hinter ihren Web¬
2225 5377 3152 5409 stühlen saßen. Die Männer trieben ihre Rinder, Zebus
2225 5407 3152 5445 mit Fetthöckern im Nacken, über die Aecker. Frucht¬
2225 5447 3152 5499 bar war dieses Land; es gedieh Baumwolle und Ta¬
2225 5482 3134 5523 bak, und Reis auf überschwemmten Feldern. Aber
2225 5518 3152 5552 war dieser Segen nicht unheimlich? Waren die Leute
2225 5551 3153 5594 reich, stark und glücklich? Das Fieber suchte sie heim.
2225 5586 3152 5621 Während der Regenmonate waren ihre Dörfer einge¬
2225 5620 3152 5657 hüllt in Wolken von Dunst und Nebel wie in ständige
2244 5653 3152 5687 Dämmerung. Darin glühten die Feuer rötlich, an
2225 5687 3152 5724 denen die Leute sich wärmen wollten. Und man sah
2225 5720 3153 5766 sie den ganzen Tag unter ihren Dächern hocken, die
2225 5756 3152 5799 Beine angezogen, mit gelben Gesichtern und glänzen¬
2225 5789 3152 5831 den Fieberaugen. — Auch den Fischern ging es nicht
2225 5825 3152 5860 besser. Wohl gab es viel zu fangen: fette Salme in
2225 5859 3152 5893 den Flußmündungen, die man mit Speeren vom Ein¬
2224 5897 3152 5937 baum aus stach, — und Störe, die später die russischen
2225 5929 3152 5969 Kaviarhändler anlockten. Aber das Tagewerk war
2225 5957 3152 6003 schwer, und schließlich wurden davon nicht die Fischer
2225 5996 3152 6037 reich, sondern die Kaufleute, die drüben in Baku in
2225 6029 3152 6068 ihren dicken Pelzen am Hafen standen und die Rück¬
2225 6061 3152 6119 kehr der Schiffe erwarteten. Am größten war die
3148 4724 4071 4766 Heimsuchung unter den Reisbauern. Ihre Felder ge¬
3148 4751 4068 4809 diehen, aber die Bauern standen bis zu den Knien im
3148 4788 4071 4839 stehenden Wasser, und das Fieber gedieh mit der
3148 4826 4077 4878 Frucht. Nachher trockneten sie den Reis auf Feuern
3148 4862 4068 4908 aus Dung, und die Säcke wurden von Maultieren über
3148 4895 4068 4941 die Pässe getragen, hinüber ins Hochland, wo die
3148 4932 4065 4977 reichen Städte waren: Teheran, Isfahan, Schiras und
3148 4967 4068 5012 Sultanabad. Die Reisbauern, vom Fieber geschüttelt,
3162 5000 4077 5052 warteten in ihren Hütten auf die neue Jahreszeit, um
3148 5035 4068 5078 die Felder wieder zu überschwemmen. So war das
3148 5066 4069 5120 ganze Land: gesegnet, die reichste Provinz Persiens,
3148 5109 4077 5143 voll von Reis und Frucht und Weide, von Kohle und
3148 5143 4077 5180 Seidenbäumen, Baumwolle und Fischen. Aber es war
3148 5172 4076 5220 das Land der Teufelsanbeter, und mächtig darin war
3148 5210 4076 5249 der Böse mit dem Pferdefuß, zuweilen der große
3148 5236 4075 5281 Magier, Herr des Fiebers. Und die Leute wurden
3148 5279 4075 5320 nicht reich und kannten keine rechte Lebensfreude. Das
3148 5313 4077 5356 Fieber sog ihnen das Mark aus den Knochen. Hoch
3148 5345 4075 5384 oben, über den Wäldern, lebten inmitten leuchtender
3148 5381 4065 5418 Alpmatten, inmitten ihrer grasenden Herden, die Hir¬
3148 5415 4075 5460 ten. Teils waren sie Nomaden, und schlugen da und
3148 5450 4068 5493 dort, der Jahreszeit gemäß, ihre schwarzen Zelte auf.
3181 5484 4075 5522 Teils bauten sie Hütten im Schutz einer Halde, an die
3148 5518 4077 5554 das Dach sich schmiegte. Keine Fenster, durch die Türe
3148 5552 4075 5590 drang der beizende Rauch ins Freie, und kam spär¬
3148 5587 4068 5637 liches Licht in den geschwärzten Raum. Die Maul¬
3148 5618 4075 5664 tier-Karawanen aus dem Hochland kamen hier vorbei,
3148 5656 4075 5709 auf dem „Kohlenweg“, um die Kohle von Mazanderan
3148 5689 4075 5729 zu holen. Die Treiber hatten ihre Bärte mit Henna
3148 5730 4075 5765 feuerrot gefärbt und trugen Brillen aus blauem Glas,
3148 5758 4075 5799 um sich gegen die tödliche Sonne zu schützen. Tief
3148 5790 4075 5832 unten sah man das Meer. Pfeifend trug der Wind
3148 5821 4075 5862 Wolken und Zugvögel ostwärts, in die Steppen, wo
3147 5869 4073 5904 der Bereich des großen Magiers endete, die Nomaden¬
3148 5890 4071 5933 stämme der Pendinischen und Teke-Turkmenen ihre
3148 5926 4075 5969 schnellen Pferde im Wettkampf rennen ließen, und an
3148 5962 4075 6004 den uralten Handelswegen nach dem fernen Ostasien
3148 6001 4071 6046 die reichen Oasenstädte, Buchara, Merw und Samar¬
3148 6022 4076 6085 kand, ihre goldenen Kuppeln, Tore und Türme er¬
3148 6066 3417 6121 strahlen ließen.\:p\
