3593 4511
1752 366 1868 400 –1–
2439 351 3092 472 Erschienen in W. W.
585 519 1522 625 Annemarie Schwarzenbach
1349 731 2298 846 Wiedersehen mit Portugal
767 952 3400 1058 Es ist Portugals' schönste Jahreszeit, – und der Zufall meiner Reisen
576 1095 3439 1204 will es, dass ich in dieses Land immer im Frühling gekommen bin, im Februar,
570 1236 3325 1341 im März, im April und Mai, und dass ich weder die grauen Tage seines Win¬
573 1382 3313 1490 ters, noch die heisse Sommerzeit kenne, wenn die Wiesen und Fichten dürr
567 1528 3295 1637 und verbrannt, und die Garten durstig sein sollen. Aber selbst dann, sagt
558 1668 3340 1771 man mir, selbst in langen Winterwochen bricht die Sonne oft aus den Wol¬
564 1811 3424 1914 ken, spiegelt sich auf der Silberfläche des Tajo, und wirft sich, eine milde
558 1958 3334 2067 Flut, über Hügel und Taler, – und selbst im tiefsten Sommer sind die Meer¬
561 2107 3337 2218 winde frisch, und am Abend streicht die Kühle belebend durch die Gärten,
552 2240 3349 2349 Strassen und Felder. – Der Zufall, oder meine Trägheit, wollen es auch, dass
561 2388 3313 2502 ich von Portugal nur einen kleinen Teil kenne, – Lissabon, seine Kapitale
561 2534 3412 2658 die alle Reize und Traditionen der europäischen Städte in sich vereinigt,
582 2675 3319 2798 die Gärten und Burgen von Sintra, die einem arabischen Traum gleichen,
585 2812 3283 2941 die herben Hügel und Fichten über den eleganten Anlagen von Estoril,
585 2961 3439 3073 die Felsen und Forts über[add inline: an] der Küste des Tajo, und seinen breit und heiter
564 3107 3403 3213 dem Meer entgegen ziehenden Lauf, – und endlich im Landinneren die weissen
564 3253 3170 3362 Dörfer und alten Kapellen, die seigneuralen Landhäuser der "Quintas"
561 3391 3307 3503 deren alte Gartenmauern Obsthaine, Gemüsebeete, Flieder und Lavendel um¬
579 3537 3283 3646 schliessen, die Segelmühlen auf allen Anhöhen, die rötlichen Aecker, die
561 3690 3370 3795 Stier Ochsengespanne vor dem Pflug, und vor den schweren, bemalten Booten
564 3827 3215 3944 der Fischer von Nazareth. – Nur diesen kleinen Teil kenne ich, und mir
579 3967 3412 4094 scheint es genug. Aber der Schweizer Maler Edmond Bille sagte mir, als ich
573 4119 3322 4234 ihn kürzlich in seiner Quinta da Fonte besuchte, – das grössere Portugal
1633 190 2767 307 –2– (Wiedersehen mit Portugal)
603 483 3179 585 mit allen seinen Provinzen, von den wilden Bergen im Norden bis zu
606 623 3319 737 den arabischen Städten, einsamen Schafhirten, und menschenleeren Weiten
609 769 3313 877 im Süden, – sei das schönste Land der Welt. – Wir drücken uns so aus, ohne
603 910 3313 1021 Vergleiche zu ziehen, – denn auch die Schweiz ist, in unseren Herzen und
594 1081 3298 1156 der Meinung Vieler, das schönste Land, – und auch Indien, und auch Afgha¬
588 1233 3277 1296 nistan, und auch Frankreich oder Oesterrreich[add above: Ungarn]. Einer meiner Freunde, ein
603 1343 3280 1457 flämischer Matrose, liebte Island so sehr, dass er es für das schönste
597 1486 3316 1603 Land der Welt erklärte: und warum nicht? – Denn es gibt keine hässlichen
606 1629 3376 1755 Landschaften, – ihre Kargheit mag ihre Schönheit sein wie ihr Ueberfluss,
594 1770 3391 1892 ihre Lieblichkeit wie ihre einsame Grösse, und die Milde oder die Gewalt
606 1919 1083 2030 ihrer Sonne.
597 2068 3391 2176 \p\Aber es gibt Schönheiten, die uns vertrauter sind, und uns mehr ergreifen
594 2202 3355 2325 als andere. Ich habe es in der Fremde gelernt: so, wie fremde Nahrung uns
603 2343 3316 2466 verändert, und fremde Sitten, Kleider, und Sprachen, – so sind wir, in sehr
594 2495 3310 2609 fremden Landschaften, nicht mehr ganz wir selber. Wir müssen uns, um uns
638 2638 3325 2758 wiederzufinden, an etwas Verwandtes und Vertrautes erinnern, so wie man
603 2773 3367 2896 in einen Spiegel schaut. Wenn wir, dort draussen, plötzlich unsere Mutter¬
612 2922 3397 3045 sprache hören, dann wird in uns ein Echo laut, unsere innerste Rede wird
600 3056 3039 3194 wieder lebendig. Und oft habe ich, wenn ich mir selber ein wenig
603 3203 3119 3328 entfremdet schien, in mir die Erinnerung an ein heimatliches Land
603 3346 3203 3472 wach gerufen, dessen Wiesen und Bäume, dessen Dörfer und Höfe, dessen
620 3495 3355 3624 Quellen und Berge, dessen alte Gemäuer, Kirchtürme, Gärten, Brunnen, dessen
594 3629 3343 3770 Feldwege und Feldsegen ein Teil meines Erbguts waren, ein Teil Europas.
606 3788 3382 3911 Und zu den Ländern, an die ich dann am liebsten dachte, gehörte Portugal.\:p\
1731 3943 3215 4054 Vielleicht liegt es daran, dass es ein
588 4083 3170 4197 Küstenland ist, der äusserste Rand Europas, und dass man daher nach
1677 253 2809 373 –3– (Wiedersehen mit Portugal)
603 548 3167 650 langen Abwesenheiten hier zum ersten Mal wieder diese europäische
603 689 3086 800 Küste aus dem Meer aufsteigen sah, – und wie stolz und heiter und
617 841 3283 946 glänzend! – Vielleicht auch denkt man, heute, daran, dass Portugal, dessen
644 969 3280 1095 Geschichte fast ein Sinnbild des Lebens der europäischen Menschheit
612 1125 3173 1236 ist, bis heute vom Weltkrieg verschont blieb, sodass man hier alles
606 1265 3254 1379 noch wiederfindet, was in unseren anderen Ländern bedroht, oder schon
606 1414 3203 1522 zerstört ist. Hier bringt der europäische Frühling noch seinen unge-
620 1555 3400 1671 teilten Segen, und die Menschen empfangen ihn. Fischerboote schaukeln auf
597 1695 3152 1812 der milden Tajoflache, die Blütenbüsche öffnen sich, und die rötli¬
612 1841 3292 1958 chen Aecker dampfen in der frischen, von der Sonne fast jäh erwärmten
603 1993 3277 2104 Luft. Der Himmel ist fröhlich, voll Bläue und ziehender Wolken, und die
600 2134 3242 2248 Leute von Stadt und Land freuen sich an ihm und den Osterwiesen, und
612 2301 3289 2377 werden auch fröhlich. Der Pflug kommt zu seinem Recht, und das Vieh zu
612 2450 3209 2520 seinen grunen Weiden, und die Abende sind lang und hell und glänzen[add abvoe: schimmern]
609 2564 2489 2684 wie Sammet, und der Morgen bricht strahlend an...
606 2713 3316 2824 \p\Ja, dieser Frühling ist das von allen Dichtern besungene Wunder, und es
606 2857 3349 2978 gibt ihn nicht überall. In anderen Teilen der Erde hat er keinen Namen,
614 2989 3167 3109 und vergeht als Regenzeit, als heisseste Zeit des Jahres, oder ganz
606 3131 3364 3254 unbemerkt. Und wo die Jahreszeiten fehlen, und man die Herbe des Winters
603 3274 3277 3397 nicht munter ertragen muss, um die wiederkehrende Sanftheit des Früh¬
600 3417 3003 3546 lings und der Blüten zu erleben, da fehlt uns Europäern etwas.\:p\
597 3558 3325 3684 Daher wohl habe ich es nie mit solcher Freude erlebt, und Portugal mit
609 3698 3131 3827 solcher Freude begrüsst, als in diesem Jahr: Unser Schiff kam aus
597 3856 3269 3988 Afrika, und aus in den Krieg verwickelten Ländern. Die Reise war lang,
603 3991 3266 4120 und voller Schwierigkeiten. In der lähmenden Hitze, während das Schiff
1477 209 2600 335 –4– (Wiedersehen mit Portugal)
591 583 3182 695 sich seinen Weg durch ein bleiernes Meer erkämpfte, und man wusste:
594 718 3254 845 es ist Krieg, und wir sind nichts, der Gewalt des Krieges preisgegeben
594 869 2919 992 wie der des Ozeans, und die Zukunft ist düster und ungewiss,
588 1009 3301 1126 da zweifelte man manchmal daran, dass man jemals irgendeinen Hafen, und
588 1170 3304 1273 gar das schöne Portugal erreichen würde. Man versuchte vergeblich, sich
588 1302 3116 1420 an Vertrautes zu erinnern, an das Auftauchen der Küste, an die zum
579 1442 3143 1565 Meer sich neigenden Hügel, die den Lauf des Tajo bis zur mächtigen
576 1585 3146 1711 Mündung begleiten, an die arabische Burg des Städtchens Cascais, an
585 1735 3149 1858 die grünen smaragdgrünen Ufer und roten Felder, die von weitem den
582 1875 3385 1998 Ankommenden begrüssen, und an das weiss und anmutig aus der Wasserbläue
579 2027 1459 2135 aufsteigende Lissabon.
579 2165 3260 2290 \p\Gab es dies alles wirklich? – Bestand es noch, wie einst? – War es jemals
576 2314 3406 2434 gewesen, oder ein Traum, – den man nie mit dem Fuss betreten, mit den Händen
579 2451 1191 2565 berühren würde?\:p\
576 2603 3218 2723 \p\Aber eines Morgens beim Erwachen war die Luft blau und mild, und der
576 2750 3143 2868 Horizont nicht mehr unbegrenzt: ein in der Morgensonne leuchtender
582 2881 3275 3020 Gebirgssaum lag vor unseren geblendeten Augen, – und schon glitten wir,
585 3030 3051 3162 wie von Festjubel umgeben, zwischen den Ufern des Tajo aufwärts,
579 3171 3024 3294 begleitet von Segeln, Rufen. Und Lissabon grüsste von Zinnen und
582 3320 3218 3446 Türmen, und warf uns sein Spiegelbild zu, und wir grüssten zurück, und
579 3460 3018 3589 zu der aus der Dämmerung in den Frühlingstag und hellen Himmel
591 3598 1412 3721 emportauchenden Erde.\:p\
