4298 7075
2280 2772 3923 2899 Was erwartet Amerika Roosevelt?
2868 2895 3344 2973 Von Dr. Annemarie Clark
2233 2993 3081 3049 \p\Der Wahlsieg Roosevelts übertraf alle Erwar¬
2166 3046 3098 3090 tungen selbst der optimistischsten demokratischen
2166 3083 3098 3128 Kreise. Im neuen Kongreß werden die Republi¬
2166 3120 3100 3174 kaner nur noch 17 von 96 Sitzen im Senat, und
2166 3153 3098 3214 89 von 435 Sitzen im Repräsentantanhaus ein¬
2166 3202 3098 3243 nehmen. Die Republikanische Partei gehört vor¬
2163 3233 3098 3294 läufig zu den Minoritätenparteien, deren Einfluß
2166 3280 3020 3321 kaum eine wirksame Opposition darstellen kann.\:p\
2233 3311 3098 3364 \p\Aber es wäre ein Irrtum, wollte man anneh¬
2166 3348 3098 3407 men, daß Roosevelt nun auf die geschlossene
2166 3393 3098 3440 Majorität der Wähler zählen darf, die ihm den
2166 3430 3098 3489 Sieg gesichert haben, und daß er ungestört seine
2166 3477 3098 3520 "New Deal"–Politik wird fortsetzen können. An¬
2166 3505 3098 3561 gesichts der Gefahr, daß durch die Wahl Landons
2166 3548 3085 3598 alle Errungenschaften der letzten vier Jahre in
2166 3583 3098 3639 Frage gestellt und die Entwicklung im Sinne fort¬
2166 3628 3098 3682 schrittlicher Sozialpolitik mit einem Schlag unter¬
2166 3669 3098 3716 brochen werden könnte, hatte sich eine Art lockerer
2166 3704 3098 3759 Einheitsfront für Roosevelt gebildet. Jetzt stellt
2166 3747 3098 3796 sich die Komplexität und Fragwürdigkeit dieser
2166 3796 3098 3841 Einheitsfront heraus. Es gibt in ihr kaum eine
2166 3833 3098 3880 Gruppe, – außer der Demokratischen Partei im
2166 3868 3098 3913 engsten Sinne, – die im Wahlsieg Roosevelts
2166 3907 3077 3958 mehr als einen vorläufigen Erfolg und eine Mög¬
2166 3938 3081 3995 lichkeit für die Zukunft erblicken würde. Allge¬
2166 3985 3098 4042 meine Befriedigung herrscht nur über die offene
2163 4016 3098 4089 Niederlage der semi–fascistischen Coughlin–Lemke¬
2166 4059 2307 4110 Partei.\:p\
2231 4075 3098 4167 \p\Ueber die Frage, was von der zweiten Amts¬
2166 4147 3098 4186 periode Roosevelts zu erwarten sei, gehen die
2166 4184 3098 4235 Ansichten auseinander. Es macht sich jetzt deutlich
2166 4222 3077 4272 bemerkbar, daß der Präsident während der Wahl¬
2166 4263 3098 4313 kampagne kein neues, detailliertes Programm und
2166 4302 3098 4347 kein Versprechen für die Zukunft gegeben hat, das
2166 4331 3098 4388 über die allgemeinen, schon bekannten Richtlinien
2166 4380 3098 4421 des "New Deal" hinausgehen oder seine Anhänger
2166 4413 3098 4462 über gewisse heikle Punkte seiner bisherigen Politik
2166 4462 3098 4503 beruhigen würde. Diese Richtlinien sind dem ame¬
2166 4497 3098 4548 rikanischen Volk eingeschärft worden, daß man sie
2166 4538 2893 4585 als eine Selbstverständlichkeit empfindet.\:p\
3174 2981 4026 3055 \p\Die amerikanischen Wähler haben alle typischen
3098 3040 4022 3104 Vorzüge und Fehler einer demokratischen Wähler¬
3100 3087 4026 3137 masse, sie üben freimütige Kritik, sind politisch und
3100 3130 4026 3184 wirtschaftlich gut geschult, und haben ein kurzes
3100 3153 4022 3217 Gedächtnis: neue Programme werden mit Begei¬
3100 3208 4020 3253 sterung begrüßt, ein neuer Führer gewinnt rasch
3100 3243 4026 3294 ungeheure Popularität, aber ebenso rasch wird
3116 3282 4026 3331 man seiner überdrüssig, und bedenkenlos wie im
3100 3315 4030 3376 Scherbengericht der athenischen Volksversammlung
3100 3362 4026 3409 wird das Urteil über ihn gefällt. So wurde im
3100 3399 4030 3448 Krisenjahr 1932 Präsident Hoover gestürzt, der
3100 3434 4020 3487 seine optimistischen Versprechen nicht hatte einhal¬
3100 3485 4028 3526 ten können, und Roosevelt wurde aus Haß gegen
3100 3518 3407 3569 Hoover gewählt.\:p\
3174 3528 4022 3606 \p\Als Roosevelt in jenem höchst kritischen und ge¬
3100 3585 4022 3641 fährlichen Augenblick gewählt wurde, wußte nie¬
3100 3632 4032 3690 mand genau, was man von ihm erwartete, außer
3100 3663 4030 3723 daß es etwas Neues sein müsse, – d. h. vor
3100 3710 4030 3766 allem verschieden von dem, was Hoover getan hatte.
3100 3743 4022 3807 Das "New Deal", – bestand aus einer Reihe von
3100 3788 4022 3850 kühnen und rasch entworfenen Experimenten. Er
3100 3839 4026 3878 hatte von Anfang an gegen eine starke Opposition
3100 3878 4022 3925 zu kämpfen – was ihm erlaubte, militant vorzu¬
3133 3909 4026 3960 gehen. Heute, nach seiner Wiederwahl, steht Roo¬
3122 3956 4028 3993 sevelt vor einer ganz anderen Situation. Die
3100 3989 4026 4034 Kundgebung des Vertrauens, die in der überwälti¬
3100 4030 4022 4075 genden Mehrheit seiner Wähler zum Ausdruck kam,
3126 4075 4028 4118 gilt vor allem seiner Person und den allgemeinen
3100 4110 4026 4157 Richtlinien seiner Politik als einer Politik des
3100 4143 4026 4196 guten Willens und des sozialen Fortschritts. Aber
3100 4184 4026 4235 man ist nicht mehr, wie 1932, gewillt, ihm freie
3120 4225 4026 4272 Hand zu lassen, – jede Gruppe und jede Partei
3100 4261 4026 4313 der Vereinigten Staaten weiß diesmal ganz genau,
3100 4298 4026 4354 was sie von Roosevelt erwartet und von ihm for¬
3100 4341 4026 4388 dern will. Innerhalb der Linksparteien, denen er
3100 4378 4026 4433 in erster Linie seinen Sieg verdankt, werden jetzt,
3100 4421 4022 4472 nach dem 3. November, die verschiedensten Beden¬
3100 4456 4026 4505 ken laut, die sich in den folgenden Punkten zu¬
3100 4501 4026 4550 sammenfassen lassen: Ist Roosevelt ein Diktator?
3104 4542 4028 4591 Wird er seine Erklärung, daß er entschlossen sei,\fml\\:p\
255 305 1166 359 \fml\\p\den Kapitalismus zu retten, dazu benützen, eine
250 352 1166 401 mehr nach Rechts gerichtete Politik einzuschlagen?
260 393 1166 439 Wird er, um den Vorwurf, er habe bolschewistische
250 438 1165 483 Tendenzen, zu widerlegen, seine Anstrengungen im
250 477 1166 519 Sinne einer staatlichen Kontrolle des Kapitals und
250 503 1166 562 der privaten Unternehmung vermindern? Oder
250 548 1165 605 wird er die Hoffnungen der Linksparteien erfüllen,
249 585 1157 648 den "Social Security Act" (Gesetz für Sozialver¬
254 627 1155 684 sicherung) verbessern und ausbauen, eine aktive
255 674 1152 716 Stellung gegenüber der Labor–Bewegung einneh¬
253 712 1152 756 men, und die Außenpolitik im Sinne der Erhal¬
253 748 1155 807 tung des Friedens und der Bekämpfung des wach¬
250 792 1122 849 senden internationalen Fascismus weiterführen?\:p\
310 831 1157 879 \p\Leitende Persönlichkeiten der Linken haben nach
253 863 1153 916 der Wahl ihre Befürchtungen geäußert. Die Ansicht
255 903 1158 963 radikaler Kreise, die Wiederwahl Roosevelts bedeute
255 946 1166 999 nur das kleinere von zwei verwandten Uebeln,
250 988 1146 1034 nämlich den Sieg der besseren von den beiden
253 1025 1152 1071 kapitalistischen Parteien, wird durch die Tatsache
253 1064 1143 1112 bestärkt, daß die Majorität von elf Millionen Wäh¬[Hyphen fehlt]
255 1101 1166 1162 lern Roosevelt eine sichere Position bieten, sodaß
244 1145 1153 1190 er die Unterstützung der Labor-Partei und der pro¬
255 1184 1166 1226 gressiven Gruppen nicht mehr braucht. Daher
253 1216 1150 1265 herrscht in Linkskreisen die Auffassung, daß alle
250 1263 1166 1310 diese Gruppen, der fortschrittliche Block im Kongreß,
250 1302 1150 1346 Arbeiter– und Farmer–Organisationen sich mit der
250 1340 1150 1382 amerikanischen Mittelklasse zusammenschließen soll¬
250 1378 1166 1427 ten, um eine wirksame Oppositionspartei zu bilden,
252 1413 1165 1496 die stark genug wäre, um auf Roosevelt einen Druck
249 1457 444 1512 auszuüben.\:p\
312 1488 1150 1543 \p\Die Labor-Gruppen bereiten eine Liste ihrer
260 1528 1143 1584 Forderungen für die nächste Sitzung des amerikani¬
250 1576 1151 1629 schen Kongresses vor, die unter anderen drei wich¬
250 1611 1166 1658 tige Punkte enthält: die Bekämpfung unlauterer
252 1655 1165 1709 Konkurrenz in der Industrie, die Regelung von
254 1693 1152 1742 Löhnen und Arbeitszeit, und die Abschaffung der
250 1734 1166 1779 Kinderarbeit. Ferner stehen der viel umstrittene
253 1774 1166 1825 "Social Security Act" und die "Wagner housing
244 1808 1150 1863 bill" auf dem Programm, – letzteres ein Gesetz
244 1851 1143 1908 über die Wohnungsfrage und die staatliche Bautätig¬
244 1889 1146 1935 keit, welches Pläne wie das Niederreißen unhygieni¬
253 1927 1146 1972 scher Stadtteile (slums) und den Bau von Muster¬
250 1967 1152 2015 siedlungen und dezentralisierten Gartenstädten in
252 1999 473 2060 sich begreift.\:p\
312 2043 1150 2096 \p\Die genannten Forderungen sind keineswegs
244 2088 1155 2136 neu, sondern finden sich, mehr oder minder genau
253 2119 1165 2170 formuliert, im Wiederaufbau–Programm des «New
250 2160 1140 2208 Deal». Wenn sie trotzdem heute von den Links¬
259 2198 1146 2245 parteien beinahe im Sinne eines Oppositions-
255 2239 1166 2280 Programms zur Sprache gebracht werden, so drückt
250 2276 1152 2331 sich darin die Besorgnis aus, daß Roosevelt nach
246 2322 1165 2365 dem 3. November eine Schwenkung nach rechts vor¬
246 2360 1165 2404 nehmen könnte. Die amerikanische Labor–Bewe¬
244 2396 1166 2441 gung ist aus dem Wahlkampf gestärkt und mit ver¬
246 2439 1146 2478 mehrtem Ansehen hervorgegangen, – aber ihre
244 2472 1150 2525 Stellung zur Regierung Roosevelt ist noch unklar.
250 2512 1150 2569 Die Arbeiterführer bezeichnen es als die Aufgabe
246 2559 1143 2601 der Labor–Bewegung, die Massenproduktions–Indu¬
253 2593 1165 2643 strien auf der Basis einer staatlich kontrollierten
250 2634 1152 2684 Planwirtschaft zu organisieren. Ohne diese Basis
244 2678 1166 2729 aber wäre das ganze "New Deal" nicht denkbar.
244 2715 1166 2753 Der von den Republikanischen Partei gegen Roose¬
250 2754 1135 2800 velt erhobene Vorwurf, daß er sich unlegale, d. h.
244 2786 1143 2838 mit einer strengen Auslegung der Konstitution nicht
246 2826 1165 2874 vereinbare Befugnisse angemaßt habe, drückt weni¬
250 2871 1143 2912 ger die Furcht konservativer Kreise vor einer "Dik-
246 2908 1165 2955 tatur Roosevelt" als vor einer Tendenz aus, die
246 2946 1152 2993 unweigerlich zum Staatssozialismus führen müsse.
244 2987 1166 3030 Daß Roosevelt persönlich diese Konsequenz in ihrem
244 3023 1166 3070 vollen Ausmaße nicht wünscht, steht außer Zweifel.
246 3066 1146 3109 Ob ihm der Kompromiß zwischen kapitalistischer
249 3105 1166 3150 Privatinitiative und staatlicher Kontrolle und Ver¬
250 3138 1166 3185 antwortung für das Wirtschaftsleben gelingen
240 3181 1165 3227 wird, ist die große Frage der nächsten vier Jahre.
244 3224 1150 3261 Die Demokratische Partei und Roosevelt selbst pfle¬
250 3260 1128 3310 gen diesen Kompromiß als den "mittleren Weg"
255 3298 1150 3348 zu bezeichnen, – sicher stellt er den äußersten Ver¬
250 3333 1158 3386 such dar, die furchtbaren Folgen der kapitalistischen
246 3379 1147 3423 Entwicklung von Industrie und Wirtschaft, die Ar¬
244 3418 1150 3462 beitslosigkeit, die Verschuldung der Landwirte, die
245 3456 1158 3508 Verarmung ganzer Bevölkerungsschichten (wie etwa
244 3495 1158 3539 der Baumwollpächter im Süden) zu mildern und
244 3531 1150 3586 gleichzeitig einen revolutionären Umsturz zu ver¬
244 3577 1166 3620 meiden. Aber je mehr die Linksparteien an Stärke
244 3616 1146 3660 und Anhängerzahl gewinnen, umso weniger geben
244 3645 1166 3699 sie sich mit halben Maßnahmen zufrieden. Bereits
244 3696 1166 3747 wurde die Forderung laut, die Steuer für die im
249 3735 1166 3783 Rahmen des "Security Act" geplante Altersver¬
243 3762 1166 3823 sicherung solle von den Arbeitern und Angestellten
244 3812 1166 3859 auf die Arbeitgeber abgewälzt werden. Die Ge¬
244 3846 1167 3901 werkschaften protestieren gegen die niedrigen Löhne,
244 3886 1152 3933 die in den Arbeitslagern ("C. C. C.-Camps") und
246 3926 1140 3970 Arbeitsbeschaffungs-Projekten ("W. P. A.-Projects"), [Anführungszeichen fehlt]
238 3970 1140 4018 ausbezahlt werden. Viel wird von der Entwicklung
238 4005 1166 4055 der Gewerkschaften abhängen. Falls Roosevelt sich
244 4042 1146 4089 in das konservative Lager treiben läßt, würde dies
238 4081 1150 4154 eine Radikalisierung der Linken zur Folgen haben.\:p\
