3737 5669
1592 1975 3341 2121 Von Automobilen, Pferden und Rennen
1579 2101 3426 2247 \p\Erfahrungsgemäß können Gesetze gegen den not¬
1490 2222 3440 2358 wendigen Gang der Dinge nichts ausrichten, und
1495 2332 3438 2436 deshalb sind heute alle Straßen der Schweiz für
1495 2426 3426 2555 Automobile geöffnet trotz des standhaften und löb¬
1490 2545 3440 2664 lichen Bestrebens gewisser Kantone, diese Neuerung
1502 2652 3433 2793 von ihren friedlichen Triften fernzuhalten. Man
1490 2742 3431 2885 muß sich, noch heute, gewisse Vorschriften merken
1490 2858 3431 2992 und die großen roten Scheiben beachten: sie dienen
1490 2970 3428 3091 zum Schutze einiger Wald- und Wiesenwege, welche
1495 3079 3433 3224 friedlichen Sonntagsspaziergängern vorbehalten sein
1487 3200 1747 3305 sollen.\:p\
1592 3283 3426 3411 \p\Das ist gewiß eine demokratische Einrichtung,
1502 3394 3431 3537 obschon das Auto eigentlich kaum mehr ein Luxus¬
1502 3513 3440 3639 gegenstand ist. Daß aber die erstaunlich großen
1495 3615 3438 3756 und gewandten Postautomobile auf Paßstraßen berg¬
1502 3715 3428 3831 wärts ausweichen, ist einfach das Recht des Stärke¬
1495 3829 3438 3926 ren, wenn auch der Gefahr halber durchaus sinn¬
1514 3935 3419 4069 gemäß und begreiflich. Die schweizerischen Post¬
1504 4035 3438 4166 wagen haben sich überdies, um Verwechslungen
1502 4144 3443 4256 vorzubeugen, die knallgelbe Farbe reserviert, was
1490 4253 3440 4389 den Fürsten von Thurn und Taxis verstimmen muß:
1507 4360 3426 4481 denn er besitzt alles traditionelle Anrecht, seine sämt¬
1502 4467 3440 4615 lichen Wagen postgelb zu lackieren, und er hat es
1507 4569 2548 4724 auch bis heute so gemacht.\:p\
420 645 2295 761 \p\Solange die Graubündner — und ausgerechnet die
331 751 2292 869 Graubündner — keine Automobile sehen wollten [das Verbot wurde 1925 aufgehoben],
336 867 2305 983 gab es natürlich weder eine Sternfahrt nach Sankt
319 971 2292 1092 Moritz noch eine Schönheitskonkurrenz [gemeint ist wohl der Schweizer "Concours d'Elegance", eine Schönheitskonkurrenz für Automobile, der laut Quelle ab 1929 in St. Moritz stattgefunden habe, vgl. https://www.fuw.ch/article/concours-delegance-in-der-schweiz] daselbst, was
336 1084 2297 1193 doch recht unklug war, denn solche Veranstaltungen
336 1191 2297 1302 dienen dem Fremdenverkehr weit mehr als alles
331 1287 2292 1405 andere: und wenn die Fremden seit alter Zeit unse¬
331 1403 2295 1507 rem Land besondere Gunst erweisen, so können die
326 1512 2287 1652 Schweizer wiederum die Fremden nicht gut ent¬
326 1615 758 1741 behren ...\:p\
432 1719 2295 1838 \p\Am allerwenigsten gab es aber das — jetzt in
326 1833 2295 1974 kurzer Zeit berühmt gewordene — \g\Bergrennen\:g\
319 1934 2305 2067 auf der \g\Berninastraße\:g\; das \g\Klausenrennen\:g\
326 2050 2302 2191 erfreute sich dafür schon langjähriger Popularität.\:p\
403 2164 2285 2297 \p\Es ist so ausgeprobt und anerkannt, in allen Pha¬
326 2267 2287 2401 sen von Zuschauern und Beteiligten durchgekostet,
336 2376 2290 2485 die Strecke ist in jeder Zeitung abgebildet, jeder
319 2480 2295 2626 sportlich Interessierte kennt Namen, Marken und
331 2603 694 2715 Chancen.\:p\
420 2695 2290 2840 \p\Darüber kann man eigentlich kein Wort mehr
326 2803 2290 2944 verlieren, ohne sich der Gefahr laienhafter Ober¬
326 2907 2287 3038 flächlichkeit auszusetzen. Daß man in St. Moritz
319 3021 2292 3132 schon drei Tage vor dem Bernina-Bergrennen keine
336 3129 2290 3251 Ruhe mehr findet, auch in der Nacht, besonders in
331 3231 2292 3352 der Nacht nicht, weil die Motoren zu Probezwecken
336 3344 2297 3468 ohne Unterlaß durch die Dorfstraße rasen, das ist
326 3451 2290 3591 zwar schon vielen aufgefallen, aber sich darüber
319 3554 2206 3680 zu beklagen, wäre kleinlich und unangebracht. –
319 3673 2285 3824 Ein seltsames und unserer Zeit vorbehaltenes Schau¬\fml\\:p\
1489 1555 3442 1699 \p\\fml\spiel sind die pilgerhaften Züge der Zuschauer, die
1496 1677 3437 1807 am Morgen früh, zu Fuß und zu Wagen, dem Berg
1484 1772 3388 1885 zustreben, wo das Ereignis sich abspielen wird —
1496 1885 3437 2019 alle gleichermaßen von Neugier und lautem Eifer
1496 2002 3418 2121 getrieben, bereit, alles in Kauf zu nehmen, die uni¬
1489 2109 3430 2217 formierten Wächter der Ordnung, die lästigen Vor¬
1489 2207 3430 2344 schriften, als gelte es ein Stückchen Seligkeit zu er¬
1489 2317 3442 2434 werben. Mit Sonnenschirmen und Mundvorrat lassen
1489 2419 3440 2551 sie sich auf den Anhöhen, auf Grasflächen und
1487 2549 3430 2671 Felsplatten nieder, wie ein Schwarm von Zugvögeln
1496 2632 3440 2751 breiten sie sich aus und bevölkern für eines Tages
1489 2746 3430 2871 Länge die sonst einsam-karge Gegend. Zur vor¬
1484 2846 3425 2973 bestimmten Stunde wird die Straße für jeden Ver¬
1477 2964 3440 3088 kehr gesperrt: Jetzt sitzen sie da, sind Gefangene
1501 3059 3430 3210 gewissermaßen, und warten geduldig auf das Signal,
1489 3171 3440 3288 auf den ersten Wagen, der irgendwo im Tal, klein
1489 3276 3418 3418 und unansehnlich, auftaucht und mausartig ge¬
1489 3403 3435 3528 schwind um die Kurven huscht. Plötzlich ist er da
1489 3491 3430 3635 und wirft drohende Geräusche an die Felsen, er
1489 3598 3440 3728 nähert sich einer Kurve, man wartet atemlos, er jagt
1489 3716 3440 3845 hinein und ist schon wieder entwichen ... Das
1501 3806 3428 3940 einen Tag hindurch: Warten, Alarm und Spannung,
1496 3926 3430 4062 ein winziges Tier, ein Wagen, ein Wunder der Ma¬
1496 4021 3437 4157 schinentechnik jagt staubwirbelnd um die Kurven
1496 4131 3437 4267 der uralten Paßstraße. Die Leute sitzen in der
1489 4236 3442 4382 Sonne, wieviel Geduld bringen sie auf für dieses
1496 4345 3437 4494 Ereignis, für dieses ungeduldigste aller Schau¬
1496 4467 1743 4580 spiele!\:p\
1575 4550 3452 4702 \p\Für Gebirgsfahrten und Autoprüfungen ist die\fml\\:p\
296 595 2254 737 \p\\fml\Schweiz wie gemacht, aber der \g\Pferdesport\:g\ wird
292 710 2264 845 mit ebensoviel Passion und großer, fast erstaunlich
296 821 1399 970 großer Beteiligung ausgeübt.\:p\
385 921 2261 1056 \p\Die \g\Springkonkurrenzen von Genf und
292 1031 2239 1149 Luzern\:g\ sind Anlässe von internationaler Bedeu¬
304 1154 2264 1274 tung, von Offiziersequipen aller Nationen besucht
304 1235 2264 1384 und für die ganze Reiterwelt wichtig. Man weiß
304 1345 2261 1494 nicht, welchem Turnier den Vorzug geben: Luzern
309 1470 2259 1602 hat einen herrlichen Platz direkt am See gelegen,
309 1585 2254 1705 von großen Bäumen umrahmt. Wenn das Wetter
309 1673 2254 1823 günstig ist, und das darf man mitten im Juli immer¬
309 1786 2269 1926 hin erhoffen, so hat dieser Concours unzweifelhaft
309 1899 2259 2026 ein festlich-heiteres, buntes und erregendes Aus¬
304 1985 2261 2149 sehen. In das Grün der Bäume mischen sich die
304 2107 2252 2249 Flaggen aller Nationen, auf dem Übungsplatz wer-
304 2222 2261 2364 den die Pferde von den Offizieren eingesprungen,
304 2330 2249 2477 auf den Tribünen harrt ein gespanntes Publikum,
304 2443 2271 2577 Militärmusik, Sonne, Stimmengewirr, man redet in
304 2546 2269 2653 allen Sprachen und wird durch dies alles in ein
301 2648 2269 2783 leises Fieber versetzt, in eine fiebrige Interessiert¬
316 2742 2269 2866 heit, als gehe es um entscheidende Dinge. Es ist
304 2866 2269 2982 eine mit Suggestion und Spannung geladene Welt,
316 2974 2264 3119 wo Zufall und Können sich beständig in gefahrvoller
316 3072 2276 3202 Weise überkreuzen, das Publikum weiß zudem, daß
316 3185 2261 3310 Gefahr, daß tatsächlich Gefahr im Spiel ist, daß
316 3300 2264 3423 seine Lieblinge im letzten Augenblick stürzen kön¬
304 3391 2252 3550 nen, seine Angst ist sensationell und uralt, sie be-
304 3506 2264 3653 steht, seitdem es eben Wettspiele gegeben hat, seit¬
309 3628 2259 3771 dem es Siege gibt, die an der Entscheidung von Se¬\fml\\:p\
1502 1543 3436 1688 \p\\fml\kunden, von letzter, augenblicklicher Energie, von
1514 1666 3431 1770 einem einzigen, instinktiven oder bewußten Auf¬
1526 1763 2833 1902 wand und Entschluß abhängen ...\:p\
1603 1864 3436 1972 \p\Das ist auch in \g\Genf\:g\ nicht anders, in dem
1514 1980 3431 2107 großen Herbstturnier im November. Aber dort sind
1519 2081 3436 2194 die Fremden nicht so zahlreich oder doch nicht so
1502 2189 3431 2312 ausschlaggebend, die Jahreszeit allein ist ohne fest¬
1502 2300 3419 2418 liches Wesen, die große Halle, gedämpft und feier¬
1502 2402 3431 2532 lich, weit entfernt von blauem Himmel, Sonne und
1519 2525 3436 2638 See, verändert schon die Einstellung der Teilnehmer,
1507 2611 3434 2727 hier sind sie ernster und gesammelter, mehr ihrem
1514 2713 3412 2833 Beruf (denn es ist doch ein Beruf) als der Unter¬
1502 2821 3419 2930 haltung zugewendet, der geschlossene Raum erleich¬
1502 2930 3419 3055 tert die Konzentration. Dabei entfaltet jedoch das
1514 3043 3431 3154 Turnier mindestens den gleichen Glanz wie Luzern,
1502 3137 3436 3270 der Nationenpreis wird hier zum Ereignis. Er wird
1507 3246 3436 3381 meistens am Abend geritten, die Halle ist festlich
1514 3356 3412 3496 erleuchtet und hat das Ansehen eines großen Thea¬
1502 3458 3419 3602 ters. Nationalhymnen, Flaggen, Aufmarsch der
1514 3564 3436 3709 Equipen, das Publikum ist ergriffen und wartet
1502 3668 3431 3805 stehend, bis die Musik verstummt. Später, wenn
1507 3774 3424 3906 alles vorbei und entschieden ist, löst sich die Span¬
1502 3887 3424 4015 nung in Jubel auf, die Fahne der siegreichen Nation
1519 3981 3426 4106 wird gehißt, die Öffiziere stehen mit ihren Pferden
1500 4102 2267 4234 eisern grüßend ...\:p\
