4279 7113
682 4553 951 4638 Dixie Line –
381 4616 1303 4681 der Weg des amerikanischen Südens ..
458 4686 1221 4736 Von Annemarie \g\Clark‐Schwarzenbach\:g\
446 4749 1221 4800 \g\Roter Backstein und weiße Säulen\:g\
437 4788 1304 4839 \p\Thomas Jefferson, der Staatsmann, dessen ideale
383 4830 1277 4880 und konstruktive Vision der "Amerikanische Traum"
385 4865 1304 4910 genannt wird und, mehr oder minder bewußt heute
381 4901 1303 4940 noch in den Köpfen amerikanischer Geschäftsleute, Pio¬
385 4936 1304 4985 niere und junger Idealisten spukt, war ein Sohn Vir¬
381 4973 1303 5022 ginias, der ersten Kolonie, dem ältesten Kulturboden
381 5010 1303 5049 der Vereinigten Staaten. Seine Stadt war \g\Char¬
381 5041 1303 5085 lottesville\:g\ – dort, auf einem grünen Hügel, steht
381 5083 1303 5125 heute noch sein Landhaus aus rotem Backstein mit der
388 5117 1303 5163 schlichten Front aus weißen Säulen, dessen aristo¬
385 5155 1304 5194 kratisch‐ländliche Architektur ein Symbol des Südens
381 5187 1303 5234 geblieben ist, wenn auch die meisten Herrenhäuser auf
381 5221 1303 5268 den riesigen Plantagen zerfallen, weil ihre Besitzer
381 5259 1303 5303 weggezogen sind, oder das Geld nicht mehr haben, sie
385 5301 1305 5345 "standesgemäß" zu erhalten. Aus rotem Backstein sind
381 5331 1303 5374 auch die niedrigen Gebäude der "Universität von Vir¬
381 5368 1303 5417 ginia" in Charlottesville, und eine lange, weiße
388 5401 1289 5445 Säulenkolonnade umgibt den Rasenplatz, wo die Stu¬
385 5436 1303 5481 denten zwischen ihren Kursen disputierend auf und ab
381 5471 1303 5511 gehen. An einer Schmalseite des Rasenrechtecks erhebt
381 5508 1303 5552 sich der zierliche Kuppelbau der Bibliothek, die Namen
385 5542 1304 5585 von Homer, Shakespeare, Voltaire und Goethe zeichnen
385 5583 1304 5630 sich an der gewölbten Decke ab, über den Köpfen der
381 5614 1303 5655 Studenten – Söhnen von Baumwoll‐ und Tabakpflan¬
388 5651 1303 5697 zern –, nur wenige unter ihnen gehören der neuen
381 5692 1303 5729 Klasse der Reichen an, der Industriellen, Besitzer von
389 5722 1303 5765 Textilfabriken oder Kohlengruben, die heute in den
389 5755 1292 5806 Südstaaten die niedrigen Löhne benützen, um Ver¬
389 5787 738 5845 mögen zu verdienen.\:p\
441 5833 1303 5878 \p\Vor der Bibliothek, der Straße zugewandt, erhebt
393 5861 1303 5916 sich das Standbild Thomas Jeffersons, der die Uni¬
388 5909 1303 5949 versität gegründet hat. Er war ein Mann des 18.
389 5943 1303 5987 Jahrhunderts, aufgeklärter Intellektueller, gleich bedeu¬
388 5982 1304 6024 tend als Wissenschaft[sic]er, Humanist und Staatsmann,
389 6015 1303 6061 und in der Vielseitigkeit seiner Talente und ihrer
388 6051 1303 6089 wunderbaren Konzentration im unermüdlichen Dienste
388 6089 1303 6144 eines demokratischen Menschheitsideals an den tschechi¬
1319 4545 2248 4597 schen Präsidenten Masaryk erinnernd. Die Söhne des
1331 4580 2249 4623 Südens, die heute in Charlottesville studieren, wissen
1310 4616 2248 4654 vielleicht nicht genau, was der "amerikanische Traum"
1321 4649 2190 4692 Jeffersons für die Zukunft Amerikas bedeutet hätte –
1319 4695 2248 4729 wäre der Sezessionskrieg nicht gewesen. Es war der
1327 4718 2248 4763 Traum des Individuums, des Pioniers, des gemeinen
1325 4760 2249 4805 Mannes. Es war ein Traum, der sich auf die unend¬
1310 4800 2248 4826 lich scheinende Reserve von Land, von Wald, Weide
1319 4826 2248 4871 und Acker gründete. Hamilton, der Mann aus dem Nor¬
1310 4867 2248 4916 den und Jeffersons großer Gegner, hat vielleicht vor¬
1310 4895 2248 4936 ausgesehen, daß sein Sieg symbolisch sein würde für den
1310 4929 2248 4982 Weg, den Amerika gehen sollte. Im Jahre 1798 nahm
1309 4971 2248 5004 der Kongreß ein Gesetz an, das die Regierung berech¬
1310 5000 2220 5049 tigte, jeden als schädlich erachteten Ausländer auszu¬
1310 5039 2248 5080 weisen, und ein anderes, das einem Immigranten erst
1310 5080 2248 5118 nach 14, statt wie vordem nach fünf Jahren Aufenthalt
1310 5104 2217 5147 erlaubte, sich zu naturalisieren. Beide Gesetze bedeute¬
1310 5144 2220 5179 ten einen Sieg Hamiltons. Jefferson glaubte an
1310 5181 2248 5223 den gemeinen Mann. Hamilton ließ dasselbe ameri¬
1310 5209 2229 5254 kanische Ideal der "gleichen Chance für alle" einer
1310 5248 2248 5288 privilegierten Klasse zugute kommen: den Kapitalisten
1310 5287 2223 5325 und industriellen Unternehmern der großen Städte des
1310 5315 2217 5357 Nordens. Und der "amerikanische Traum" des Pio¬
1310 5351 2248 5395 niers sollte sich bald so grausam gegen den gemeinen
1339 5389 2248 5426 Mann wenden und in das nackte Faustrecht des "Self
1310 5417 2224 5469 made man" verkehren, daß heute die gleichen Worte
1310 5456 2248 5496 der "individuellen Freiheit" und "gleichen Chance" auf
1310 5493 2248 5534 den Fahnen der Reaktion stehen, und die Massenfront
1310 5531 2248 5575 des "Gemeinen Mannes" ihre einzige Hoffnung auf
1310 5566 2248 5612 kollektive Organisation, auf die Arbeitergewerkschaften
1310 5602 1746 5658 der Großindustrie setzt ...\:p\
1380 5634 2248 5680 \p\An eine Tatsache aber erinnern sich die Studenten
1310 5671 2248 5716 von Charlottesville: an den Sezessionskrieg, der die
1310 5695 2248 5750 Blüte des Südens brach, seinen Reichtum ruinierte,
1310 5742 2248 5783 und dem Ideal Thomas Jeffersons den ersten Schlag
1331 5776 2248 5818 versetzte. Die Union zwang fünf Millionen Weiße und
1310 5816 2229 5872 über drei Millionen Neger – insgesamt ein gutes
1337 5851 2248 5889 Viertel der amerikanischen Bürger – mit Schwert und
1310 5880 2248 5928 Kugeln, eine Regierung zu akzeptieren, die sie – aus
1310 5915 2248 5963 welchen Gründen auch immer – ablehnten. Und wie
1310 5955 2248 5996 ehrlich auch Lincolns Absicht war, die Sklaverei ab¬
1310 5987 2248 6023 zuschaffen, wie ehrlich er die puritanische Version des
1310 6021 2248 6070 amerikanischen Traums zum Siege führte, der Bür¬
1310 6048 2223 6099 gerkrieg ließ sich mit dem Satz aus der Unabhängig¬
1310 6092 2248 6137 keitserklärung von 1776 nicht vereinen: daß die Regie¬
2254 4546 3185 4579 rung ihre gerechte Gewalt durch die Zustimmung der
2254 4573 3185 4613 Regierten erhalte. Im Sezessionskrieg gingen die
2254 4603 3163 4652 Plantagen des Südens zugrunde, die Eisenbahnen
2256 4642 3160 4685 standen still, die Banken waren bankrott, Georgia und
2254 4678 3152 4718 Louisiana büßten die Hälfte ihrer Pferde und Maul¬
2254 4712 3185 4752 esel ein, und Pflanzer und ehemalige Negersklaven
2254 4745 3185 4784 einigten sich auf ein Ernte‐Teilungssystem, das heute
2254 4779 3152 4820 unter dem Namen "Sharecropper-System" bekannt ist,
2254 4812 3152 4852 und den Neger und "Armen Weißen" der Südstaaten
2254 4847 3185 4890 in hoffnungsloser ökonomischer Versklavung und
2254 4883 3185 4930 sozialer Rückständigkeit gefangen hält. Im gleichen
2262 4916 3185 4956 Bürgerkrieg wurden im Norden und Westen der Ver¬
2254 4953 3185 4988 einigten Staaten Millionen verdient, die Industrien
2254 4988 3185 5022 erhielten einen ungeheuren Antrieb, die Städte wuch¬
2254 5012 3158 5064 sen, das Kapital begann seinen gewaltigen Sieges¬
2254 5052 3185 5093 zug, in seinem Gefolge kam Verarmung und Massen¬
2261 5092 3187 5127 elend, die düsteren Begleiter dieser Sorte von Indu¬
2262 5124 3185 5168 strialisierung – und der "amerikanische Traum" zer¬
2254 5155 2359 5212 brach.\:p\ [space]
2316 5189 3185 5249 \p\Es war ein junger Student, der mir mit Bitter¬
2254 5241 3185 5283 keit vom "Krieg" sprach, und nicht den Weltkrieg
2254 5274 3169 5320 meinte, sondern eben den Bürgerkrieg, der vor siebzig
2264 5311 3185 5349 Jahren zu Ende ging. Wir saßen auf den Treppen¬
2254 5345 3185 5382 stufen der Universitäts‐Bibliothek, ich war soeben
2254 5382 3185 5413 aus dem Norden gekommen, auf den großen, glatten
2268 5413 3185 5450 Landstraßen, die in das "Dixie Land", in die Süd¬
2254 5451 3161 5492 staaten führen. Charlottesville war die erste Stadt,
2264 5481 3185 5532 in welcher ich haltmachte, der erste Eindruck, das
2254 5515 3185 5552 wahre Tor des Südens. Entronnen den grauen
2254 5553 3155 5594 Mauern, lichtlosen Straßen, blindenden Verkehrs¬
2254 5581 3185 5626 signalen von New York, seinem großartigen Gepräge
2261 5620 3185 5651 und künstlichen Glanz, und den rauchigen Dunst¬
2254 5650 3185 5691 schwaden über seinen von Fabrikschloten überragten
2254 5681 3185 5723 Vorstädten, schien mir Charlottesville von paradiesi¬
2254 5719 3185 5755 schem Reiz. Herbstlaub wehte über den Rasen, Abend¬
2254 5752 3167 5794 sonne lag auf den weißen Säulen der Studenten‐
2254 5791 3185 5833 Häuser, die romantische Stille der Gärten wartete auf
2271 5825 3185 5863 Mondlicht ... Wir gingen über die Straße in den
2254 5855 3167 5895 nächsten Drugstore, wo eine Gruppe von blonden
2252 5897 3185 5936 Studenten neben Gestellen mit Rauchwaren, Schreib¬
2254 5927 3173 5965 papier, Ardenpuder, Rasierseife und Aspirintabletten
2254 5959 3162 6003 saßen und Coca Cola tranken, wie es sich in einem
2254 5995 3185 6036 amerikanischen Heidelberg gehört. Die Studenten
2254 6017 3158 6067 rauchten Pfeifen, sprachen wenig, mit dem singenden
2264 6064 3160 6103 südlichen Akzent der Negerstimmen. Meine beschauliche
2254 6096 3185 6142 Stimmung hielt nicht an, als der Junge neben mir
3183 4535 4104 4579 zu sprechen begann. "Die Nigros sind seit dem Krieg
3183 4572 4104 4618 nicht anders geworden", erzählte er, dessen Vater ein
3202 4603 4101 4645 Plantagenbesitzer in Georgia ist, mit viel Land,
3183 4634 4103 4678 wenig Bargeld, einem zerfallenden Herrenhaus, einer
3195 4676 4098 4711 Herde von einigen hundert schwarzen Taglöhnern und
3183 4705 4103 4744 farbigen oder weißen Pächtern, welche Baumwolle
3183 4740 4104 4780 pflücken und dafür Maultier, Werkzeug, Hütte, – und
3193 4778 4092 4813 Kredit im "General Store", im "Allgemeinen Laden"
3195 4811 4104 4852 erhalten. "Sie wären als Sklaven ebenso gut oder
3183 4842 4104 4887 schlecht dran", stellt er fest, nicht aus Freimütigkeit,
3183 4876 4103 4926 sondern aus Ueberzeugung, "– weder mein Vater
3183 4915 4103 4949 und Großvater, noch die Niggers haben etwas vom
3183 4949 4103 4985 Bürgerkrieg profitiert [sic] Unsere weißen Pächter und
3183 4982 4098 5023 Taglöhner sind noch übler dran als die Schwarzen.
3199 5015 4101 5052 Sie können das Klima und die Diät von Maisbrot,
3183 5048 4098 5085 Schweineschwarte und Melasse nicht ertragen und krie¬
3183 5082 4097 5123 gen die Pellagra. Und sie leben von nichts anderem
3183 5119 4103 5154 als von dem geringen Gefühl des Stolzes, das es
3193 5151 4098 5187 ihnen bereitet, weiß zu sein und mit Verachtung auf
3189 5184 4103 5234 die Nigros herabblicken zu können." – "Und die
3183 5218 4103 5257 "Southern Tenant Farmers Union?"[Schlusszeichen fehlt] frage ich, und
3183 5253 4103 5295 meine damit die einzige Gewerkschaft, die im ameri¬
3183 5283 4103 5324 kanischen Süden seit einigen Jahren weißes und far¬
3208 5322 4110 5356 biges ländliches Proletariat erfolgreich organisiert
3183 5342 4103 5395 hat, und sich jetzt der gewaltigen Organisation der
3183 5389 4108 5426 "CIO.", der Industriegewerkschaften, angeschlossen
3183 5420 4104 5478 hat. Der Junge reagiert, wie ich es erwartet hatte.
3199 5460 4110 5497 Er zuckt bitter, leicht empört, die Achseln. "Diese
3183 5499 4108 5540 roten Organisatoren würden nicht weit kommen", sagt
3183 5520 4110 5572 er, "würden sie nicht unterstützt durch die Industrien,
3183 5565 4104 5603 die sich in den Südstaaten etablieren, weil die Löhne
3183 5600 4110 5644 niedrig sind, und weil es hier unten bisher keine
3204 5639 4101 5676 Arbeiterbewegung gab. Aber die Arbeiterbewegung
3183 5670 4114 5709 wächst mit der Industrialisierung. "CIO." organi¬
3182 5700 4108 5750 siert die Textilarbeiter, hat alle Grubenarbeiter
3183 5742 4108 5784 bereits in der Hand, arbeitet in der Ford‐Fabrik in
3208 5776 4107 5817 Memphis, dringt in jedes Fabrikdorf ein. Und wir
3183 5813 4110 5848 bekommen die Rückwirkung auf die Landarbeiter und
3182 5828 3532 5892 Pächter zu spüren."\:p\
3243 5879 4110 5934 \p\"Die Industrie bringt Geld ins Land. Sie bringt
3183 5919 3576 5976 die Dinge ins Rollen."\:p\
3251 5949 4103 6002 \p\Der Pflanzerssohn von Georgia senkt den Blick.\:p\
3182 5968 4114 6052 \p\"Es kommt darauf an, \g\welche\:g\ Dinge", murmelt er,
3197 6021 3684 6070 "und \g\wer\:g\ davon profitiert."\:p\
3256 6064 4107 6110 \p\Er haßt die Yankee‐Kapitalisten, die unten im Sü¬
3183 6096 4114 6151 den Fabriken bauen, – genau wie sein Großvater die\fml\\:p\
223 4451 1136 4497 \fml\\p\"Hamiltonianer" und die Soldaten der Unionsarmee
223 4488 1136 4523 gehaßt hat –, er verachtet die Neger (selbst wenn er
223 4520 1136 4561 eine zärtliche Anhänglichkeit an seine schwarze Amme
232 4558 1136 4595 und den farbigen Diener Jonny bewahrt), genau wie
225 4590 1136 4630 sein Großvater die Sklaven verachtet hat, und er
225 4622 1136 4669 fürchtet die geeinte Macht des farbigen und weißen
229 4661 1003 4702 Proletariats, und fürchtet damit die Zukunft ...\:p\
277 4691 1092 4732 \p\Eine Stunde später verlasse ich Charlottesville –
225 4719 1135 4763 die zierlichen Umrisse seiner klassizistischen Gebäude
225 4759 1136 4796 und die Silhouette des Menschenfreunds Jefferson
220 4792 1119 4833 bleiben zurück, im Licht der Scheinwerfer meines
229 4829 1125 4865 Wagens öffnet sich die "Dixie Line", die Straße nach
232 4860 1136 4898 Süden. Maisfelder, rohes, vom Pflug vergessenes
229 4895 1125 4935 Land, von Erosion zerfressene Hügel, weiße Bollen
220 4929 1125 4966 der ersten Baumwollfelder, zerfallene Farmhütten,
224 4962 1136 5000 ein Paar Maultiere, schlafender Neger auf dem zwei¬
225 4993 1136 5041 rädrigen Karren, – und am erlöschenden Horizont
229 5028 1136 5082 steigen Funkengarben aus einem neuen Fabrikschlot ...\:p\
