3539 4889
1014 457 2093 532 Annemarie Clarac-Schwarzenbach:
1444 669 2506 744 Das Rote Kreuz in Lissabon (II)
1155 982 3037 1057 \p\Wir haben an gleicher Stelle schon berichtet, dass infolge
802 1084 3025 1156 der durch diesen Krieg bedingten, ungeheuren Verkehrsschwierigkeiten
796 1190 3025 1268 das Rote Kreuz gezwungen wurde, einen grossen Teil seiner Tätigkeit
796 1283 3078 1374 nach Lissabon zu verlegen. Dies gilt besonders für das Genfer Interna¬
790 1395 3107 1474 tionale Nomite vom Roten Kreuz, das jetzt in der portugiesischen Haupt¬
802 1506 3178 1581 stadt eine ständige Vertretung besitzt. Seitdem der Landweg durch Spanien
790 1607 3208 1699 für Paketsendungen an Kriegsgefangene praktisch aufgegeben werden musste,
796 1701 3031 1794 bleibt für den Transport nur der Seeweg nach Marseille übrig,sodass
802 1814 2990 1893 Lissabon heute auch der Sammel-und Ausgangshafen für die unter der
802 1920 2064 1993 Rotkreuz-Flagge segelnden Schiffe ist.\:p\
796 2032 3090 2105 \p\Aber auch die Rotkreuz-Agenturen der besiegten und besetzten Lander[sic],
807 2125 2966 2204 welche teilweise im Lande selbst gar keine Tätigkeit mehr ausüben
796 2232 3172 2319 können, sondern auf eine Art von Exilstellung im Ausland angewiesen sind,
796 2332 2984 2413 müssen notwendig Lissabon als Zentrum wählen. Zum Beispiel muss der
790 2439 3090 2518 Verkehr zwischen dem unbesetzten Frankreich und den Lagern für fran¬
784 2545 3208 2618 zösische Kriegsgefangene im besetzten Frankreich, ja sogar der gewöhnliche
778 2651 3090 2731 Briefverkehr zwischen den beiden Zonen, über Lissabon geleitet werden.\:p\
802 2787 3131 2866 Hierbei fällt natürlich dem Portugiesischen Roten Kreuz eine besonders
807 2893 3166 2978 grosse Aufgabe zu. Die "Cruz Vermelha Portuguesa" übt heute eine Vermitt¬
825 2998 3208 3091 lertätigkeit aus, die den Rahmen ihrer Mittel und Kräfte weit übersteigt,
796 3100 3019 3185 und die stärkste Bewunderung verdient. Die wichtigsten Zweige dieser
790 3212 3125 3285 Tätigkeit sind: 1. Die Vermittlung von Post zwischen dem unbesetzten und
790 3312 3060 3391 besetzten Frankreich, und nach der besetzten Zone überhaupt, wofür dem
790 3418 3084 3497 Portugiesischen Roten Kreuz besondere Karten zur Verfügung stehen, die
807 3523 3119 3610 per Luftpost an das Deutsche Rote Kreuz zur Weiterbeförderung gesandt
790 3618 3043 3705 werden. – 2. Uebernahme von Post vom Deutschen Roten Kreuz an deutsche
796 3731 3102 3810 Kriegsgefangene in Kanada. Ende Februar betrug das Gewicht dieser Sen¬
796 3836 3166 3911 dungen bereits drei Tonnen. Auf gleichem Wege werden auch Briefe an oder
790 3937 3237 4022 von deutschen Kriegsgefangenen in anderen Gebieten, zum Beispiel Südafrika,
802 4043 3107 4122 befördert. – 3. Korrespondenz und Paketsendungen ander des Roten Kreuzes
1582 294 1978 384 –2– (Clarac)
686 532 2932 634 anderer Länder, die in Portugal keine legale Stellung haben, wird vom
692 637 2874 728 Portugiesischen Roten Kreuz nach Genf weitergeleitet, und dort vom
698 742 3084 827 "Internationalen Komite übernommen. In den engen Räumen der "Cruz Vermelha"
698 847 3078 943 stapeln sich die Pakete und Briefschaften, die übrigens von der portugie¬
709 951 3049 1048 sischen Post gratis befördert werden. Täglich treffen vor allem Anfragen
686 1050 3177 1147 nach Vermissten ein, die meistens nach Genf weitergeleitet werden. Im Durch¬
698 1161 3171 1245 blättern der Dossiers findet man Anfragen aus Holland, Belgisch Kongo, Schwe¬
692 1260 3148 1356 den, Brasilien, Frankreich, Polen. Man fragt sich angesichts dieser Zeugnisse
686 1365 3188 1461 menschlichen Leidens, wieviele der vermissten Söhne, Geschwister, Gatten, Mütter
704 1481 3142 1571 jemals wiedergefunden werden können, und lernt die Bedeutung der Stellen, die
686 1576 2024 1663 schätzen,die sich dieser Aufgabe widmen.
698 1675 3217 1774 \p\Verglichen mit solchen Problemen, hat das Britische Rote Kreuz, soweit es sich
197 1668 3229 1886 [add right: [gap] Sorge um] um die britischen Kriegsgefangenen handelt,relativ geringere Schwierigkeiten.
692 1888 3078 1979 Die permanente Vertretung des British Red Cross in Lissabon befasst sich
680 1987 3159 2089 vor allem mit der Beförderung von Paketen und Korrespondenz aus England, und
686 2092 3159 2194 hatte in enger Zusammenarbeit mit dem Vertreter des Internationalen Komites[sic]
692 2202 3095 2299 besonderes Verdienst daran, dass am 22.Dezember [illegible] 1940 das erste
686 2301 2205 2398 Rotkreuz-Schiff nach Marseille abgehen konnte.\:p\ [space]
680 2476 3130 2578 Unabhängig vom Britischen Roten Kreuz, aber unter dem speziellen Schutz der
674 2586 3095 2683 portugiesischen "Cruz Vermelha", hat in Lissabon eine energische junge Eng¬
680 2685 3107 2793 länderin eine eigene Organisation geschaffen, die sich "Spezielle Sektion
674 2790 3124 2892 zur Sendung von individuellen Paketen an britische Kriegsgefangene" nennt.
674 2889 3206 3003 Mrs. Ian Campbell [Louise Campbell, siehe https://de.wikipedia.org/wiki/Ian_Campbell,_11._Duke_of_Argyll] legt besonderen Wert auf den Ausdruck "individuelle Pakete".
686 2994 2996 3108 Denn aus begreiflichen organisatorischen Gründen neigt das Rote Kreuz,
674 3099 3153 3206 und besonders das Internationale Komité, dazu, Kollektivsendungen der Sendung
674 3203 3148 3305 individuell adressierter Pakete von Angehörigen einzelner Gefangenen vorzu¬
674 3305 3171 3421 ziehen. Mrs. Campbell, deren Mann sich als Gefangener in Deutschland befindet,
674 3410 3171 3514 vertritt aber den Standpunkt, dass Kollektivsendungen, wenn sie auch materiell
674 3513 3025 3608 den gleichen Wert besitzen, und den Gefangenen vielleicht in gerechterer
663 3612 3258 3730 Verteilung zugute kommen, doch moralisch ihre beste Wirkung einbüssen. Denn wenn
663 3721 3310 3835 ein Gefangener ein Paar Socken brauche,und sie seien von seiner Mutter gestrickt
669 3826 3177 3928 so sei die Freude ungleich grösser, als wenn er sie von einer anonymen Stelle
669 3936 3118 4033 zugeteilt erhalte. Mrs.Campbell hat in ihren Bureau Kataloge mit den Namen
1624 382 1973 460 –3– (Clarac)
960 621 3126 705 von einigen Tausend britischer Gefangener, die ihr alle persönlich
890 732 2992 804 schreiben, um ihre Wünsche zu äussern, und denen sie entsprechend
884 836 3178 914 zusammengestellte Pakete schickt, falls keine Sendungen von Verwandten
884 935 3207 1019 vorhanden sind. Zum Beispiel bat ein Lieutnant um Zahnstocher. Mrs. Camp¬
896 1040 3207 1118 bell schickte die Zahnstocher, und fügte, um ihren Gebrauch zu rechtfer¬
914 1139 3237 1217 tigen, ein paar solide Esswaren bei. Ihre Organisation arbeitet tatsäch¬
914 1244 3132 1328 lich erstaunlich rasch und gründlich, erfordert aber natürlich sehr
896 1349 3202 1421 viel Arbeit und Geld. Die meisten ihrer Sendungen erfolgen in Halbkilo-
896 1454 1653 1537 Päckchen per Luftpost!
896 1553 3143 1636 \p\Mit ganz anderen Schwierigkeiten hat der Vertreter des Französischen
896 1663 3202 1747 Roten Kreuzes zu kämpfen,der in Lissabon versucht, die unenbehrlichsten
896 1768 3237 1852 Zusatz-Rationen für anderthalb Millionen französischer Kriegsgefangener
896 1893 3103 1935 einzukaufen und zu spedieren. Für ihn wäre die Diskussion über indi¬
1962 1948 2224 1991 im Lius
902 2001 3138 2043 viduelle oder Kollektiv-Behandungen nicht[add above: ein Luxus]. Die Lebensmittel-Rationen in
884 2077 3109 2160 beiden Zonen Frankreichs sind zu knapp, als dass sich Angehörige von
896 2181 3097 2265 Kriegsgefangenen noch Pakete absparen könnten. Das französische Rote
884 2286 3044 2370 Kreuz tätigt daher Einkäufe in Lissabon, für deren Export es einer
890 2403 3132 2475 portugiesischen Lizenz bedarf. Diese hängt indirekt von England ab, da
896 2502 3027 2579 Portugal die Ausfuhr von Lebensmitteln nur gestattet, wenn es die
902 2606 3138 2684 englischen Lizenzen (Navicerts) besitzt, um seine Vorräte wieder auf¬
890 2705 3056 2789 zufüllen. Die als unentbehrlich berechnete Zusatz-Ration für einen
896 2810 3207 2894 Gefangenen pro Tag setzt sich wie folgt zusammen: 30 gr Fischkonserven
896 2915 3044 2999 oder Fleisch, 20 gramm Schokolade, 20 gr Zucker, 50 gr Brot, und wenn
884 3022 3225 3102 möglich Vitamintabletten. Nach dieser Berechnung würde es zur Versorgung
884 3115 3207 3201 der anderthalb Millionen gefangener Franzosen täglich allein 45 Tonnen
884 3224 3173 3307 Fischkonserven bedürfen, die 3400 Kisten normaler Grösse mit 80 Tonnen
879 3328 3161 3412 Bruttogewicht entsprechen. Angesichts der aufs Aeusserste beschränkten
884 3433 3161 3517 Transportmittel lässt sich an diesem Beispiel die Grösse der Schwie¬
902 3538 3097 3622 rigkeiten ermessen, mit denen das Französische Rote Kreuz zu kämpfen
879 3643 1042 3726 hat.\:p\[space]
884 3777 3225 3872 Aber diese Aufgaben, das Los der Massen von Kriegsgefangenen zu mildern,
890 3893 3231 3977 hat doch, so schwierig sie heute geworden ist, wenigstens einige Aussicht
890 3992 3301 4082 auf Erfolg. In Lissabon befinden sich auch die Vertreter des Roten Kreuzes
1653 351 2041 424 –4– (Clarac)
976 633 3053 747 von Ländern,die beinahe hilflos der fürchterlichsten Not ihres
835 739 2882 847 Volks gegenüber stehen. Für Belgien, für Polen ist das Los ihrer
835 845 3082 959 Kriegsgefangenen ein Problem geringerer Ordnung, denn es handelt sich
823 951 3012 1059 um Männer in wehrfähigem Alter, die in Feindeshand geraten, immerhin
823 1051 2912 1159 noch irgendwo untergebracht, unter noch so schlimmen Bedingungen
823 1156 3194 1277 immerhin ein Los ertragen, auf das sie als Soldaten gefasst sein mussten.
841 1262 3012 1371 Im Falle eines Friedensschlusses kann man hoffen, dass ein Teil von
823 1368 3088 1477 ihnen den Weg in die Freiheit und ein normales Leben zurückfindet. Vor
823 1468 2947 1577 allem fallen Kriegsgefangene unter die international anerkannten
805 1568 3029 1688 Bestimmungen des "Code des prisonniers de guerre", wodurch ihnen der
811 1674 2888 1788 Schutz des Internationalen Komites[sic] vom Roten Kreuz gewährt ist.
811 1780 3029 1894 Was aber wird aus geflohenen, bombardierten, enteigneten, deportiertens
805 1886 2976 2006 Zivilbevölkerungen? – Was aus Zwangsarbeitern, "umgesiedelten" Bauern,
811 1992 2982 2106 aus den Bevölkerungen ganzer Städte Polens, die zu Hunderttausenden
800 2092 2982 2206 nach Zentralasien verschleppt wurden? Hier spielt sich ein Prozess
817 2204 2953 2306 ab, über dessen Umfang und Grauen [add above: man] sich [add above: zu] W[add inline: w]enige, klar sind[add inline: ist], und dessen
794 2304 2894 2418 Folgen für die betroffenen europäischen Länder unabsehbar sind.
800 2404 2947 2518 Die in Lissabon tätigen Stellen des Roten Kreuzes, etwa solche, die
794 2515 2976 2630 sich um die Auffindung von Vermissten bemühen, vermögen trotz aller
805 2621 2835 2730 Anstrengungen wenig vor diesem[vor diesem ev. editorisch streichen] [illegible] durch den
817 2715 2564 2830 ruchlos geführten Krieg bewirkten menschlichen Elend.
