3520 4890
1882 284 3277 364 Vor Madeira. 19. Mai 1941.
545 432 1776 505 Annemarie Clarac-Schwarzenbach:
1090 571 2081 640 Zwischen den Kontinenten.
820 779 3218 862 \p\Seit gestern abend befinden sich die Reisenden dieses kleinen
422 855 3306 943 portugiesischen Dampfers auf einer schwer definierbaren Demarkationslinie,
410 927 3371 1007 – weit genug von der äussersten Westküste Europas entfernt, damit die Trennung
404 1003 3230 1078 vollzogen sei, zu nahe vom afrikanischen Ufer, als dass der Eindruck stark
398 1074 3195 1154 werden könnte, man sei im Bereich der Freiheit der Meere. Die Frage wurde
398 1148 3301 1224 mehrmals laut, ob die Insel Madeira, wo wir morgen anlegen werden, eigentlich
404 1219 3265 1306 zu Europa zu rechnen sei, oder zu Afrika, und man entschied nur, sie sei je¬
410 1294 3271 1375 denfalls portugiesisch. Es wird also dort keine Passformalitäten geben, und
404 1370 3101 1439 sogar Post soll man aufgeben dürfen. Das rief allgemeine Ueberraschung
404 1440 3236 1510 hervor, denn in Lissabon hiess es eben noch, einmal auf dem Afrika-Dampfer
404 1513 3201 1582 eingeschifft, sei man auch schon abgeschnitten, – auf unbestimmte, und also
416 1583 3306 1664 vielleicht sehr lange Zeit hinaus. Die Neuigkeit wegen Madeira hatte sogar
416 1653 3265 1740 eine fast bestürzende Wirkung, denn wie Viele unter uns haben sich gestern
410 1731 3359 1810 in Lissabon von einem Stück Leben, einem geliebten Menschen, der Heimat, einer
410 1802 3330 1880 letzten Hoffnung getrennt, und haben noch kaum gelernt, den Abschiedsschmerz
416 1877 3353 1957 zu lindern und zu ertragen. Aber das Schiff nahm seinen Lauf, und man als man
410 1947 3207 2028 heute beim Erwachen ringsum nur die glänzende, bewegte Fläche des Ozeans
410 2018 3230 2098 sah, fügte man sich leichter: es war Keiner da, an den man eine Klage hätte
433 2088 3283 2168 richten können, also schwieg man, und das Leben ging doch weiter, so wie de
416 2158 3277 2239 Tag Stunde um Stunde verrann.-Jetzt wird die Reise morgen schon unterbro¬
422 2240 3365 2315 chen! – Wir werden plötzlich frei sein, an Land zu gehen, Adressen zu schreiben
422 2311 3242 2385 uns an Freunde und gegen Feinde zu wenden, von denen wir allerdings keine
422 2387 3177 2462 Antwort erhalten werden, – aber sie werden sich, in den fernen Orten, doch
422 2457 3230 2532 eines Tages an uns erinern: und so lange leben wir, nur so lange, nur im
416 2534 2656 2602 Spiegel und Echo, welche die tödliche Isolierung aufheben.\:p\
428 2598 3365 2678 Es gibt Strecken und Zeiträume, da verliert die Frage, wo man sich eigentlich
428 2677 3295 2753 befinde, ihre Bedeutung. Auf der Ueberfahrt zwischen Europa und Amerika ist
422 2754 3218 2817 dies nicht der Fall, das Fähnchen rückt auf der Verbindungslinie vor, die
445 2805 3283 2897 Uhr wird täglich und regelmässig umgestellt, und der Zweck der Reise kann
433 2890 3213 2966 nur sein, die Entfernung zwischen zwei zufällig durch einen Ozean vonei¬
433 2962 3136 3042 nander getrennten Erdteilen möglichst rasch und bequem zu überwinden.
433 3038 3254 3112 Was man auch über die tiefe Verschiedenheit der neuen und der alten Welt
433 3113 3301 3183 sagen möge, – die neue ist doch nur ein anderer Aspekt unserer alten, abend-
433 3187 2796 3257 landischen Gesittung, und zählt als Indianerland nicht mehr. –
433 3258 3189 3321 \p\Ganz anders ist es, wenn Einer [add left: dem Schritt] von Europa nach Asien hinein tut, – es ist
433 3324 3142 3400 meistens wirklich nur ein Schritt, etwa vom europäischen Bosporus-Ufer
439 3400 3154 3476 an das anatolische, oder an irgendeiner Stelle im grossen Russland, – da
439 3477 3271 3555 gibt es keine Scheide, der Balkan ist türkisch, Spanien maurisch, in Syrien
433 3553 3265 3614 stehen griechische Säulen, und in Turkestan findet man Alexandermünzen, es
457 3626 1811 3686 ist alles eine einzige, unsere Welt [ähnliche, z.T. wortgleiche Formulierung in Liebe zu Europa].\:p\
439 3690 3183 3756 \p\Hier aber, – in diesem kleinen Meeresraum, einem Dreieck zwischen Madeira
445 3764 3213 3828 und zwei Erdteilen,– sind wir heute auf unserem neutralen Schiff im Nie¬
433 3834 3119 3906 mandsland, haben keine Bestimmung, nur viele Möglichkeiten vor uns, und
445 3913 2058 3976 wissen nur, woher wir kommen: von Lissabon.\:p\
1495 273 2659 354 –2– (Zwischen den Kontinenten)) [sic]
498 491 3253 569 \p\Aber auch Lissabon bedeutete Jedem der Reisenden etwas anderes. Für die
501 565 3223 640 Portugiesen, die in ihre Kolonien, nach Angola, oder Mozambique, gehen, um
504 634 3354 709 dort eine Stelle anzutreten oder Militärdienst zu tun oder auf ihre Plan¬
504 706 3211 784 tage zurückzukehren, ist Lissabon die Kapitalei ihres Mutterlandes, die
504 777 3250 855 Stadt ihrer seefahrenden Ahnen, auf die sie stolz sind. Für sie ist die
495 849 3223 933 Reise kein Abenteuer. Unter den Belgiern und Franzosen an Bord gibt es
510 918 3363 1007 Viele, die in Lissabon ochen Wochen oder gar Monate lang gewartet haben, auf
504 992 3321 1079 ein Visum oder einen Schiffsplatz, – Solche, denen das Geld ausging, und die
504 1064 3324 1148 von der Polizei in Gewahrsam genommen wurden, – Andere, die als Flüchtlinge
498 1138 3208 1222 nach Portugal kamen, und nach einem Ausweg suchend, sich jetzt zufällig
504 1210 3387 1294 an die afrikanischen Küsten verschlagen lassen,  – für sie ist Lissabon keine
507 1283 3384 1368 gute Erinnerung, und sie waren wohl froh, als die Schiffstaue gelost wurden.
507 1351 3136 1433 Für Andere wieder war der Augenblick schwer, als die weisse Wand des
489 1428 3238 1509 Dampfers sich plötzlich, unmerklich, von der Quaimauer entfernte, – zuerst
489 1497 3214 1583 nur einen Schritt, man konnte, über die Reeling gebeugt, den Freunden am
495 1568 3300 1667 Ufer noch etwas zurufen, ihre Augen noch erkennen, – dann verschwanden sie,
498 1643 3169 1733 ein Gesicht in einer schwarzen, dicht gedrängten Menschenmasse, welche
504 1714 3286 1804 winkte und rief. Dann wurde der kleine Quai aufgeschluckt in der grossen
486 1792 3351 1882 Linie der Quais von Lissabon, wir glitten langsam, langsam den breiten Tejo
495 1867 3244 1948 hinunter, und die Stadt, in der man soeben noch gelebt hatte,lag nun vor
489 1935 3103 2025 uns in der Abendsonne wie ein Bild, glänzend und schon unerreichbar, –
483 2015 3241 2096 Dann kamen die grünen Hügel, die Windmühlen, die weissen Häuser von Esto¬
489 2081 3360 2173 ril, – die Bucht von Cascais,und die Dunkelheit bedeckte gnädig die letzten
480 2147 2256 2234 Ufer Europas, um uns den Abschied zu ersparen.\:p\
489 2229 3244 2317 \p\Und seither also verlor die Frage ihre Bedeutung, wo wir uns eigentlich
492 2297 3345 2385 befanden. Mag es denn Funchal sein, wo wir nächstens anlegen, oder schon die
495 2369 3342 2463 Cap Verdischen Inseln, mag es bis zum nächsten Halt eine Woche dauern oder
486 2446 3351 2532 mehr, nicht einmal der Kapitan weiss den genauen Fahrplan voraus. Und viele
486 2520 3384 2607 Passagiere wissen ihren Bestimmungsort nicht. Einige wollen nur irgendwo in
480 2589 3271 2673 Sicherheit sein, und nehmen ihre Kinder mit nach dem Kongo oder der Süd¬
483 2668 3309 2749 afrikanischen Union, wie sie früher mit ihnen in die Schweizer Berge oder
483 2736 3306 2824 an einen holländischen Badeort gereist waren. Andere wollen um jeden Pr[gap][ei]s
480 2807 3277 2900 dorthin gelangen, wo heute gekämpft wird.Sie werden notigenfalls auf der
480 2881 3265 2968 nächsten Insel in einen Fischerkahn umsteigen, oder auch vier Wochen auf
477 2953 3309 3043 dem Schiff bleiben, und sie schlafen im stickigen Massenlager der dritten
483 3028 3232 3117 Klasse. Noch Andere wollen nach Hongkong, nach Japan, nach Australien, und
483 3105 3262 3180 hoffen, in Lourenco Marques ein holländisches Schiff zu finden. Die Welt¬
477 3174 3232 3261 karte, die im Salon auf einen riesigen Spiegel aufgemalt ist, wird jetzt
477 3243 3163 3329 eine sehr deutliche, greifbare Vorstellung, obwohl wir uns, mit unserem
474 3317 3300 3404 winzigen Schiff, in welcher einsamen Verlorenheit dem Hand der Kontinente
483 3392 1110 3452 entlang bewegen.\:p\
1295 3613 2202 3685 (Vor Madeira, 19. Mai 41)
