<?xml version="1.0" encoding="UTF-8"?>
<validation-wrapper>
   <PcGts xmlns="http://schema.primaresearch.org/PAGE/gts/pagecontent/2013-07-15">
      <Metadata>
         <Creator>prov=READ-COOP:name=TrHtr:version=2.24.0:model_id=51170:date=26_02_2025_09:39</Creator>
         <Created>2025-02-25T21:36:49.663+01:00</Created>
         <LastChange>2026-03-05T12:31:14.980+01:00</LastChange>
         <TranskribusMetadata docId="7111071"
                              pageId="92269112"
                              pageNr="1"
                              status="IN_PROGRESS"
                              userId="295818"
                              imgUrl="https://files.transkribus.eu/Get?fileType=view&amp;id=CNXLXHHDFYQPZCMKNDFSJHPO"
                              imageId="77042777"/>
      </Metadata>
      <Page imageFilename="smallform_0480_001.jpg"
            imageWidth="3735"
            imageHeight="5669">
         <TextRegion id="r" custom="readingOrder {index:0;}">
            <Coords points="81,3757 827,3757 827,4947 81,4947"/>
            <TextLine id="r_tl_1" custom="readingOrder {index:0;}">
               <Coords points="171,3856 723,3843 724,3788 172,3790"/>
               <Baseline points="176,3836 188,3836 232,3836 277,3836 322,3836 367,3833 411,3833 456,3833 501,3830 546,3830 591,3830 635,3827 680,3827 725,3830"/>
               <TextEquiv>
                  <Unicode>Heimfahrt aus Amerika</Unicode>
               </TextEquiv>
            </TextLine>
            <TextLine id="r_tl_2" custom="readingOrder {index:1;}">
               <Coords points="168,3891 747,3892 815,3881 816,3846 495,3845 435,3870 168,3854"/>
               <Baseline points="173,3886 191,3883 235,3886 280,3886 325,3886 370,3886 414,3883 459,3883 504,3880 549,3880 594,3880 638,3877 683,3877 728,3877 773,3874 817,3874 827,3886"/>
               <TextEquiv>
                  <Unicode>\p\Annemarie \g\Clarac\:g\-\g\Schwarzenbach\:g\, die</Unicode>
               </TextEquiv>
            </TextLine>
            <TextLine id="r_tl_3" custom="readingOrder {index:2;}">
               <Coords points="141,3924 773,3925 825,3916 826,3882 141,3892"/>
               <Baseline points="146,3913 191,3916 235,3916 280,3916 325,3916 370,3916 414,3916 459,3913 504,3913 549,3910 594,3910 638,3910 683,3907 728,3904 773,3904 817,3907 827,3915"/>
               <TextEquiv>
                  <Unicode>unsern Lesern durch ihre Berichte von vielen</Unicode>
               </TextEquiv>
            </TextLine>
            <TextLine id="r_tl_4" custom="readingOrder {index:3;}">
               <Coords points="141,3960 798,3944 798,3912 349,3939 142,3925"/>
               <Baseline points="146,3946 173,3946 217,3946 262,3946 307,3946 352,3946 397,3946 441,3943 486,3943 531,3943 576,3940 620,3940 665,3937 710,3937 755,3934 800,3937"/>
               <TextEquiv>
                  <Unicode>Fahrten nach allen Kontinenten bekannt ist,</Unicode>
               </TextEquiv>
            </TextLine>
            <TextLine id="r_tl_5" custom="readingOrder {index:4;}">
               <Coords points="144,3985 793,3982 825,3979 826,3949 144,3962"/>
               <Baseline points="149,3976 185,3976 229,3976 274,3976 319,3976 364,3976 408,3976 453,3973 498,3973 543,3973 588,3970 632,3970 677,3967 722,3967 767,3967 811,3967 827,3966"/>
               <TextEquiv>
                  <Unicode>fuhr zu Anfang Mitte des letzten Jahres nach</Unicode>
               </TextEquiv>
            </TextLine>
            <TextLine id="r_tl_6" custom="readingOrder {index:5;}">
               <Coords points="141,4015 826,4006 826,3980 747,3973 142,3987"/>
               <Baseline points="146,4006 149,4006 194,4006 238,4006 283,4009 328,4006 373,4009 417,4006 462,4003 507,4003 552,4003 597,4000 641,4000 686,3997 731,3997 776,3997 820,3994 827,3993"/>
               <TextEquiv>
                  <Unicode>Amerika, um dort, wie sie meinte, einen neuen</Unicode>
               </TextEquiv>
            </TextLine>
            <TextLine id="r_tl_7" custom="readingOrder {index:6;}">
               <Coords points="135,4039 712,4043 825,4035 826,4007 135,4016"/>
               <Baseline points="140,4036 152,4036 197,4036 241,4036 286,4036 331,4039 376,4036 420,4036 465,4036 510,4033 555,4033 600,4030 644,4030 689,4027 734,4027 779,4027 823,4027 827,4025"/>
               <TextEquiv>
                  <Unicode>Boden für ihre Tätigkeit zu finden. Aber die</Unicode>
               </TextEquiv>
            </TextLine>
            <TextLine id="r_tl_8" custom="readingOrder {index:7;}">
               <Coords points="141,4069 228,4088 825,4065 825,4035 686,4028 418,4059 141,4040"/>
               <Baseline points="146,4065 152,4065 197,4065 241,4065 286,4068 331,4068 376,4065 420,4065 465,4065 510,4062 555,4062 600,4059 644,4059 689,4059 734,4056 779,4056 823,4056 827,4055"/>
               <TextEquiv>
                  <Unicode>Europasehnsucht – große Ausnahme in unserer</Unicode>
               </TextEquiv>
            </TextLine>
            <TextLine id="r_tl_9" custom="readingOrder {index:8;}">
               <Coords points="138,4104 797,4102 825,4096 826,4065 226,4090 138,4069"/>
               <Baseline points="143,4101 152,4101 197,4098 241,4095 286,4098 331,4098 376,4095 420,4095 465,4095 510,4095 555,4092 600,4089 644,4089 689,4089 734,4086 779,4086 823,4086 827,4086"/>
               <TextEquiv>
                  <Unicode>Zeit – ließ sie des Arbeitens nicht recht froh</Unicode>
               </TextEquiv>
            </TextLine>
            <TextLine id="r_tl_10" custom="readingOrder {index:9;}">
               <Coords points="144,4134 759,4133 825,4124 826,4096 144,4109"/>
               <Baseline points="149,4125 152,4125 197,4128 241,4128 286,4128 331,4128 376,4128 420,4125 465,4125 510,4125 555,4122 600,4119 644,4119 689,4119 734,4116 779,4116 823,4116 827,4115"/>
               <TextEquiv>
                  <Unicode>werden und so hat sie nun den Weg, den heute</Unicode>
               </TextEquiv>
            </TextLine>
            <TextLine id="r_tl_11" custom="readingOrder {index:10;}">
               <Coords points="141,4165 788,4161 816,4126 141,4137"/>
               <Baseline points="146,4155 191,4158 235,4158 280,4158 325,4158 370,4158 414,4158 459,4155 504,4155 549,4155 594,4152 638,4149 683,4149 728,4146 773,4146 817,4143"/>
               <TextEquiv>
                  <Unicode>Tausende gezwungen suchen, freiwillig in umge¬</Unicode>
               </TextEquiv>
            </TextLine>
            <TextLine id="r_tl_12" custom="readingOrder {index:11;}">
               <Coords points="144,4194 755,4195 811,4184 812,4155 145,4162"/>
               <Baseline points="149,4185 188,4185 232,4188 277,4188 322,4188 367,4188 411,4188 456,4188 501,4185 546,4185 591,4182 635,4179 680,4179 725,4176 770,4176 814,4179"/>
               <TextEquiv>
                  <Unicode>kehrter Richtung gemacht, um in die Schweiz</Unicode>
               </TextEquiv>
            </TextLine>
            <TextLine id="r_tl_13" custom="readingOrder {index:12;}">
               <Coords points="135,4223 664,4227 825,4218 826,4192 135,4195"/>
               <Baseline points="140,4215 146,4215 191,4218 235,4218 280,4221 325,4221 370,4218 414,4218 459,4215 504,4215 549,4212 594,4212 638,4209 683,4209 728,4206 773,4206 817,4206 827,4205"/>
               <TextEquiv>
                  <Unicode>heimzukehren. Von ihren Betrachtungen wäh¬</Unicode>
               </TextEquiv>
            </TextLine>
            <TextLine id="r_tl_14" custom="readingOrder {index:13;}">
               <Coords points="141,4254 752,4254 825,4250 826,4218 141,4232"/>
               <Baseline points="146,4245 188,4248 232,4251 277,4248 322,4251 367,4248 411,4248 456,4245 501,4245 546,4242 591,4242 635,4242 680,4239 725,4236 770,4236 814,4236 827,4233"/>
               <TextEquiv>
                  <Unicode>rend einer langen Ueberfahrt sei hier eine Probe</Unicode>
               </TextEquiv>
            </TextLine>
            <TextLine id="r_tl_15" custom="readingOrder {index:14;}">
               <Coords points="141,4283 773,4282 825,4271 826,4250 142,4260"/>
               <Baseline points="146,4280 152,4280 197,4277 241,4277 286,4280 331,4277 376,4277 420,4277 465,4277 510,4274 555,4274 600,4271 644,4271 689,4268 734,4265 779,4265 823,4265 827,4264"/>
               <TextEquiv>
                  <Unicode>gegeben. Ergebnisse ihrer Erfahrungen in Por¬</Unicode>
               </TextEquiv>
            </TextLine>
            <TextLine id="r_tl_16" custom="readingOrder {index:15;}">
               <Coords points="140,4315 825,4314 823,4271 141,4286"/>
               <Baseline points="146,4307 188,4310 232,4310 277,4310 322,4310 367,4310 411,4310 456,4307 501,4307 546,4304 591,4304 635,4301 680,4301 725,4301 770,4298 814,4295 827,4293"/>
               <TextEquiv>
                  <Unicode>tugal und Spanien werden vielleicht folgen.\:p\</Unicode>
               </TextEquiv>
            </TextLine>
            <TextLine id="l" custom="readingOrder {index:16;}">
               <Coords points="742,4336 799,4333 798,4303 741,4306"/>
               <Baseline points="742,4336 799,4333"/>
               <TextEquiv>
                  <Unicode>– oe –</Unicode>
               </TextEquiv>
            </TextLine>
            <TextLine id="r_tl_17" custom="readingOrder {index:17;}">
               <Coords points="338,4414 749,4406 792,4425 793,4368 761,4363 501,4381 390,4359 339,4376"/>
               <Baseline points="343,4406 346,4406 391,4406 435,4406 480,4403 525,4403 570,4403 614,4400 659,4397 704,4397 749,4397 794,4400"/>
               <TextEquiv>
                  <Unicode>An Bord der "S. S. Siboney",</Unicode>
               </TextEquiv>
            </TextLine>
            <TextLine id="r_tl_18" custom="readingOrder {index:18;}">
               <Coords points="331,4461 414,4468 447,4455 485,4465 536,4448 563,4457 583,4445 606,4457 651,4447 644,4406 555,4427 536,4412 434,4429 389,4414 370,4423 333,4415"/>
               <Baseline points="337,4445 340,4448 385,4445 429,4445 474,4442 519,4442 564,4439 608,4439 653,4436"/>
               <TextEquiv>
                  <Unicode>im Vorfrühling 1941.</Unicode>
               </TextEquiv>
            </TextLine>
            <TextLine id="r_tl_19" custom="readingOrder {index:19;}">
               <Coords points="111,4488 514,4506 796,4492 825,4486 826,4456 112,4456"/>
               <Baseline points="116,4486 146,4486 191,4489 235,4489 280,4489 325,4489 370,4489 414,4486 459,4486 504,4486 549,4483 594,4483 638,4480 683,4477 728,4474 773,4477 817,4474 827,4472"/>
               <TextEquiv>
                  <Unicode>\p\Manchmal bricht auf unserm Dampfer die Lange¬</Unicode>
               </TextEquiv>
            </TextLine>
            <TextLine id="r_tl_20" custom="readingOrder {index:20;}">
               <Coords points="110,4520 372,4541 825,4519 808,4484 295,4511 111,4491"/>
               <Baseline points="116,4516 152,4519 197,4519 241,4522 286,4522 331,4522 376,4519 420,4519 465,4519 510,4516 555,4516 600,4513 644,4510 689,4510 734,4507 779,4507 823,4507 827,4506"/>
               <TextEquiv>
                  <Unicode>weile aus wie eine ansteckende Krankheit. Es ist als</Unicode>
               </TextEquiv>
            </TextLine>
            <TextLine id="r_tl_21" custom="readingOrder {index:21;}">
               <Coords points="102,4553 700,4556 814,4546 815,4519 369,4541 103,4517"/>
               <Baseline points="107,4546 146,4546 191,4549 235,4549 280,4549 325,4552 370,4549 414,4549 459,4549 504,4546 549,4546 594,4543 638,4540 683,4540 728,4537 773,4537 817,4537"/>
               <TextEquiv>
                  <Unicode>spüre plötzlich jeder Passagier, \g\wie\:g\ langsam das</Unicode>
               </TextEquiv>
            </TextLine>
            <TextLine id="r_tl_22" custom="readingOrder {index:22;}">
               <Coords points="99,4583 825,4577 803,4544 99,4553"/>
               <Baseline points="104,4573 149,4576 194,4579 238,4582 283,4582 328,4582 373,4579 417,4579 462,4579 507,4576 552,4576 597,4573 641,4570 686,4570 731,4567 776,4567 820,4570 827,4568"/>
               <TextEquiv>
                  <Unicode>kleine Schiff sich durch den Atlantik ostwärts kämpft.</Unicode>
               </TextEquiv>
            </TextLine>
            <TextLine id="r_tl_23" custom="readingOrder {index:23;}">
               <Coords points="99,4604 276,4629 815,4614 826,4578 432,4598 99,4580"/>
               <Baseline points="104,4603 107,4603 152,4606 197,4612 241,4612 286,4612 331,4612 376,4612 420,4612 465,4609 510,4609 555,4606 600,4603 644,4603 689,4600 734,4597 779,4597 823,4597 827,4596"/>
               <TextEquiv>
                  <Unicode>An einem Samstag sind wir aus \g\New York\:g\ aus¬</Unicode>
               </TextEquiv>
            </TextLine>
            <TextLine id="r_tl_24" custom="readingOrder {index:24;}">
               <Coords points="102,4642 824,4646 825,4613 759,4598 478,4626 103,4618"/>
               <Baseline points="107,4639 143,4639 188,4642 232,4642 277,4642 322,4642 367,4642 411,4642 456,4639 501,4639 546,4636 591,4633 635,4633 680,4630 725,4630 770,4630 814,4627 827,4623"/>
               <TextEquiv>
                  <Unicode>gefahren. Am folgenden Samstag waren die Azo¬</Unicode>
               </TextEquiv>
            </TextLine>
            <TextLine id="r_tl_25" custom="readingOrder {index:25;}">
               <Coords points="102,4668 516,4684 801,4669 827,4645 303,4662 103,4643"/>
               <Baseline points="107,4662 146,4668 191,4668 235,4671 280,4671 325,4671 370,4671 414,4671 459,4668 504,4668 549,4665 594,4662 638,4662 683,4659 728,4659 773,4656 817,4659 827,4667"/>
               <TextEquiv>
                  <Unicode>ren noch nicht einmal in Sicht. Man hat uns an¬</Unicode>
               </TextEquiv>
            </TextLine>
            <TextLine id="r_tl_26" custom="readingOrder {index:26;}">
               <Coords points="99,4708 787,4703 824,4695 825,4662 481,4691 100,4669"/>
               <Baseline points="104,4692 116,4692 161,4698 205,4701 250,4701 295,4704 340,4701 385,4701 429,4701 474,4698 519,4698 564,4692 608,4692 653,4692 698,4689 743,4686 788,4686 827,4684"/>
               <TextEquiv>
                  <Unicode>fangs versichert, wir würden am Montag in Lissabon</Unicode>
               </TextEquiv>
            </TextLine>
            <TextLine id="r_tl_27" custom="readingOrder {index:27;}">
               <Coords points="96,4735 701,4738 825,4724 826,4695 533,4720 96,4710"/>
               <Baseline points="101,4722 146,4728 191,4731 235,4731 280,4731 325,4731 370,4731 414,4731 459,4728 504,4728 549,4725 594,4722 638,4722 683,4719 728,4719 773,4716 817,4716 827,4723"/>
               <TextEquiv>
                  <Unicode>eintreffen. Aber das Fähnchen auf der Landkarte</Unicode>
               </TextEquiv>
            </TextLine>
            <TextLine id="r_tl_28" custom="readingOrder {index:28;}">
               <Coords points="99,4762 489,4782 824,4761 825,4724 533,4727 447,4752 100,4733"/>
               <Baseline points="104,4752 107,4755 152,4758 197,4761 241,4764 286,4761 331,4761 376,4761 420,4761 465,4758 510,4755 555,4755 600,4755 644,4752 689,4749 734,4749 779,4746 823,4749 827,4751"/>
               <TextEquiv>
                  <Unicode>neben dem Purser-Office rückt so langsam vor, daß</Unicode>
               </TextEquiv>
            </TextLine>
            <TextLine id="r_tl_29" custom="readingOrder {index:29;}">
               <Coords points="93,4783 305,4810 736,4798 815,4788 816,4758 495,4782 93,4760"/>
               <Baseline points="98,4782 143,4788 188,4791 232,4794 277,4794 322,4791 367,4791 411,4791 456,4791 501,4788 546,4785 591,4785 635,4782 680,4782 725,4779 770,4779 814,4782 817,4782"/>
               <TextEquiv>
                  <Unicode>ein Wunder geschehen müßte, um diese Prophezeiung</Unicode>
               </TextEquiv>
            </TextLine>
            <TextLine id="r_tl_30" custom="readingOrder {index:30;}">
               <Coords points="102,4816 519,4834 795,4821 819,4789 317,4811 102,4793"/>
               <Baseline points="107,4812 149,4818 194,4821 238,4824 283,4824 328,4824 373,4821 417,4821 462,4821 507,4818 552,4815 597,4812 641,4812 686,4809 731,4809 776,4809 820,4806"/>
               <TextEquiv>
                  <Unicode>wahr zu machen. Jetzt verlieren wir auch Zeit wegen</Unicode>
               </TextEquiv>
            </TextLine>
            <TextLine id="r_tl_31" custom="readingOrder {index:31;}">
               <Coords points="98,4856 825,4851 825,4816 765,4813 99,4822"/>
               <Baseline points="104,4845 146,4848 191,4851 235,4851 280,4851 325,4854 370,4854 414,4851 459,4851 504,4848 549,4845 594,4845 638,4842 683,4839 728,4839 773,4836 817,4839 827,4838"/>
               <TextEquiv>
                  <Unicode>des starken Wellengangs, der das Schiff beständig</Unicode>
               </TextEquiv>
            </TextLine>
            <TextLine id="r_tl_32" custom="readingOrder {index:32;}">
               <Coords points="102,4880 453,4903 825,4873 795,4844 103,4859"/>
               <Baseline points="107,4871 119,4874 164,4877 208,4880 253,4883 298,4883 343,4880 388,4883 432,4880 477,4877 522,4877 567,4874 611,4874 656,4871 701,4868 746,4868 791,4868 827,4866"/>
               <TextEquiv>
                  <Unicode>aus seiner Bahn wirft. Auf \g\Bermuda\:g\ verloren</Unicode>
               </TextEquiv>
            </TextLine>
            <TextLine id="r_tl_33" custom="readingOrder {index:33;}">
               <Coords points="104,4916 352,4936 530,4908 653,4932 825,4906 798,4873 325,4905 105,4884"/>
               <Baseline points="110,4907 134,4910 179,4910 223,4913 268,4916 313,4916 358,4916 403,4913 447,4913 492,4910 537,4907 582,4907 626,4904 671,4904 716,4901 761,4898 806,4898 827,4897"/>
               <TextEquiv>
                  <Unicode>wir 24 Stunden wegen der britischen Kontrolle.</Unicode>
               </TextEquiv>
            </TextLine>
            <TextEquiv>
               <Unicode/>
            </TextEquiv>
         </TextRegion>
         <TextRegion id="r_6" custom="readingOrder {index:1;}">
            <Coords points="837,3758 1596,3758 1596,4926 837,4926"/>
            <TextLine id="r_6_tl_1" custom="readingOrder {index:0;}">
               <Coords points="842,3788 1594,3781 1594,3750 842,3757"/>
               <Baseline points="847,3779 868,3779 913,3779 958,3779 1003,3779 1047,3776 1092,3776 1137,3776 1182,3773 1226,3773 1271,3773 1316,3773 1361,3773 1406,3773 1450,3770 1495,3770 1540,3770 1585,3770 1596,3770"/>
               <TextEquiv>
                  <Unicode>Einige Passagiere hatten dort ihren unfreiwilligen</Unicode>
               </TextEquiv>
            </TextLine>
            <TextLine id="r_6_tl_2" custom="readingOrder {index:1;}">
               <Coords points="839,3821 1548,3815 1594,3811 1595,3782 839,3790"/>
               <Baseline points="844,3812 871,3812 916,3809 961,3809 1006,3809 1050,3809 1095,3806 1140,3806 1185,3806 1229,3803 1274,3803 1319,3803 1364,3803 1409,3800 1453,3800 1498,3800 1543,3800 1588,3800 1596,3800"/>
               <TextEquiv>
                  <Unicode>Landurlaub zu einem Rundgang durch die Lokale</Unicode>
               </TextEquiv>
            </TextLine>
            <TextLine id="r_6_tl_3" custom="readingOrder {index:2;}">
               <Coords points="839,3849 1550,3846 1539,3809 839,3822"/>
               <Baseline points="844,3842 880,3842 925,3839 970,3839 1014,3839 1059,3839 1104,3836 1149,3836 1194,3836 1238,3833 1283,3836 1328,3833 1373,3833 1417,3833 1462,3833 1507,3833 1579,3831"/>
               <TextEquiv>
                  <Unicode>des Städtchens Hamilton benützt, und sich dabei so</Unicode>
               </TextEquiv>
            </TextLine>
            <TextLine id="r_6_tl_4" custom="readingOrder {index:3;}">
               <Coords points="850,3886 1595,3869 1561,3837 851,3852"/>
               <Baseline points="856,3874 871,3871 916,3868 961,3868 1006,3868 1050,3868 1095,3865 1140,3865 1185,3865 1229,3865 1274,3862 1319,3862 1364,3859 1409,3862 1453,3862 1498,3862 1543,3859 1588,3862 1596,3861"/>
               <TextEquiv>
                  <Unicode>gut unterhalten, daß sie in letzter Minute und in</Unicode>
               </TextEquiv>
            </TextLine>
            <TextLine id="r_6_tl_5" custom="readingOrder {index:4;}">
               <Coords points="832,3910 1594,3907 1594,3875 832,3878"/>
               <Baseline points="837,3899 838,3901 877,3901 922,3898 967,3898 1012,3898 1056,3898 1101,3895 1146,3895 1191,3895 1235,3895 1280,3892 1325,3892 1370,3892 1415,3892 1459,3889 1504,3892 1549,3892 1594,3892 1596,3892"/>
               <TextEquiv>
                  <Unicode>unbeschreiblichem Zustand von freundlichen Polizisten</Unicode>
               </TextEquiv>
            </TextLine>
            <TextLine id="r_6_tl_6" custom="readingOrder {index:5;}">
               <Coords points="831,3929 941,3950 1593,3936 1569,3898 832,3912"/>
               <Baseline points="837,3924 844,3931 871,3931 916,3931 961,3928 1006,3928 1050,3928 1095,3928 1140,3925 1185,3925 1229,3922 1274,3922 1319,3922 1364,3922 1409,3922 1453,3922 1498,3922 1543,3922 1588,3922 1596,3922"/>
               <TextEquiv>
                  <Unicode>an Bord zurückgebracht werden mußten. Nachher setz¬</Unicode>
               </TextEquiv>
            </TextLine>
            <TextLine id="r_6_tl_7" custom="readingOrder {index:6;}">
               <Coords points="831,3973 1594,3967 1594,3937 832,3953"/>
               <Baseline points="837,3965 844,3964 874,3961 919,3961 964,3958 1009,3958 1053,3958 1098,3955 1143,3955 1188,3955 1232,3955 1277,3955 1322,3952 1367,3952 1412,3952 1456,3952 1501,3949 1546,3952 1591,3952 1596,3952"/>
               <TextEquiv>
                  <Unicode>ten sie uns auseinander, daß "diese Briten auf Ber¬</Unicode>
               </TextEquiv>
            </TextLine>
            <TextLine id="r_6_tl_8" custom="readingOrder {index:7;}">
               <Coords points="832,3997 1574,3995 1566,3958 832,3976"/>
               <Baseline points="837,3992 844,3991 859,3991 904,3991 949,3988 994,3991 1038,3988 1083,3985 1128,3985 1173,3985 1217,3985 1262,3985 1307,3982 1352,3982 1397,3982 1441,3982 1486,3982 1531,3982 1576,3985"/>
               <TextEquiv>
                  <Unicode>muda weißgott ihren eigenen, schottischen Whisky</Unicode>
               </TextEquiv>
            </TextLine>
            <TextLine id="r_6_tl_9" custom="readingOrder {index:8;}">
               <Coords points="832,4022 1594,4019 1575,3989 833,3993"/>
               <Baseline points="837,4021 838,4021 868,4021 913,4021 958,4018 1003,4018 1047,4018 1092,4015 1137,4015 1182,4015 1226,4015 1271,4012 1316,4012 1361,4012 1406,4012 1450,4012 1495,4012 1540,4012 1585,4012 1596,4012"/>
               <TextEquiv>
                  <Unicode>teurer verkaufen als in den United States", und</Unicode>
               </TextEquiv>
            </TextLine>
            <TextLine id="r_6_tl_10" custom="readingOrder {index:9;}">
               <Coords points="832,4054 1594,4054 1594,4027 832,4036"/>
               <Baseline points="837,4051 844,4048 871,4048 916,4050 961,4048 1006,4048 1050,4048 1095,4048 1140,4045 1185,4045 1229,4045 1274,4042 1319,4042 1364,4042 1409,4042 1453,4042 1498,4042 1543,4042 1588,4039 1596,4039"/>
               <TextEquiv>
                  <Unicode>daß es dort keinen Tropfen Trinkwasser und keine</Unicode>
               </TextEquiv>
            </TextLine>
            <TextLine id="r_6_tl_11" custom="readingOrder {index:10;}">
               <Coords points="832,4096 1594,4082 1576,4048 832,4066"/>
               <Baseline points="837,4083 847,4080 871,4080 916,4080 961,4077 1006,4077 1050,4077 1095,4077 1140,4074 1185,4074 1229,4074 1274,4074 1319,4074 1364,4071 1409,4071 1453,4071 1498,4071 1543,4071 1588,4074 1596,4074"/>
               <TextEquiv>
                  <Unicode>Gallone Benzin gebe, nichts als unverdünnten Al¬</Unicode>
               </TextEquiv>
            </TextLine>
            <TextLine id="r_6_tl_12" custom="readingOrder {index:11;}">
               <Coords points="832,4115 1236,4117 1236,4086 935,4097 874,4087 832,4105"/>
               <Baseline points="837,4111 838,4110 880,4110 925,4107 970,4107 1014,4104 1059,4104 1104,4104 1149,4104 1194,4104 1238,4107"/>
               <TextEquiv>
                  <Unicode>kohol und Pferdedroschken“.\:p\</Unicode>
               </TextEquiv>
            </TextLine>
            <TextLine id="r_6_tl_13" custom="readingOrder {index:12;}">
               <Coords points="875,4150 1579,4147 1595,4115 875,4119"/>
               <Baseline points="880,4139 928,4140 973,4137 1017,4137 1062,4137 1107,4134 1152,4134 1197,4134 1241,4134 1286,4131 1331,4131 1376,4131 1420,4131 1465,4131 1510,4131 1555,4131 1596,4131"/>
               <TextEquiv>
                  <Unicode>\p\Wenn an Bord die Langeweile ausbricht, tut man</Unicode>
               </TextEquiv>
            </TextLine>
            <TextLine id="r_6_tl_14" custom="readingOrder {index:13;}">
               <Coords points="851,4180 1595,4172 1595,4142 851,4151"/>
               <Baseline points="856,4170 868,4170 913,4167 958,4170 1003,4170 1047,4167 1092,4167 1137,4164 1182,4164 1226,4164 1271,4164 1316,4164 1361,4161 1406,4161 1450,4161 1495,4161 1540,4164 1585,4164 1596,4163"/>
               <TextEquiv>
                  <Unicode>gut daran, sich von den am stärksten betroffenen</Unicode>
               </TextEquiv>
            </TextLine>
            <TextLine id="r_6_tl_15" custom="readingOrder {index:14;}">
               <Coords points="832,4206 1594,4206 1594,4172 832,4182"/>
               <Baseline points="837,4204 847,4203 871,4200 916,4200 961,4200 1006,4197 1050,4197 1095,4194 1140,4194 1185,4194 1229,4194 1274,4191 1319,4194 1364,4191 1409,4194 1453,4194 1498,4191 1543,4191 1588,4191 1596,4191"/>
               <TextEquiv>
                  <Unicode>Personen fern zu halten. Ich war froh, als ich von</Unicode>
               </TextEquiv>
            </TextLine>
            <TextLine id="r_6_tl_16" custom="readingOrder {index:15;}">
               <Coords points="832,4251 1541,4237 1593,4229 1594,4202 833,4218"/>
               <Baseline points="837,4231 844,4230 868,4230 913,4227 958,4230 1003,4227 1047,4227 1092,4227 1137,4224 1182,4224 1226,4224 1271,4224 1316,4224 1361,4221 1406,4224 1450,4221 1495,4221 1540,4221 1585,4224 1596,4222"/>
               <TextEquiv>
                  <Unicode>ein paar Amerikanern aufgefordert wurde, in ihrer</Unicode>
               </TextEquiv>
            </TextLine>
            <TextLine id="r_6_tl_17" custom="readingOrder {index:16;}">
               <Coords points="832,4268 1594,4262 1574,4227 832,4247"/>
               <Baseline points="837,4260 838,4259 859,4259 904,4259 949,4259 994,4256 1038,4256 1083,4253 1128,4253 1173,4253 1217,4253 1262,4253 1307,4253 1352,4253 1397,4251 1441,4253 1486,4253 1531,4251 1576,4251 1596,4249"/>
               <TextEquiv>
                  <Unicode>Kabine ein Glas Cognak mit ihnen zu trinken. Es</Unicode>
               </TextEquiv>
            </TextLine>
            <TextLine id="r_6_tl_18" custom="readingOrder {index:17;}">
               <Coords points="832,4292 1480,4297 1571,4289 1572,4262 832,4266"/>
               <Baseline points="837,4291 844,4289 856,4289 901,4289 946,4289 991,4286 1035,4286 1080,4286 1125,4283 1170,4283 1214,4283 1259,4283 1304,4283 1349,4283 1394,4283 1438,4280 1483,4280 1528,4280 1573,4280"/>
               <TextEquiv>
                  <Unicode>war kein Geheimnis, daß diese jungen Männer Of¬</Unicode>
               </TextEquiv>
            </TextLine>
            <TextLine id="r_6_tl_19" custom="readingOrder {index:18;}">
               <Coords points="854,4328 1581,4327 1595,4290 854,4297"/>
               <Baseline points="859,4322 877,4319 922,4319 967,4319 1012,4316 1056,4316 1101,4316 1146,4313 1191,4313 1235,4313 1280,4313 1325,4313 1370,4310 1415,4313 1459,4310 1504,4313 1549,4310 1594,4310 1596,4310"/>
               <TextEquiv>
                  <Unicode>fiziere, der amerikanischen Armee waren, die sich</Unicode>
               </TextEquiv>
            </TextLine>
            <TextLine id="r_6_tl_20" custom="readingOrder {index:19;}">
               <Coords points="844,4362 1594,4351 1594,4323 1545,4318 845,4329"/>
               <Baseline points="850,4352 874,4349 919,4349 964,4349 1009,4346 1053,4346 1098,4346 1143,4343 1188,4343 1232,4343 1277,4343 1322,4340 1367,4340 1412,4340 1456,4340 1501,4340 1546,4340 1591,4340 1596,4340"/>
               <TextEquiv>
                  <Unicode>freiwillig gemeldet hatten, um als Beobachter den</Unicode>
               </TextEquiv>
            </TextLine>
            <TextLine id="r_6_tl_21" custom="readingOrder {index:20;}">
               <Coords points="838,4395 1594,4381 1571,4348 839,4358"/>
               <Baseline points="844,4379 874,4379 919,4379 964,4376 1009,4376 1053,4376 1098,4376 1143,4373 1188,4373 1232,4373 1277,4373 1322,4373 1367,4373 1412,4370 1456,4370 1501,4370 1546,4370 1591,4370 1596,4370"/>
               <TextEquiv>
                  <Unicode>britischen Truppen zugeteilt zu werden – wo und</Unicode>
               </TextEquiv>
            </TextLine>
            <TextLine id="r_6_tl_22" custom="readingOrder {index:21;}">
               <Coords points="839,4413 1593,4414 1594,4381 840,4394"/>
               <Baseline points="844,4409 880,4409 925,4409 970,4406 1014,4406 1059,4406 1104,4406 1149,4403 1194,4403 1238,4403 1283,4403 1328,4403 1373,4400 1417,4400 1462,4400 1507,4400 1552,4400 1596,4400"/>
               <TextEquiv>
                  <Unicode>auf welchem Kriegsschauplatz wußten sie wohl selber</Unicode>
               </TextEquiv>
            </TextLine>
            <TextLine id="r_6_tl_23" custom="readingOrder {index:22;}">
               <Coords points="839,4448 1541,4447 1593,4442 1594,4415 839,4426"/>
               <Baseline points="844,4439 868,4439 913,4439 958,4436 1003,4436 1047,4436 1092,4433 1137,4433 1182,4433 1226,4433 1271,4433 1316,4433 1361,4433 1406,4433 1450,4433 1495,4433 1540,4430 1585,4430 1596,4429"/>
               <TextEquiv>
                  <Unicode>nicht, jedenfalls wurde darüber nie gesprochen. Ver¬</Unicode>
               </TextEquiv>
            </TextLine>
            <TextLine id="r_6_tl_24" custom="readingOrder {index:23;}">
               <Coords points="832,4484 1593,4478 1594,4443 833,4448"/>
               <Baseline points="837,4470 844,4468 877,4468 922,4468 967,4465 1012,4465 1056,4465 1101,4465 1146,4465 1191,4462 1235,4462 1280,4462 1325,4462 1370,4462 1415,4462 1459,4459 1504,4459 1549,4462 1594,4459 1596,4460"/>
               <TextEquiv>
                  <Unicode>mutlich hatten sie ihre Technik, mit der Langeweile</Unicode>
               </TextEquiv>
            </TextLine>
            <TextLine id="r_6_tl_25" custom="readingOrder {index:24;}">
               <Coords points="832,4512 1594,4502 1594,4479 1369,4463 832,4484"/>
               <Baseline points="837,4503 850,4498 865,4498 910,4498 955,4498 1000,4495 1044,4495 1089,4495 1134,4495 1179,4492 1223,4492 1268,4492 1313,4492 1358,4492 1403,4492 1447,4492 1492,4489 1537,4492 1582,4492 1596,4491"/>
               <TextEquiv>
                  <Unicode>fertig zu werden, in ihren Dienstjahren erworben.</Unicode>
               </TextEquiv>
            </TextLine>
            <TextLine id="r_6_tl_26" custom="readingOrder {index:25;}">
               <Coords points="860,4539 1533,4540 1594,4528 1595,4506 861,4509"/>
               <Baseline points="865,4528 868,4528 913,4528 958,4525 1003,4525 1047,4525 1092,4525 1137,4525 1182,4522 1226,4522 1271,4522 1316,4522 1361,4522 1406,4522 1450,4519 1495,4519 1540,4519 1585,4519 1596,4519"/>
               <TextEquiv>
                  <Unicode>Ich habe bei anderen Gelegenheiten, etwa während</Unicode>
               </TextEquiv>
            </TextLine>
            <TextLine id="r_6_tl_27" custom="readingOrder {index:26;}">
               <Coords points="832,4570 1586,4560 1576,4527 832,4528"/>
               <Baseline points="837,4565 850,4561 871,4558 916,4558 961,4555 1006,4555 1050,4555 1095,4555 1140,4555 1185,4552 1229,4552 1274,4552 1319,4552 1364,4549 1409,4549 1453,4552 1498,4549 1543,4552 1588,4552"/>
               <TextEquiv>
                  <Unicode>Regenwochen in irgendeinem öden Wüstenstrich, sel¬</Unicode>
               </TextEquiv>
            </TextLine>
            <TextLine id="r_6_tl_28" custom="readingOrder {index:27;}">
               <Coords points="831,4605 1594,4591 1594,4557 832,4569"/>
               <Baseline points="837,4593 844,4591 868,4588 913,4585 958,4585 1003,4585 1047,4585 1092,4585 1137,4585 1182,4582 1226,4582 1271,4582 1316,4582 1361,4582 1406,4582 1450,4579 1495,4582 1540,4579 1585,4582 1596,4583"/>
               <TextEquiv>
                  <Unicode>ber die Erfahrung gemacht, wie erfinderisch man in</Unicode>
               </TextEquiv>
            </TextLine>
            <TextLine id="r_6_tl_29" custom="readingOrder {index:28;}">
               <Coords points="832,4637 1594,4619 1594,4595 832,4600"/>
               <Baseline points="837,4620 844,4618 868,4618 913,4615 958,4615 1003,4615 1047,4615 1092,4615 1137,4612 1182,4612 1226,4612 1271,4612 1316,4612 1361,4612 1406,4612 1450,4612 1495,4609 1540,4612 1585,4609 1596,4611"/>
               <TextEquiv>
                  <Unicode>der Not wird, und wie man die eigenen Quellen</Unicode>
               </TextEquiv>
            </TextLine>
            <TextLine id="r_6_tl_30" custom="readingOrder {index:29;}">
               <Coords points="839,4658 1583,4649 1583,4619 839,4625"/>
               <Baseline points="844,4651 868,4648 913,4645 958,4645 1003,4645 1047,4645 1092,4645 1137,4642 1182,4642 1226,4642 1271,4642 1316,4642 1361,4642 1406,4642 1450,4642 1495,4639 1540,4642 1585,4639"/>
               <TextEquiv>
                  <Unicode>der Phantasie und Interessengebiete entdeckt. Und</Unicode>
               </TextEquiv>
            </TextLine>
            <TextLine id="r_6_tl_31" custom="readingOrder {index:30;}">
               <Coords points="832,4680 1585,4688 1595,4650 832,4670"/>
               <Baseline points="837,4676 838,4677 865,4677 910,4677 955,4677 1000,4674 1044,4674 1089,4674 1134,4671 1179,4671 1223,4671 1268,4671 1313,4671 1358,4671 1403,4671 1447,4668 1492,4671 1537,4671 1582,4671 1596,4674"/>
               <TextEquiv>
                  <Unicode>auf dem Dampfer gab es für uns, die wir nicht viel</Unicode>
               </TextEquiv>
            </TextLine>
            <TextLine id="r_6_tl_32" custom="readingOrder {index:31;}">
               <Coords points="831,4709 1562,4718 1581,4685 832,4680"/>
               <Baseline points="837,4689 853,4710 865,4707 910,4704 955,4707 1000,4704 1044,4704 1089,4704 1134,4704 1179,4701 1223,4701 1268,4701 1313,4701 1358,4701 1403,4701 1447,4701 1492,4698 1537,4698 1582,4701 1596,4724"/>
               <TextEquiv>
                  <Unicode>mehr über unsere Zukunft wußten, als daß Lissa¬</Unicode>
               </TextEquiv>
            </TextLine>
            <TextLine id="r_6_tl_33" custom="readingOrder {index:32;}">
               <Coords points="831,4750 1564,4744 1581,4717 832,4715"/>
               <Baseline points="837,4731 844,4737 865,4737 910,4737 955,4734 1000,4734 1044,4734 1089,4731 1134,4731 1179,4731 1223,4731 1268,4731 1313,4731 1358,4731 1403,4731 1447,4731 1492,4731 1537,4731 1582,4731"/>
               <TextEquiv>
                  <Unicode>bon die erste Station unserer Reise sein würde na¬</Unicode>
               </TextEquiv>
            </TextLine>
            <TextLine id="r_6_tl_34" custom="readingOrder {index:33;}">
               <Coords points="832,4764 872,4781 1110,4771 1248,4783 1248,4739 832,4751"/>
               <Baseline points="837,4759 847,4767 892,4767 937,4764 982,4767 1026,4764 1071,4764 1116,4764 1161,4764 1206,4764 1250,4764"/>
               <TextEquiv>
                  <Unicode>türlich Gesprächsstoff genug.\:p\</Unicode>
               </TextEquiv>
            </TextLine>
            <TextLine id="r_6_tl_35" custom="readingOrder {index:34;}">
               <Coords points="863,4812 1587,4813 1595,4783 864,4778"/>
               <Baseline points="868,4806 877,4806 922,4806 967,4803 1012,4800 1056,4803 1101,4800 1146,4800 1191,4800 1235,4797 1280,4800 1325,4797 1370,4797 1415,4797 1459,4797 1504,4797 1549,4800 1594,4797 1596,4797"/>
               <TextEquiv>
                  <Unicode>\p\Zum Beispiel interessierte sich jeder für Landkarten</Unicode>
               </TextEquiv>
            </TextLine>
            <TextLine id="r_6_tl_36" custom="readingOrder {index:35;}">
               <Coords points="832,4853 1559,4845 1595,4814 832,4826"/>
               <Baseline points="837,4837 850,4836 877,4833 922,4833 967,4833 1012,4833 1056,4833 1101,4830 1146,4830 1191,4830 1235,4830 1280,4830 1325,4830 1370,4827 1415,4827 1459,4830 1504,4830 1549,4827 1594,4830 1596,4832"/>
               <TextEquiv>
                  <Unicode>im allgemeinen und für strategische Orientierungen</Unicode>
               </TextEquiv>
            </TextLine>
            <TextLine id="r_6_tl_37" custom="readingOrder {index:36;}">
               <Coords points="832,4871 1534,4877 1581,4869 1582,4837 832,4857"/>
               <Baseline points="837,4865 844,4862 865,4862 910,4862 955,4862 1000,4859 1044,4859 1089,4859 1134,4859 1179,4859 1223,4859 1268,4859 1313,4859 1358,4859 1403,4857 1447,4857 1492,4857 1537,4857 1582,4857"/>
               <TextEquiv>
                  <Unicode>im besonderen. Wir unterhielten uns über wichtige</Unicode>
               </TextEquiv>
            </TextLine>
            <TextLine id="r_6_tl_38" custom="readingOrder {index:37;}">
               <Coords points="832,4906 1463,4915 1593,4905 1594,4873 833,4867"/>
               <Baseline points="837,4896 850,4895 895,4895 940,4895 985,4892 1029,4892 1074,4892 1119,4892 1164,4892 1209,4892 1253,4889 1298,4889 1343,4889 1388,4892 1432,4889 1477,4889 1522,4892 1567,4889 1596,4887"/>
               <TextEquiv>
                  <Unicode>britische Luftbasen, wie etwa das Fliegerlager Hi¬</Unicode>
               </TextEquiv>
            </TextLine>
            <TextEquiv>
               <Unicode/>
            </TextEquiv>
         </TextRegion>
         <TextRegion id="r_7" custom="readingOrder {index:2;}">
            <Coords points="1612,3749 2366,3749 2366,4900 1612,4900"/>
            <TextLine id="r_7_tl_1" custom="readingOrder {index:0;}">
               <Coords points="1607,3779 2203,3769 2364,3793 2364,3747 2261,3738 1607,3752"/>
               <Baseline points="1612,3770 1629,3770 1674,3770 1719,3767 1764,3767 1809,3770 1853,3767 1898,3767 1943,3767 1988,3767 2032,3767 2077,3767 2122,3767 2167,3767 2212,3767 2256,3767 2301,3767 2346,3767 2366,3766"/>
               <TextEquiv>
                  <Unicode>naidi bei Bagdad in Irak, das wie eine Oase eng¬</Unicode>
               </TextEquiv>
            </TextLine>
            <TextLine id="r_7_tl_2" custom="readingOrder {index:1;}">
               <Coords points="1607,3813 2364,3818 2364,3792 2295,3774 1607,3778"/>
               <Baseline points="1612,3800 1626,3800 1671,3800 1716,3800 1761,3800 1806,3797 1850,3800 1895,3800 1940,3800 1985,3800 2029,3797 2074,3797 2119,3797 2164,3797 2209,3797 2253,3797 2298,3797 2343,3797 2366,3799"/>
               <TextEquiv>
                  <Unicode>lischen Lebens mitten in der Wüste liegt. Diejenigen</Unicode>
               </TextEquiv>
            </TextLine>
            <TextLine id="r_7_tl_3" custom="readingOrder {index:2;}">
               <Coords points="1607,3841 2364,3825 2013,3799 1608,3814"/>
               <Baseline points="1612,3830 1615,3830 1659,3830 1704,3830 1749,3830 1794,3830 1838,3830 1883,3827 1928,3827 1973,3827 2018,3827 2062,3827 2107,3827 2152,3827 2197,3827 2241,3827 2286,3827 2331,3827 2366,3824"/>
               <TextEquiv>
                  <Unicode>welche den Nahen Osten nicht kannten, hatten sich</Unicode>
               </TextEquiv>
            </TextLine>
            <TextLine id="r_7_tl_4" custom="readingOrder {index:3;}">
               <Coords points="1607,3869 2364,3876 2364,3844 2301,3828 1607,3843"/>
               <Baseline points="1612,3859 1647,3859 1692,3859 1737,3859 1782,3859 1826,3859 1871,3859 1916,3859 1961,3859 2006,3856 2050,3856 2095,3856 2140,3856 2185,3856 2229,3856 2274,3856 2319,3859 2349,3859 2366,3856"/>
               <TextEquiv>
                  <Unicode>vorgestellt, es gebe in Hinaidi kaum etwas zu essen,</Unicode>
               </TextEquiv>
            </TextLine>
            <TextLine id="r_7_tl_5" custom="readingOrder {index:4;}">
               <Coords points="1607,3902 2364,3891 2275,3859 2208,3880 1607,3869"/>
               <Baseline points="1612,3891 1629,3889 1674,3889 1719,3889 1764,3889 1809,3889 1853,3889 1898,3886 1943,3889 1988,3889 2032,3886 2077,3889 2122,3886 2167,3886 2212,3886 2256,3886 2301,3886 2346,3886 2366,3886"/>
               <TextEquiv>
                  <Unicode>außer Datteln und Hammelfleisch, und nichts zu</Unicode>
               </TextEquiv>
            </TextLine>
            <TextLine id="r_7_tl_6" custom="readingOrder {index:5;}">
               <Coords points="1607,3934 2364,3923 2364,3891 1607,3903"/>
               <Baseline points="1612,3921 1632,3919 1677,3919 1722,3919 1767,3919 1812,3919 1856,3919 1901,3919 1946,3919 1991,3919 2035,3919 2080,3916 2125,3916 2170,3916 2215,3916 2259,3916 2304,3916 2349,3916 2366,3916"/>
               <TextEquiv>
                  <Unicode>trinken außer Kamelmilch, man lebe in Baracken</Unicode>
               </TextEquiv>
            </TextLine>
            <TextLine id="r_7_tl_7" custom="readingOrder {index:6;}">
               <Coords points="1607,3962 2364,3951 2364,3929 1607,3934"/>
               <Baseline points="1612,3952 1635,3952 1680,3952 1725,3949 1770,3949 1815,3949 1859,3949 1904,3949 1949,3949 1994,3946 2038,3946 2083,3946 2128,3946 2173,3946 2218,3946 2262,3946 2307,3946 2352,3946 2366,3943"/>
               <TextEquiv>
                  <Unicode>oder Zelten, wasche sich nie – und die Hitze sei das</Unicode>
               </TextEquiv>
            </TextLine>
            <TextLine id="r_7_tl_8" custom="readingOrder {index:7;}">
               <Coords points="1617,3992 2364,3980 2343,3956 2168,3952 1618,3963"/>
               <Baseline points="1623,3982 1626,3979 1671,3979 1716,3979 1761,3979 1806,3979 1850,3979 1895,3979 1940,3979 1985,3979 2029,3979 2074,3979 2119,3976 2164,3976 2209,3976 2253,3976 2298,3976 2343,3979 2366,3973"/>
               <TextEquiv>
                  <Unicode>ganze Jahr hindurch unerträglich. Sie waren er¬</Unicode>
               </TextEquiv>
            </TextLine>
            <TextLine id="r_7_tl_9" custom="readingOrder {index:8;}">
               <Coords points="1607,4025 2364,4023 2308,3984 1607,3992"/>
               <Baseline points="1612,4011 1626,4009 1671,4009 1716,4009 1761,4009 1806,4009 1850,4009 1895,4009 1940,4009 1985,4009 2029,4009 2074,4006 2119,4006 2164,4006 2209,4006 2253,4006 2298,4006 2343,4006 2366,4006"/>
               <TextEquiv>
                  <Unicode>staunt, als ich von Kaminfeuern an kalten Winter¬</Unicode>
               </TextEquiv>
            </TextLine>
            <TextLine id="r_7_tl_10" custom="readingOrder {index:9;}">
               <Coords points="1607,4053 2364,4049 2327,4012 1607,4024"/>
               <Baseline points="1612,4039 1647,4039 1692,4039 1737,4039 1782,4039 1826,4039 1871,4042 1916,4039 1961,4039 2006,4036 2050,4039 2095,4036 2140,4036 2185,4039 2229,4036 2274,4036 2319,4036 2346,4039 2366,4035"/>
               <TextEquiv>
                  <Unicode>abenden, von Tee, heißen Muffins und Cocktails</Unicode>
               </TextEquiv>
            </TextLine>
            <TextLine id="r_7_tl_11" custom="readingOrder {index:10;}">
               <Coords points="1607,4082 2331,4079 2365,4051 1608,4054"/>
               <Baseline points="1612,4073 1632,4071 1677,4068 1722,4071 1767,4068 1812,4068 1856,4068 1901,4068 1946,4068 1991,4068 2035,4068 2080,4065 2125,4065 2170,4065 2215,4065 2259,4062 2304,4065 2349,4065 2366,4065"/>
               <TextEquiv>
                  <Unicode>erzählte, und von Schakaljagden hinter einer Meute</Unicode>
               </TextEquiv>
            </TextLine>
            <TextLine id="r_7_tl_12" custom="readingOrder {index:11;}">
               <Coords points="1607,4108 2364,4100 2306,4073 1607,4082"/>
               <Baseline points="1612,4101 1629,4101 1674,4098 1719,4098 1764,4101 1809,4098 1853,4101 1898,4098 1943,4098 1988,4098 2032,4098 2077,4098 2122,4095 2167,4098 2212,4098 2256,4095 2301,4095 2346,4098 2366,4096"/>
               <TextEquiv>
                  <Unicode>von vierundzwanzig aus England mitgebrachten</Unicode>
               </TextEquiv>
            </TextLine>
            <TextLine id="r_7_tl_13" custom="readingOrder {index:12;}">
               <Coords points="1607,4148 2364,4137 2331,4104 1607,4106"/>
               <Baseline points="1612,4131 1644,4131 1689,4131 1734,4128 1779,4131 1823,4128 1868,4128 1913,4128 1958,4128 2003,4128 2047,4128 2092,4128 2137,4125 2182,4125 2227,4128 2271,4128 2316,4128 2337,4125 2366,4125"/>
               <TextEquiv>
                  <Unicode>Jagdhunden. – Dann stellten wir uns die Frage,</Unicode>
               </TextEquiv>
            </TextLine>
            <TextLine id="r_7_tl_14" custom="readingOrder {index:13;}">
               <Coords points="1607,4168 2364,4168 2341,4134 2193,4128 1607,4148"/>
               <Baseline points="1612,4162 1629,4161 1674,4158 1719,4161 1764,4161 1809,4161 1853,4161 1898,4158 1943,4158 1988,4158 2032,4158 2077,4158 2122,4158 2167,4155 2212,4155 2256,4158 2301,4158 2346,4155 2366,4155"/>
               <TextEquiv>
                  <Unicode>wie wir es anstellen würden, von Lissabon nach</Unicode>
               </TextEquiv>
            </TextLine>
            <TextLine id="r_7_tl_15" custom="readingOrder {index:14;}">
               <Coords points="1607,4208 2364,4195 2364,4167 1607,4171"/>
               <Baseline points="1612,4191 1632,4191 1677,4191 1722,4191 1767,4191 1812,4188 1856,4188 1901,4188 1946,4188 1991,4188 2035,4185 2080,4185 2125,4185 2170,4185 2215,4185 2259,4185 2304,4185 2349,4185 2366,4185"/>
               <TextEquiv>
                  <Unicode>Kairo zu gelangen. Ich sagte, daß ich mir auf der</Unicode>
               </TextEquiv>
            </TextLine>
            <TextLine id="r_7_tl_16" custom="readingOrder {index:15;}">
               <Coords points="1607,4235 2364,4232 2365,4205 2040,4186 1608,4206"/>
               <Baseline points="1612,4220 1632,4218 1677,4218 1722,4221 1767,4218 1812,4221 1856,4221 1901,4218 1946,4218 1991,4218 2035,4218 2080,4218 2125,4218 2170,4215 2215,4215 2259,4215 2304,4215 2349,4215 2366,4215"/>
               <TextEquiv>
                  <Unicode>englischen Gesandtschaft in Lissabon ein Visum über</Unicode>
               </TextEquiv>
            </TextLine>
            <TextLine id="r_7_tl_17" custom="readingOrder {index:16;}">
               <Coords points="1607,4265 2338,4258 2338,4227 1607,4233"/>
               <Baseline points="1612,4248 1653,4251 1698,4248 1743,4248 1788,4248 1832,4248 1877,4248 1922,4248 1967,4248 2012,4248 2056,4248 2101,4248 2146,4245 2191,4245 2235,4245 2280,4245 2325,4248 2340,4248"/>
               <TextEquiv>
                  <Unicode>\g\Gibraltar\:g\ ausstellen lassen würde. Und dann?</Unicode>
               </TextEquiv>
            </TextLine>
            <TextLine id="r_7_tl_18" custom="readingOrder {index:17;}">
               <Coords points="1618,4288 2364,4286 2364,4259 1618,4261"/>
               <Baseline points="1623,4277 1668,4280 1713,4277 1758,4277 1803,4280 1847,4277 1892,4277 1937,4277 1982,4277 2026,4277 2071,4277 2116,4274 2161,4277 2206,4274 2250,4274 2295,4277 2340,4277 2352,4277 2366,4276"/>
               <TextEquiv>
                  <Unicode>– Das Weitere würde sich finden. Denn der Felsen</Unicode>
               </TextEquiv>
            </TextLine>
            <TextLine id="r_7_tl_19" custom="readingOrder {index:18;}">
               <Coords points="1607,4315 2364,4313 2364,4287 2253,4281 1607,4286"/>
               <Baseline points="1612,4308 1632,4310 1677,4307 1722,4307 1767,4307 1812,4307 1856,4307 1901,4307 1946,4307 1991,4307 2035,4307 2080,4307 2125,4307 2170,4307 2215,4307 2259,4307 2304,4304 2349,4304 2366,4304"/>
               <TextEquiv>
                  <Unicode>von Gibraltar beherrsche das Mittelmeer, und das</Unicode>
               </TextEquiv>
            </TextLine>
            <TextLine id="r_7_tl_20" custom="readingOrder {index:19;}">
               <Coords points="1607,4349 2364,4341 2364,4307 1607,4315"/>
               <Baseline points="1612,4340 1635,4340 1680,4340 1725,4340 1770,4337 1815,4340 1859,4337 1904,4337 1949,4337 1994,4337 2038,4337 2083,4337 2128,4337 2173,4337 2218,4337 2262,4337 2307,4337 2352,4337 2366,4336"/>
               <TextEquiv>
                  <Unicode>afrikanische Ufer sei dort so nahe, daß man es mit</Unicode>
               </TextEquiv>
            </TextLine>
            <TextLine id="r_7_tl_21" custom="readingOrder {index:20;}">
               <Coords points="1607,4380 2364,4373 2364,4342 1607,4350"/>
               <Baseline points="1612,4370 1620,4370 1665,4370 1710,4370 1755,4370 1800,4370 1844,4367 1889,4367 1934,4367 1979,4367 2024,4367 2068,4367 2113,4364 2158,4364 2203,4364 2247,4364 2292,4367 2337,4367 2366,4365"/>
               <TextEquiv>
                  <Unicode>der ausgestreckten Hand beinahe berühren könne ...</Unicode>
               </TextEquiv>
            </TextLine>
            <TextLine id="r_7_tl_22" custom="readingOrder {index:21;}">
               <Coords points="1607,4405 2364,4404 2343,4375 2226,4368 1607,4381"/>
               <Baseline points="1612,4397 1653,4397 1698,4400 1743,4400 1788,4400 1832,4397 1877,4400 1922,4400 1967,4397 2012,4397 2056,4397 2101,4397 2146,4394 2191,4397 2235,4397 2280,4397 2325,4397 2340,4397 2366,4394"/>
               <TextEquiv>
                  <Unicode>Aber ich wußte natürlich, daß die Engländer in</Unicode>
               </TextEquiv>
            </TextLine>
            <TextLine id="r_7_tl_23" custom="readingOrder {index:22;}">
               <Coords points="1607,4442 2364,4442 2364,4405 1607,4413"/>
               <Baseline points="1612,4427 1618,4427 1662,4430 1707,4430 1752,4430 1797,4430 1841,4430 1886,4427 1931,4427 1976,4427 2021,4427 2065,4427 2110,4427 2155,4424 2200,4427 2244,4424 2289,4424 2334,4427 2340,4427 2366,4422"/>
               <TextEquiv>
                  <Unicode>Gibraltar nur die Aus- und Einfahrt der Schiffe</Unicode>
               </TextEquiv>
            </TextLine>
            <TextLine id="r_7_tl_24" custom="readingOrder {index:23;}">
               <Coords points="1607,4468 2364,4470 2364,4441 2328,4433 1607,4442"/>
               <Baseline points="1612,4461 1623,4459 1668,4456 1713,4459 1758,4459 1803,4459 1847,4459 1892,4459 1937,4456 1982,4456 2026,4456 2071,4456 2116,4456 2161,4454 2206,4456 2250,4454 2295,4456 2340,4459 2366,4455"/>
               <TextEquiv>
                  <Unicode>nach dem Mittelmeer kontrollieren können, nicht</Unicode>
               </TextEquiv>
            </TextLine>
            <TextLine id="r_7_tl_25" custom="readingOrder {index:24;}">
               <Coords points="1607,4498 2364,4513 2345,4464 1607,4469"/>
               <Baseline points="1612,4490 1615,4489 1626,4489 1671,4486 1716,4489 1761,4489 1806,4486 1850,4489 1895,4486 1940,4489 1985,4486 2029,4486 2074,4486 2119,4486 2164,4486 2209,4486 2253,4486 2298,4486 2343,4483 2364,4486 2366,4486"/>
               <TextEquiv>
                  <Unicode>aber die Flugzeuge – und nicht, was im Mittelmeer</Unicode>
               </TextEquiv>
            </TextLine>
            <TextLine id="r_7_tl_26" custom="readingOrder {index:25;}">
               <Coords points="1607,4540 1729,4535 1748,4524 1792,4538 1869,4534 1869,4507 1845,4497 1796,4508 1774,4496 1748,4512 1728,4495 1694,4504 1682,4496 1607,4498"/>
               <Baseline points="1612,4519 1615,4519 1659,4519 1704,4519 1749,4519 1794,4519 1838,4519 1871,4519"/>
               <TextEquiv>
                  <Unicode>selbst sich abspielt.\:p\</Unicode>
               </TextEquiv>
            </TextLine>
            <TextLine id="r_7_tl_27" custom="readingOrder {index:26;}">
               <Coords points="1633,4566 2364,4568 2344,4524 2219,4515 1633,4537"/>
               <Baseline points="1638,4558 1668,4555 1713,4555 1758,4555 1803,4555 1847,4555 1892,4555 1937,4555 1982,4555 2026,4552 2071,4552 2116,4552 2161,4549 2206,4552 2250,4552 2295,4552 2340,4552 2366,4546"/>
               <TextEquiv>
                  <Unicode>\p\Im Mai des vergangenen Jahres hielt ich mich</Unicode>
               </TextEquiv>
            </TextLine>
            <TextLine id="r_7_tl_28" custom="readingOrder {index:27;}">
               <Coords points="1607,4593 2344,4598 2342,4560 1607,4559"/>
               <Baseline points="1612,4584 1629,4585 1674,4585 1719,4585 1764,4585 1809,4585 1853,4585 1898,4585 1943,4585 1988,4585 2032,4585 2077,4582 2122,4582 2167,4582 2212,4582 2256,4582 2301,4582 2346,4585 2366,4607"/>
               <TextEquiv>
                  <Unicode>ein paar Stunden im Hafen von Gibraltar auf,</Unicode>
               </TextEquiv>
            </TextLine>
            <TextLine id="r_7_tl_29" custom="readingOrder {index:28;}">
               <Coords points="1607,4635 2344,4621 2344,4598 1607,4601"/>
               <Baseline points="1612,4615 1612,4615 1629,4615 1674,4615 1719,4615 1764,4615 1809,4615 1853,4615 1898,4615 1943,4615 1988,4615 2032,4615 2077,4615 2122,4612 2167,4612 2212,4612 2256,4612 2301,4615 2346,4612"/>
               <TextEquiv>
                  <Unicode>während die britischen Beamten unsern Dampfer</Unicode>
               </TextEquiv>
            </TextLine>
            <TextLine id="r_7_tl_30" custom="readingOrder {index:29;}">
               <Coords points="1633,4657 2353,4659 2365,4631 1634,4624"/>
               <Baseline points="1638,4645 1662,4645 1707,4645 1752,4645 1797,4645 1841,4645 1886,4645 1931,4645 1976,4645 2021,4645 2065,4645 2110,4642 2155,4642 2200,4642 2244,4642 2289,4642 2334,4642 2366,4639"/>
               <TextEquiv>
                  <Unicode>"Manhattan" examinierten, der von Genua nach</Unicode>
               </TextEquiv>
            </TextLine>
            <TextLine id="r_7_tl_31" custom="readingOrder {index:30;}">
               <Coords points="1607,4683 2364,4686 2364,4660 2292,4647 1683,4661 1607,4639"/>
               <Baseline points="1612,4676 1618,4677 1641,4674 1686,4674 1731,4674 1776,4674 1821,4674 1865,4674 1910,4674 1955,4674 2000,4674 2044,4674 2089,4671 2134,4671 2179,4671 2224,4671 2268,4671 2313,4671 2358,4671 2366,4670"/>
               <TextEquiv>
                  <Unicode>New York unterwegs war. Damals waren die klas¬</Unicode>
               </TextEquiv>
            </TextLine>
            <TextLine id="r_7_tl_33" custom="readingOrder {index:31;}">
               <Coords points="1618,4714 2364,4717 2342,4680 1618,4686"/>
               <Baseline points="1623,4707 1635,4704 1680,4704 1725,4704 1770,4704 1815,4707 1859,4707 1904,4704 1949,4704 1994,4704 2038,4701 2083,4701 2128,4701 2173,4701 2218,4701 2262,4701 2307,4701 2352,4701 2366,4701"/>
               <TextEquiv>
                  <Unicode>sischen Mittelmeerwege dem Verkehr noch offen und</Unicode>
               </TextEquiv>
            </TextLine>
            <TextLine id="r_7_tl_32" custom="readingOrder {index:32;}">
               <Coords points="1607,4744 2364,4734 2294,4704 1607,4722"/>
               <Baseline points="1612,4732 1644,4734 1689,4734 1734,4734 1779,4734 1823,4734 1868,4734 1913,4734 1958,4734 2003,4734 2047,4734 2092,4731 2137,4731 2182,4731 2227,4731 2271,4731 2316,4731 2340,4731 2366,4731"/>
               <TextEquiv>
                  <Unicode>Gibraltar war wie ein altes Wahrzeichen ihrer</Unicode>
               </TextEquiv>
            </TextLine>
            <TextLine id="r_7_tl_34" custom="readingOrder {index:33;}">
               <Coords points="1621,4777 2365,4781 2349,4739 1621,4747"/>
               <Baseline points="1626,4767 1632,4767 1677,4764 1722,4764 1767,4767 1812,4764 1856,4764 1901,4764 1946,4764 1991,4764 2035,4764 2080,4764 2125,4761 2170,4764 2215,4761 2259,4761 2304,4761 2349,4761 2366,4761"/>
               <TextEquiv>
                  <Unicode>Freiheit und Sicherheit. Der in die Enge der zwei</Unicode>
               </TextEquiv>
            </TextLine>
            <TextLine id="r_7_tl_35" custom="readingOrder {index:34;}">
               <Coords points="1607,4804 2364,4804 2343,4771 2216,4766 1607,4777"/>
               <Baseline points="1612,4795 1623,4794 1641,4794 1686,4797 1731,4794 1776,4797 1821,4797 1865,4794 1910,4794 1955,4794 2000,4794 2044,4794 2089,4794 2134,4791 2179,4791 2224,4791 2268,4791 2313,4791 2358,4791 2366,4791"/>
               <TextEquiv>
                  <Unicode>Welten verbindenden Wasserstraße vorspringende</Unicode>
               </TextEquiv>
            </TextLine>
            <TextLine id="r_7_tl_36" custom="readingOrder {index:35;}">
               <Coords points="1621,4842 2365,4830 2365,4805 1621,4806"/>
               <Baseline points="1626,4827 1632,4827 1677,4827 1722,4824 1767,4824 1812,4827 1856,4827 1901,4824 1946,4824 1991,4824 2035,4824 2080,4824 2125,4824 2170,4824 2215,4824 2259,4821 2304,4824 2349,4821 2366,4821"/>
               <TextEquiv>
                  <Unicode>Felsen mit seinen starken Befestigungen und der ge¬</Unicode>
               </TextEquiv>
            </TextLine>
            <TextLine id="r_7_tl_37" custom="readingOrder {index:36;}">
               <Coords points="1606,4866 2363,4864 2364,4830 1607,4843"/>
               <Baseline points="1612,4850 1615,4854 1629,4857 1674,4854 1719,4854 1764,4857 1809,4854 1853,4857 1898,4854 1943,4854 1988,4854 2032,4854 2077,4854 2122,4854 2167,4854 2212,4851 2256,4851 2301,4851 2346,4851 2366,4853"/>
               <TextEquiv>
                  <Unicode>schützte Hafen voll friedlicher Barken und ruhevoll</Unicode>
               </TextEquiv>
            </TextLine>
            <TextLine id="r_7_tl_38" custom="readingOrder {index:37;}">
               <Coords points="1607,4898 2364,4892 2364,4864 1607,4869"/>
               <Baseline points="1612,4886 1612,4886 1620,4889 1638,4886 1683,4886 1728,4886 1773,4886 1818,4886 1862,4886 1907,4886 1952,4886 1997,4886 2041,4886 2086,4886 2131,4883 2176,4883 2221,4883 2265,4883 2310,4883 2355,4880 2366,4881"/>
               <TextEquiv>
                  <Unicode>schaukelnder Dampfer mit den Fahnen aller Natio¬</Unicode>
               </TextEquiv>
            </TextLine>
            <TextEquiv>
               <Unicode/>
            </TextEquiv>
         </TextRegion>
         <TextRegion id="r_8" custom="readingOrder {index:3;}">
            <Coords points="2377,3750 3135,3750 3135,4910 2377,4910"/>
            <TextLine id="r_8_tl_1" custom="readingOrder {index:0;}">
               <Coords points="2371,3777 3106,3768 3106,3739 3023,3732 2372,3748"/>
               <Baseline points="2377,3765 2391,3764 2435,3764 2480,3761 2525,3764 2570,3761 2615,3764 2659,3761 2704,3761 2749,3761 2794,3761 2838,3761 2883,3761 2928,3761 2973,3758 3018,3761 3062,3761 3107,3758"/>
               <TextEquiv>
                  <Unicode>nen – dieser Anblick war so, wie man sich einen</Unicode>
               </TextEquiv>
            </TextLine>
            <TextLine id="r_8_tl_2" custom="readingOrder {index:1;}">
               <Coords points="2372,3809 3111,3799 3111,3769 2372,3779"/>
               <Baseline points="2377,3800 2379,3800 2397,3797 2441,3794 2486,3794 2531,3794 2576,3794 2621,3794 2665,3791 2710,3791 2755,3791 2800,3791 2844,3791 2889,3791 2934,3791 2979,3791 3024,3791 3068,3791 3113,3788"/>
               <TextEquiv>
                  <Unicode>"historischen Fleck Erde" vorstellt. Im Lauf der letz¬</Unicode>
               </TextEquiv>
            </TextLine>
            <TextLine id="r_8_tl_3" custom="readingOrder {index:2;}">
               <Coords points="2372,3831 3108,3831 3108,3803 2372,3809"/>
               <Baseline points="2377,3824 2394,3824 2438,3824 2483,3824 2528,3821 2573,3824 2618,3824 2662,3821 2707,3821 2752,3824 2797,3824 2841,3824 2886,3821 2931,3821 2976,3821 3021,3821 3065,3818 3110,3821"/>
               <TextEquiv>
                  <Unicode>ten zwölf Monate habe ich englische Kontrollen in</Unicode>
               </TextEquiv>
            </TextLine>
            <TextLine id="r_8_tl_4" custom="readingOrder {index:3;}">
               <Coords points="2371,3868 3107,3864 3108,3832 2372,3833"/>
               <Baseline points="2377,3854 2379,3853 2394,3853 2438,3853 2483,3853 2528,3853 2573,3853 2618,3853 2662,3853 2707,3853 2752,3853 2797,3850 2841,3850 2886,3850 2931,3850 2976,3850 3021,3850 3065,3850 3110,3850"/>
               <TextEquiv>
                  <Unicode>Gibraltar, Aden Bermuda, Suez, und am Khyber</Unicode>
               </TextEquiv>
            </TextLine>
            <TextLine id="r_8_tl_5" custom="readingOrder {index:4;}">
               <Coords points="2371,3894 3108,3889 3088,3857 2372,3868"/>
               <Baseline points="2377,3886 2394,3883 2438,3883 2483,3883 2528,3883 2573,3883 2618,3883 2662,3883 2707,3883 2752,3883 2797,3880 2841,3880 2886,3880 2931,3880 2976,3880 3021,3880 3065,3880 3110,3880"/>
               <TextEquiv>
                  <Unicode>erlebt und immer schien mir, diese wichtigen Punkte</Unicode>
               </TextEquiv>
            </TextLine>
            <TextLine id="r_8_tl_6" custom="readingOrder {index:5;}">
               <Coords points="2371,3930 3108,3921 3100,3888 2372,3894"/>
               <Baseline points="2377,3916 2394,3916 2438,3913 2483,3913 2528,3913 2573,3913 2618,3913 2662,3910 2707,3913 2752,3913 2797,3913 2841,3910 2886,3910 2931,3910 2976,3910 3021,3910 3065,3910 3110,3910"/>
               <TextEquiv>
                  <Unicode>des britischen Reichs gliederten die Weltkarte und</Unicode>
               </TextEquiv>
            </TextLine>
            <TextLine id="r_8_tl_7" custom="readingOrder {index:6;}">
               <Coords points="2372,3952 3111,3952 3099,3917 2372,3929"/>
               <Baseline points="2377,3943 2397,3943 2441,3943 2486,3943 2531,3943 2576,3943 2621,3943 2665,3943 2710,3943 2755,3940 2800,3943 2844,3943 2889,3943 2934,3943 2979,3943 3024,3940 3068,3940 3113,3940"/>
               <TextEquiv>
                  <Unicode>machten sie übersichtlicher, wie die Zentren eines</Unicode>
               </TextEquiv>
            </TextLine>
            <TextLine id="r_8_tl_8" custom="readingOrder {index:7;}">
               <Coords points="2372,3986 3111,3984 3111,3953 2372,3956"/>
               <Baseline points="2377,3973 2397,3973 2441,3973 2486,3973 2531,3976 2576,3973 2621,3973 2665,3973 2710,3973 2755,3973 2800,3970 2844,3973 2889,3970 2934,3970 2979,3970 3024,3970 3068,3970 3113,3970"/>
               <TextEquiv>
                  <Unicode>Nervensystems. Aber es handelte sich nicht aus¬</Unicode>
               </TextEquiv>
            </TextLine>
            <TextLine id="r_8_tl_9" custom="readingOrder {index:8;}">
               <Coords points="2372,4018 3098,4014 3107,3984 2373,3985"/>
               <Baseline points="2377,4005 2391,4003 2435,4006 2480,4006 2525,4003 2570,4003 2615,4003 2659,4000 2704,4003 2749,4003 2794,4003 2838,4000 2883,4003 2928,4000 2973,4000 3018,4000 3062,4000 3107,4000"/>
               <TextEquiv>
                  <Unicode>schließlich um strategische Nervenzentren, sondern um</Unicode>
               </TextEquiv>
            </TextLine>
            <TextLine id="r_8_tl_10" custom="readingOrder {index:9;}">
               <Coords points="2372,4044 3016,4047 3114,4038 3115,4017 2372,4018"/>
               <Baseline points="2377,4033 2400,4036 2444,4036 2489,4036 2534,4036 2579,4036 2624,4033 2668,4033 2713,4033 2758,4033 2803,4033 2847,4030 2892,4030 2937,4033 2982,4030 3027,4030 3071,4030 3116,4030"/>
               <TextEquiv>
                  <Unicode>Kreuzungen und Posten im Netz von Verkehrsstra¬</Unicode>
               </TextEquiv>
            </TextLine>
            <TextLine id="r_8_tl_11" custom="readingOrder {index:10;}">
               <Coords points="2372,4076 3114,4073 3103,4037 2372,4043"/>
               <Baseline points="2377,4065 2379,4065 2400,4065 2444,4062 2489,4062 2534,4062 2579,4062 2624,4062 2668,4062 2713,4062 2758,4062 2803,4062 2847,4059 2892,4059 2937,4062 2982,4062 3027,4059 3071,4059 3116,4059"/>
               <TextEquiv>
                  <Unicode>ßen zu Land, zu Wasser und in der Luft, – fried¬</Unicode>
               </TextEquiv>
            </TextLine>
            <TextLine id="r_8_tl_12" custom="readingOrder {index:11;}">
               <Coords points="2372,4103 3111,4102 3111,4072 2372,4076"/>
               <Baseline points="2377,4095 2397,4092 2441,4095 2486,4095 2531,4095 2576,4092 2621,4095 2665,4092 2710,4092 2755,4092 2800,4092 2844,4089 2889,4092 2934,4092 2979,4089 3024,4089 3068,4089 3113,4089"/>
               <TextEquiv>
                  <Unicode>lichen, teils neuen, teils uralten Adern, welche die</Unicode>
               </TextEquiv>
            </TextLine>
            <TextLine id="r_8_tl_13" custom="readingOrder {index:12;}">
               <Coords points="2372,4132 3108,4133 3083,4097 2372,4104"/>
               <Baseline points="2377,4125 2394,4122 2438,4122 2483,4122 2528,4122 2573,4122 2618,4122 2662,4122 2707,4122 2752,4122 2797,4122 2841,4122 2886,4122 2931,4122 2976,4122 3021,4122 3065,4119 3110,4119"/>
               <TextEquiv>
                  <Unicode>Völker des Erdballs einander näher bringen. So</Unicode>
               </TextEquiv>
            </TextLine>
            <TextLine id="r_8_tl_14" custom="readingOrder {index:13;}">
               <Coords points="2372,4164 3111,4161 3111,4130 2372,4139"/>
               <Baseline points="2377,4155 2397,4155 2441,4152 2486,4152 2531,4152 2576,4152 2621,4152 2665,4152 2710,4152 2755,4152 2800,4152 2844,4152 2889,4152 2934,4149 2979,4152 3024,4149 3068,4149 3113,4149"/>
               <TextEquiv>
                  <Unicode>wie Gibraltar den Verkehr zwischen dem Mittelmeer</Unicode>
               </TextEquiv>
            </TextLine>
            <TextLine id="r_8_tl_15" custom="readingOrder {index:14;}">
               <Coords points="2372,4195 3108,4198 3098,4158 2372,4170"/>
               <Baseline points="2377,4185 2394,4185 2438,4185 2483,4185 2528,4182 2573,4185 2618,4185 2662,4182 2707,4182 2752,4182 2797,4182 2841,4182 2886,4182 2931,4182 2976,4182 3021,4182 3065,4182 3110,4185"/>
               <TextEquiv>
                  <Unicode>und dem Atlantik, so beherrscht Aden den Zugang</Unicode>
               </TextEquiv>
            </TextLine>
            <TextLine id="r_8_tl_16" custom="readingOrder {index:15;}">
               <Coords points="2372,4225 3108,4220 3093,4191 2995,4185 2372,4197"/>
               <Baseline points="2377,4215 2394,4215 2438,4215 2483,4215 2528,4212 2573,4212 2618,4212 2662,4215 2707,4212 2752,4212 2797,4212 2841,4212 2886,4212 2931,4212 2976,4212 3021,4209 3065,4209 3110,4209"/>
               <TextEquiv>
                  <Unicode>vom Roten Meer zum Indischen Ozean, und Singa¬</Unicode>
               </TextEquiv>
            </TextLine>
            <TextLine id="r_8_tl_17" custom="readingOrder {index:16;}">
               <Coords points="2380,4253 3111,4248 3098,4219 3042,4216 2380,4223"/>
               <Baseline points="2385,4245 2397,4245 2441,4242 2486,4242 2531,4245 2576,4245 2621,4242 2665,4242 2710,4242 2755,4242 2800,4242 2844,4242 2889,4242 2934,4242 2979,4242 3024,4239 3068,4242 3113,4239"/>
               <TextEquiv>
                  <Unicode>pore die Straßen des Fernen Ostens und des Pazi¬</Unicode>
               </TextEquiv>
            </TextLine>
            <TextLine id="r_8_tl_18" custom="readingOrder {index:17;}">
               <Coords points="2372,4284 3111,4282 3105,4247 2372,4256"/>
               <Baseline points="2377,4275 2379,4274 2397,4274 2441,4274 2486,4271 2531,4274 2576,4274 2621,4271 2665,4271 2710,4271 2755,4271 2800,4271 2844,4271 2889,4271 2934,4271 2979,4268 3024,4271 3068,4271 3113,4268"/>
               <TextEquiv>
                  <Unicode>fik nach Indien, Suez und Europa. Ich bin während</Unicode>
               </TextEquiv>
            </TextLine>
            <TextLine id="r_8_tl_19" custom="readingOrder {index:18;}">
               <Coords points="2372,4312 3091,4314 3109,4280 2372,4284"/>
               <Baseline points="2377,4304 2394,4304 2438,4304 2483,4304 2528,4304 2573,4304 2618,4301 2662,4301 2707,4301 2752,4301 2797,4301 2841,4301 2886,4301 2931,4301 2976,4301 3021,4301 3065,4301 3110,4301"/>
               <TextEquiv>
                  <Unicode>dieses zweiten Weltkriegs ungefährdet vom inneren</Unicode>
               </TextEquiv>
            </TextLine>
            <TextLine id="r_8_tl_20" custom="readingOrder {index:19;}">
               <Coords points="2372,4341 3111,4345 3084,4309 2372,4312"/>
               <Baseline points="2377,4335 2397,4334 2441,4334 2486,4334 2531,4334 2576,4334 2621,4331 2665,4331 2710,4331 2755,4331 2800,4331 2844,4331 2889,4331 2934,4331 2979,4328 3024,4331 3068,4331 3113,4331"/>
               <TextEquiv>
                  <Unicode>Asien uber den Khyber-Paß nach Indien gelangt,</Unicode>
               </TextEquiv>
            </TextLine>
            <TextLine id="r_8_tl_21" custom="readingOrder {index:20;}">
               <Coords points="2372,4371 3111,4375 3097,4340 2983,4335 2372,4346"/>
               <Baseline points="2377,4364 2418,4364 2462,4364 2507,4364 2552,4361 2597,4361 2641,4361 2686,4361 2731,4361 2776,4361 2821,4361 2865,4361 2910,4361 2955,4361 3000,4361 3044,4361 3089,4361 3113,4364"/>
               <TextEquiv>
                  <Unicode>von Bombay durch den Suez-Kanal nach Europa,</Unicode>
               </TextEquiv>
            </TextLine>
            <TextLine id="r_8_tl_22" custom="readingOrder {index:21;}">
               <Coords points="2372,4404 3108,4407 3108,4369 2372,4379"/>
               <Baseline points="2377,4394 2394,4394 2438,4394 2483,4394 2528,4391 2573,4391 2618,4388 2662,4391 2707,4391 2752,4391 2797,4391 2841,4391 2886,4391 2931,4391 2976,4391 3021,4388 3065,4391 3110,4391"/>
               <TextEquiv>
                  <Unicode>von Genua über Gibraltar nach Amerika, – und</Unicode>
               </TextEquiv>
            </TextLine>
            <TextLine id="r_8_tl_23" custom="readingOrder {index:22;}">
               <Coords points="2372,4431 3111,4428 3046,4396 2372,4404"/>
               <Baseline points="2377,4421 2397,4424 2441,4424 2486,4424 2531,4424 2576,4421 2621,4421 2665,4421 2710,4421 2755,4421 2800,4421 2844,4421 2889,4421 2934,4421 2979,4421 3024,4421 3068,4421 3113,4418"/>
               <TextEquiv>
                  <Unicode>kehre jetzt von New York über Bermuda nach Lissa¬</Unicode>
               </TextEquiv>
            </TextLine>
            <TextLine id="r_8_tl_24" custom="readingOrder {index:23;}">
               <Coords points="2372,4461 3111,4461 3111,4428 2372,4430"/>
               <Baseline points="2377,4454 2397,4454 2441,4454 2486,4454 2531,4454 2576,4454 2621,4454 2665,4454 2710,4451 2755,4454 2800,4451 2844,4451 2889,4451 2934,4451 2979,4451 3024,4451 3068,4451 3113,4451"/>
               <TextEquiv>
                  <Unicode>bon zurück. Es liegt nahe, festzustellen, daß diese</Unicode>
               </TextEquiv>
            </TextLine>
            <TextLine id="r_8_tl_25" custom="readingOrder {index:24;}">
               <Coords points="2372,4489 3108,4496 3108,4461 3077,4458 2372,4461"/>
               <Baseline points="2377,4485 2394,4483 2438,4483 2483,4483 2528,4483 2573,4483 2618,4480 2662,4480 2707,4480 2752,4480 2797,4480 2841,4480 2886,4480 2931,4480 2976,4480 3021,4480 3065,4480 3110,4483"/>
               <TextEquiv>
                  <Unicode>Straßen zwischen vier Kontinenten bis heute ihre</Unicode>
               </TextEquiv>
            </TextLine>
            <TextLine id="r_8_tl_26" custom="readingOrder {index:25;}">
               <Coords points="2374,4524 3111,4519 3111,4493 3050,4484 2374,4493"/>
               <Baseline points="2379,4516 2397,4513 2441,4513 2486,4513 2531,4513 2576,4513 2621,4513 2665,4513 2710,4513 2755,4510 2800,4510 2844,4510 2889,4513 2934,4513 2979,4513 3024,4513 3068,4513 3113,4510"/>
               <TextEquiv>
                  <Unicode>Sicherheit dem Wächterdienst des Britischen Welt¬</Unicode>
               </TextEquiv>
            </TextLine>
            <TextLine id="r_8_tl_27" custom="readingOrder {index:26;}">
               <Coords points="2372,4553 2429,4560 2444,4553 2470,4562 2527,4553 2547,4567 2584,4552 2619,4557 2619,4523 2599,4516 2559,4525 2520,4517 2470,4529 2372,4522"/>
               <Baseline points="2377,4543 2421,4543 2465,4543 2510,4543 2555,4543 2600,4543 2621,4546"/>
               <TextEquiv>
                  <Unicode>reichs verdanken.\:p\</Unicode>
               </TextEquiv>
            </TextLine>
            <TextLine id="r_8_tl_28" custom="readingOrder {index:27;}">
               <Coords points="2392,4593 3114,4593 3102,4554 2392,4561"/>
               <Baseline points="2397,4579 2441,4579 2486,4579 2531,4579 2576,4579 2621,4579 2665,4579 2710,4576 2755,4579 2800,4579 2844,4579 2889,4579 2934,4579 2979,4579 3024,4579 3068,4582 3113,4585 3116,4585"/>
               <TextEquiv>
                  <Unicode>\p\Aber wir hatten trotzdem unser kleines Problem</Unicode>
               </TextEquiv>
            </TextLine>
            <TextLine id="r_8_tl_29" custom="readingOrder {index:28;}">
               <Coords points="2372,4620 3111,4619 3111,4593 2372,4595"/>
               <Baseline points="2377,4611 2397,4609 2441,4609 2486,4609 2531,4609 2576,4609 2621,4609 2665,4609 2710,4609 2755,4609 2800,4609 2844,4609 2889,4609 2934,4609 2979,4609 3024,4612 3068,4612 3113,4609"/>
               <TextEquiv>
                  <Unicode>noch nicht gelöst, wie wir von Lissabon nach Aegypt¬</Unicode>
               </TextEquiv>
            </TextLine>
            <TextLine id="r_8_tl_30" custom="readingOrder {index:29;}">
               <Coords points="2372,4650 3114,4654 3114,4620 2372,4620"/>
               <Baseline points="2377,4639 2415,4639 2459,4639 2504,4639 2549,4639 2594,4639 2638,4639 2683,4639 2728,4639 2773,4639 2818,4639 2862,4639 2907,4639 2952,4642 2997,4642 3041,4642 3086,4642 3116,4645"/>
               <TextEquiv>
                  <Unicode>ten reisen würden. Es war, auf der Karte, nur ein</Unicode>
               </TextEquiv>
            </TextLine>
            <TextLine id="r_8_tl_31" custom="readingOrder {index:30;}">
               <Coords points="2372,4682 3111,4683 3111,4653 3060,4647 2372,4650"/>
               <Baseline points="2377,4669 2379,4668 2424,4668 2468,4671 2513,4671 2558,4668 2603,4668 2647,4668 2692,4668 2737,4668 2782,4668 2827,4668 2871,4668 2916,4668 2961,4668 3006,4668 3050,4671 3095,4671 3113,4668"/>
               <TextEquiv>
                  <Unicode>Katzensprung, aber inzwischen hat Gibraltar einen</Unicode>
               </TextEquiv>
            </TextLine>
            <TextLine id="r_8_tl_33" custom="readingOrder {index:31;}">
               <Coords points="2372,4711 3114,4715 3114,4684 3030,4675 2372,4681"/>
               <Baseline points="2377,4701 2418,4701 2462,4698 2507,4698 2552,4698 2597,4698 2641,4695 2686,4698 2731,4698 2776,4698 2821,4698 2865,4701 2910,4698 2955,4701 3000,4701 3044,4701 3089,4701 3116,4704"/>
               <TextEquiv>
                  <Unicode>Teil seiner alten Macht eingebüßt. Sicher könnte</Unicode>
               </TextEquiv>
            </TextLine>
            <TextLine id="r_8_tl_32" custom="readingOrder {index:32;}">
               <Coords points="2372,4741 3114,4740 3114,4714 3015,4706 2372,4709"/>
               <Baseline points="2377,4731 2418,4731 2462,4728 2507,4728 2552,4728 2597,4728 2641,4728 2686,4728 2731,4728 2776,4728 2821,4728 2865,4728 2910,4731 2955,4731 3000,4731 3044,4731 3089,4731 3116,4734"/>
               <TextEquiv>
                  <Unicode>man ohne Schwierigkeit bis Tanger oder Tetuan in</Unicode>
               </TextEquiv>
            </TextLine>
            <TextLine id="r_8_tl_34" custom="readingOrder {index:33;}">
               <Coords points="2372,4769 3091,4776 3113,4741 2371,4741"/>
               <Baseline points="2377,4761 2379,4761 2424,4758 2468,4758 2513,4758 2558,4758 2603,4758 2647,4758 2692,4761 2737,4758 2782,4758 2827,4761 2871,4758 2916,4761 2961,4761 2988,4761 3021,4758 3065,4761 3110,4761 3116,4761"/>
               <TextEquiv>
                  <Unicode>Spanisch-Marokko gelangen. Aber dann? – Auf</Unicode>
               </TextEquiv>
            </TextLine>
            <TextLine id="r_8_tl_35" custom="readingOrder {index:34;}">
               <Coords points="2372,4797 3102,4799 3102,4774 2995,4763 2372,4774"/>
               <Baseline points="2377,4791 2415,4791 2459,4791 2504,4791 2549,4788 2594,4791 2638,4788 2683,4788 2728,4788 2773,4788 2818,4788 2862,4791 2907,4791 2952,4791 2997,4791 3041,4791 3086,4794 3104,4794"/>
               <TextEquiv>
                  <Unicode>einem Schiff das Risiko einer Bombardierung auf</Unicode>
               </TextEquiv>
            </TextLine>
            <TextLine id="r_8_tl_36" custom="readingOrder {index:35;}">
               <Coords points="2372,4832 3108,4832 3080,4801 2372,4800"/>
               <Baseline points="2377,4820 2415,4818 2459,4821 2504,4818 2549,4818 2594,4818 2638,4818 2683,4818 2728,4821 2773,4821 2818,4818 2862,4821 2907,4821 2952,4821 2997,4821 3041,4821 3086,4821 3110,4824"/>
               <TextEquiv>
                  <Unicode>sich nehmen? – Sich verirren in den Wüsten von</Unicode>
               </TextEquiv>
            </TextLine>
            <TextLine id="r_8_tl_37" custom="readingOrder {index:36;}">
               <Coords points="2372,4864 3114,4859 3103,4832 2940,4823 2372,4832"/>
               <Baseline points="2377,4853 2400,4851 2444,4851 2489,4851 2534,4848 2579,4851 2624,4848 2668,4848 2713,4848 2758,4851 2803,4851 2847,4851 2892,4851 2937,4851 2982,4851 3027,4851 3071,4851 3116,4851"/>
               <TextEquiv>
                  <Unicode>Französisch-Marokko oder Italienisch-Lybien? – In¬</Unicode>
               </TextEquiv>
            </TextLine>
            <TextLine id="r_8_tl_38" custom="readingOrder {index:37;}">
               <Coords points="2372,4899 3114,4893 3114,4868 3055,4852 2372,4864"/>
               <Baseline points="2377,4882 2400,4883 2444,4880 2489,4880 2534,4880 2579,4880 2624,4880 2668,4880 2713,4880 2758,4880 2803,4880 2847,4883 2892,4883 2937,4883 2982,4883 3027,4883 3071,4883 3116,4886"/>
               <TextEquiv>
                  <Unicode>terniert werden von Schwarzhemden oder Fremden¬\fml\\:p\</Unicode>
               </TextEquiv>
            </TextLine>
            <TextEquiv>
               <Unicode/>
            </TextEquiv>
         </TextRegion>
      </Page>
   </PcGts>
   <PcGts xmlns="http://schema.primaresearch.org/PAGE/gts/pagecontent/2013-07-15">
      <Metadata>
         <Creator>prov=READ-COOP:name=TrHtr:version=2.24.0:model_id=51170:date=26_02_2025_09:39</Creator>
         <Created>2025-02-25T21:36:49.772+01:00</Created>
         <LastChange>2026-03-05T12:33:10.842+01:00</LastChange>
         <TranskribusMetadata docId="7111071"
                              pageId="92269092"
                              pageNr="2"
                              status="IN_PROGRESS"
                              userId="295818"
                              imgUrl="https://files.transkribus.eu/Get?fileType=view&amp;id=MZJFAXOFMADEZREMHVGYGBZY"
                              imageId="77042759"/>
      </Metadata>
      <Page imageFilename="smallform_0480_002.jpg"
            imageWidth="3747"
            imageHeight="5669">
         <TextRegion id="r" custom="readingOrder {index:0;}">
            <Coords points="588,3725 1356,3725 1356,4571 588,4571"/>
            <TextLine id="r_tl_1" custom="readingOrder {index:0;}">
               <Coords points="595,3762 1354,3761 1354,3726 595,3730"/>
               <Baseline points="600,3749 626,3749 671,3749 716,3749 761,3746 806,3746 850,3749 895,3746 940,3749 985,3749 1029,3746 1074,3749 1119,3749 1164,3746 1209,3746 1253,3746 1298,3746 1343,3746 1356,3739"/>
               <TextEquiv>
                  <Unicode>\fml\\p\legionären? – Oder damit rechnen, Spanisch-Ma¬</Unicode>
               </TextEquiv>
            </TextLine>
            <TextLine id="r_tl_2" custom="readingOrder {index:1;}">
               <Coords points="601,3789 1353,3791 1331,3755 602,3763"/>
               <Baseline points="606,3779 629,3779 674,3779 719,3779 764,3779 809,3779 853,3779 898,3779 943,3779 988,3779 1032,3779 1077,3779 1122,3779 1167,3776 1212,3776 1256,3779 1301,3779 1346,3776 1356,3772"/>
               <TextEquiv>
                  <Unicode>rokko nicht mehr verlassen zu können? – Ueber die</Unicode>
               </TextEquiv>
            </TextLine>
            <TextLine id="r_tl_3" custom="readingOrder {index:2;}">
               <Coords points="598,3817 1354,3813 1354,3790 598,3794"/>
               <Baseline points="603,3809 629,3809 674,3809 719,3809 764,3812 809,3809 853,3809 898,3809 943,3809 988,3809 1032,3809 1077,3809 1122,3809 1167,3809 1212,3806 1256,3809 1301,3809 1346,3806 1356,3802"/>
               <TextEquiv>
                  <Unicode>Karte gebeugt, befreundeten wir uns mit so phan¬</Unicode>
               </TextEquiv>
            </TextLine>
            <TextLine id="r_tl_4" custom="readingOrder {index:3;}">
               <Coords points="601,3843 1355,3850 1355,3813 601,3818"/>
               <Baseline points="606,3839 650,3839 695,3839 740,3839 785,3839 829,3839 874,3842 919,3839 964,3839 1009,3839 1053,3839 1098,3839 1143,3839 1188,3839 1232,3839 1277,3839 1322,3839 1352,3839 1356,3837"/>
               <TextEquiv>
                  <Unicode>tastischen Gedanken wie: durch das Innere des</Unicode>
               </TextEquiv>
            </TextLine>
            <TextLine id="r_tl_5" custom="readingOrder {index:4;}">
               <Coords points="606,3880 1355,3882 1355,3848 606,3850"/>
               <Baseline points="611,3871 635,3868 680,3871 725,3868 770,3868 814,3868 859,3871 904,3868 949,3871 994,3868 1038,3871 1083,3868 1128,3868 1173,3868 1217,3868 1262,3868 1307,3868 1352,3868 1356,3868"/>
               <TextEquiv>
                  <Unicode>Schwarzen Erdteils nach Abessinien und von dort</Unicode>
               </TextEquiv>
            </TextLine>
            <TextLine id="r_tl_6" custom="readingOrder {index:5;}">
               <Coords points="601,3904 1355,3905 1355,3881 1287,3873 601,3878"/>
               <Baseline points="606,3898 650,3898 695,3901 740,3898 785,3901 829,3901 874,3901 919,3901 964,3901 1009,3898 1053,3898 1098,3898 1143,3898 1188,3898 1232,3898 1277,3898 1322,3898 1356,3900"/>
               <TextEquiv>
                  <Unicode>nach Aegypten zu gelangen. Die Erdkarte ist gleich¬</Unicode>
               </TextEquiv>
            </TextLine>
            <TextLine id="r_tl_7" custom="readingOrder {index:6;}">
               <Coords points="603,3941 1354,3941 1354,3915 1286,3908 603,3913"/>
               <Baseline points="608,3934 632,3931 677,3928 722,3931 767,3931 811,3931 856,3931 901,3931 946,3931 991,3931 1035,3931 1080,3928 1125,3931 1170,3931 1214,3928 1259,3931 1304,3928 1349,3931 1356,3933"/>
               <TextEquiv>
                  <Unicode>zeitig kleiner, und geradezu mittelalterlich groß ge¬</Unicode>
               </TextEquiv>
            </TextLine>
            <TextLine id="r_tl_8" custom="readingOrder {index:7;}">
               <Coords points="598,3964 1354,3968 1354,3941 598,3948"/>
               <Baseline points="603,3961 647,3958 692,3961 737,3958 782,3961 826,3961 871,3961 916,3961 961,3961 1006,3961 1050,3961 1095,3961 1140,3958 1185,3958 1229,3961 1274,3961 1319,3961 1343,3961 1356,3965"/>
               <TextEquiv>
                  <Unicode>worden. Wenn ich mich in Lissabon von meinen</Unicode>
               </TextEquiv>
            </TextLine>
            <TextLine id="r_tl_9" custom="readingOrder {index:8;}">
               <Coords points="598,4002 1354,4008 1354,3970 598,3977"/>
               <Baseline points="603,3988 647,3991 692,3991 737,3991 782,3991 826,3991 871,3991 916,3991 961,3991 1006,3991 1050,3991 1095,3991 1140,3991 1185,3991 1229,3991 1274,3991 1319,3991 1340,3994 1356,4000"/>
               <TextEquiv>
                  <Unicode>amerikanischen Freunden trennen werde, wird es</Unicode>
               </TextEquiv>
            </TextLine>
            <TextLine id="r_tl_10" custom="readingOrder {index:9;}">
               <Coords points="601,4030 1355,4026 1308,3996 601,4000"/>
               <Baseline points="606,4024 635,4021 680,4021 725,4021 770,4021 814,4021 859,4024 904,4021 949,4021 994,4021 1038,4021 1083,4021 1128,4021 1173,4021 1217,4021 1262,4021 1307,4021 1352,4018 1356,4021"/>
               <TextEquiv>
                  <Unicode>sehr zweifelhaft sein, ob wir auch nur in Verbin¬</Unicode>
               </TextEquiv>
            </TextLine>
            <TextLine id="r_tl_11" custom="readingOrder {index:10;}">
               <Coords points="598,4057 1347,4063 1347,4029 598,4037"/>
               <Baseline points="603,4050 647,4050 692,4050 737,4050 782,4050 826,4050 871,4050 916,4050 961,4050 1006,4050 1050,4050 1095,4050 1140,4050 1185,4050 1229,4050 1274,4050 1319,4050 1349,4053"/>
               <TextEquiv>
                  <Unicode>dung bleiben oder gar uns jemals wieder treffen</Unicode>
               </TextEquiv>
            </TextLine>
            <TextLine id="r_tl_12" custom="readingOrder {index:11;}">
               <Coords points="603,4099 1344,4089 1334,4061 603,4060"/>
               <Baseline points="608,4080 629,4080 674,4080 719,4080 764,4080 809,4080 853,4080 898,4080 943,4080 988,4080 1032,4080 1077,4080 1122,4080 1167,4080 1212,4080 1256,4080 1301,4080 1346,4077"/>
               <TextEquiv>
                  <Unicode>können. Wir haben alle Entfernungen verringert</Unicode>
               </TextEquiv>
            </TextLine>
            <TextLine id="r_tl_13" custom="readingOrder {index:12;}">
               <Coords points="603,4120 1354,4134 1341,4088 603,4098"/>
               <Baseline points="608,4113 653,4110 698,4110 743,4110 788,4110 832,4110 877,4110 922,4110 967,4110 1012,4113 1056,4110 1101,4110 1146,4110 1191,4110 1235,4110 1280,4110 1325,4110 1352,4113 1356,4114"/>
               <TextEquiv>
                  <Unicode>und haben am Beispiel dieses Krieges gelernt, daß</Unicode>
               </TextEquiv>
            </TextLine>
            <TextLine id="r_tl_14" custom="readingOrder {index:13;}">
               <Coords points="601,4158 1341,4156 1335,4118 601,4121"/>
               <Baseline points="606,4143 650,4140 695,4140 740,4140 785,4140 829,4140 874,4140 919,4140 964,4140 1009,4140 1053,4140 1098,4140 1143,4140 1188,4143 1232,4140 1277,4143 1322,4143 1343,4143"/>
               <TextEquiv>
                  <Unicode>die Schicksale der Kontinente auf das Engste mitein¬</Unicode>
               </TextEquiv>
            </TextLine>
            <TextLine id="r_tl_15" custom="readingOrder {index:14;}">
               <Coords points="595,4175 1354,4181 1354,4152 595,4162"/>
               <Baseline points="600,4170 644,4170 689,4170 734,4173 779,4173 823,4173 868,4173 913,4173 958,4170 1003,4170 1047,4173 1092,4170 1137,4173 1182,4170 1226,4170 1271,4173 1316,4173 1343,4173 1356,4179"/>
               <TextEquiv>
                  <Unicode>ander verflochten sind. Aber wir haben es auch zu¬</Unicode>
               </TextEquiv>
            </TextLine>
            <TextLine id="r_tl_16" custom="readingOrder {index:15;}">
               <Coords points="601,4217 1355,4216 1346,4180 601,4180"/>
               <Baseline points="606,4203 650,4203 695,4200 740,4203 785,4203 829,4203 874,4203 919,4200 964,4203 1009,4203 1053,4200 1098,4203 1143,4203 1188,4203 1232,4200 1277,4203 1322,4203 1349,4203 1356,4208"/>
               <TextEquiv>
                  <Unicode>stande gebracht, alle technischen Errungenschaften zu</Unicode>
               </TextEquiv>
            </TextLine>
            <TextLine id="r_tl_17" custom="readingOrder {index:16;}">
               <Coords points="603,4238 1344,4248 1344,4217 1308,4210 603,4217"/>
               <Baseline points="608,4230 653,4233 698,4230 743,4233 788,4233 832,4233 877,4233 922,4233 967,4233 1012,4233 1056,4233 1101,4233 1146,4233 1191,4230 1235,4233 1280,4230 1325,4233 1346,4230"/>
               <TextEquiv>
                  <Unicode>annihilieren, neue Hindernisse, Grenzen und chine¬</Unicode>
               </TextEquiv>
            </TextLine>
            <TextLine id="r_tl_18" custom="readingOrder {index:17;}">
               <Coords points="601,4268 1355,4274 1355,4242 1309,4238 601,4243"/>
               <Baseline points="606,4262 650,4262 695,4259 740,4262 785,4262 829,4262 874,4262 919,4262 964,4262 1009,4262 1053,4259 1098,4262 1143,4262 1188,4262 1232,4262 1277,4259 1322,4262 1343,4262 1356,4261"/>
               <TextEquiv>
                  <Unicode>sische Mauern zu errichten, und den Weg nach In¬</Unicode>
               </TextEquiv>
            </TextLine>
            <TextLine id="r_tl_19" custom="readingOrder {index:18;}">
               <Coords points="601,4303 1355,4305 1344,4271 601,4267"/>
               <Baseline points="606,4292 650,4292 695,4292 740,4292 785,4292 829,4292 874,4292 919,4292 964,4292 1009,4292 1053,4292 1098,4292 1143,4292 1188,4292 1232,4289 1277,4292 1322,4292 1356,4292"/>
               <TextEquiv>
                  <Unicode>dien, dessen Entdeckung und Sicherung Jahrhunderte</Unicode>
               </TextEquiv>
            </TextLine>
            <TextLine id="r_tl_20" custom="readingOrder {index:19;}">
               <Coords points="606,4332 1355,4339 1344,4300 606,4300"/>
               <Baseline points="611,4322 656,4322 701,4322 746,4322 791,4322 835,4322 880,4322 925,4325 970,4322 1014,4322 1059,4322 1104,4322 1149,4322 1194,4322 1238,4322 1283,4322 1328,4325 1352,4325 1356,4325"/>
               <TextEquiv>
                  <Unicode>in Atem gehalten hat, zu verrammeln. Sodaß wir</Unicode>
               </TextEquiv>
            </TextLine>
            <TextLine id="r_tl_21" custom="readingOrder {index:20;}">
               <Coords points="603,4367 1354,4370 1354,4329 603,4330"/>
               <Baseline points="608,4352 653,4352 698,4352 743,4352 788,4352 832,4352 877,4352 922,4352 967,4352 1012,4352 1056,4352 1101,4352 1146,4352 1191,4352 1235,4352 1280,4352 1325,4352 1343,4355 1356,4357"/>
               <TextEquiv>
                  <Unicode>wieder, wie in den sogenannten dunklen Zeitaltern,</Unicode>
               </TextEquiv>
            </TextLine>
            <TextLine id="r_tl_22" custom="readingOrder {index:21;}">
               <Coords points="603,4396 1342,4390 1319,4360 603,4367"/>
               <Baseline points="608,4382 653,4382 698,4382 743,4382 788,4382 832,4382 877,4382 922,4385 967,4382 1012,4382 1056,4382 1101,4385 1146,4385 1191,4382 1235,4382 1280,4385 1325,4385 1343,4388"/>
               <TextEquiv>
                  <Unicode>um das Kap der guten Hoffnung segeln müssen,</Unicode>
               </TextEquiv>
            </TextLine>
            <TextLine id="r_tl_23" custom="readingOrder {index:22;}">
               <Coords points="606,4422 1345,4422 1345,4390 606,4397"/>
               <Baseline points="611,4412 656,4412 701,4412 746,4412 791,4412 835,4412 880,4412 925,4412 970,4412 1014,4412 1059,4412 1104,4412 1149,4412 1194,4412 1238,4412 1283,4415 1328,4415 1346,4412"/>
               <TextEquiv>
                  <Unicode>wenn wir den Drang nach weltumspannender Frei¬</Unicode>
               </TextEquiv>
            </TextLine>
            <TextLine id="r_tl_24" custom="readingOrder {index:23;}">
               <Coords points="606,4456 1355,4455 1339,4423 606,4422"/>
               <Baseline points="611,4445 632,4442 677,4442 722,4442 767,4445 811,4442 856,4442 901,4442 946,4442 991,4442 1035,4439 1080,4445 1125,4442 1170,4442 1214,4445 1259,4442 1304,4445 1349,4442 1356,4440"/>
               <TextEquiv>
                  <Unicode>heit in uns noch verspüren – und oft ist es uns</Unicode>
               </TextEquiv>
            </TextLine>
            <TextLine id="r_tl_25" custom="readingOrder {index:24;}">
               <Coords points="601,4484 1355,4489 1331,4452 601,4456"/>
               <Baseline points="606,4471 650,4471 695,4474 740,4474 785,4471 829,4474 874,4471 919,4474 964,4474 1009,4474 1053,4474 1098,4474 1143,4474 1188,4471 1232,4474 1277,4474 1322,4474 1346,4474 1356,4473"/>
               <TextEquiv>
                  <Unicode>nicht einmal mehr möglich, auch nur das nächste</Unicode>
               </TextEquiv>
            </TextLine>
            <TextLine id="r_tl_26" custom="readingOrder {index:25;}">
               <Coords points="609,4519 653,4525 681,4513 700,4522 728,4506 746,4519 905,4519 905,4488 832,4487 814,4477 765,4490 609,4482"/>
               <Baseline points="614,4507 659,4504 704,4504 749,4504 794,4504 838,4504 883,4507 907,4507"/>
               <TextEquiv>
                  <Unicode>Dorf zu erreichen ...\:p\</Unicode>
               </TextEquiv>
            </TextLine>
            <TextLine id="r_tl_27" custom="readingOrder {index:26;}">
               <Coords points="711,4549 1315,4558 1315,4519 1278,4514 711,4517"/>
               <Baseline points="716,4540 761,4543 806,4543 850,4543 895,4543 940,4540 985,4543 1029,4540 1074,4540 1119,4543 1164,4543 1209,4543 1253,4543 1298,4543 1316,4543"/>
               <TextEquiv>
                  <Unicode>Annemarie \g\Clarac-Schwarzenbach\:g\.</Unicode>
               </TextEquiv>
            </TextLine>
            <TextEquiv>
               <Unicode/>
            </TextEquiv>
         </TextRegion>
      </Page>
   </PcGts>
</validation-wrapper>
