4003 5669
1838 2992 3140 3153 Neuenburger Landschaften
1536 3192 3531 3333 \p\Hinter Neuenburg steigen die Weinberge em¬
1476 3304 3520 3447 por — \g\le Vignoble\:g\, bis auf etwa 600 Meter
1453 3419 3538 3565 Höhe. Dann beginnt der Jura. Die runde Kuppe
1453 3538 3533 3671 des \g\Chaumont\:g\ ist einer seiner Vorboten. Man
1453 3645 3525 3791 fährt mit der Drahtseilbahn hinauf und hat vom
1466 3762 3525 3906 Grand-Hôtel aus den ersten weiten Blick über den\:p\\fml\
384 652 2413 756 \p\\fml\See und jenseits davon die Linie der flachen Hügel¬
377 764 2425 878 züge. Dahinter, unwirklich wie Wolkengebilde, die
397 865 2405 993 weißen Spitzen der Berneralpen mit unsichtbaren
384 982 685 1089 Füßen.\:p\
494 1084 2433 1239 \p\Wer auf dem Chaumont einen Spaziergang ohne
372 2863 2402 2983 genaue Wegkenntnis unternimmt, befindet sich
384 2978 2397 3115 plötzlich in großer Einsamkeit. Man vergißt die
384 3095 2397 3202 Nähe der kleinen Stadt, der Dörfer und der Reb¬
389 3207 2400 3347 berge. Stundenlang kann man so gehen, fast ohne
384 3303 2402 3446 ein Haus anzutreffen. Und so ist der Jura: ein
366 3428 2400 3543 schwermütiges Gebirge. Er ist weit entfernt von
366 3535 2400 3655 der Gewalt der Alpen, und auch von ihrer Lieblich¬
361 3634 2397 3787 keit, von ihren schroffen Überraschungen und Über¬
366 3762 2395 3891 maßen, von ihren starken Farben und Tempera¬\:p\\fml\
1308 2528 1713 2566 \f\Zeichnung eines Uhrmachers von Hans Tomamichl\:f\
1191 2672 1583 2800 \fp\Uhrmacher\:fp\
1482 568 3556 696 \p\\fml\turen, ihren besonnten Hochtälern und ihren Schnee-
1495 677 3556 823 und Felsregionen. Der Jura ist niedrig, gleich¬
1495 787 3561 943 mäßig, dunkel bewaldet, ein Grenzgebirge. Seinen
1493 920 3556 1032 Bewohnern bereitet er ein schweres und karges Da¬
1495 1024 3566 1157 sein. Die Winter sind lang, manchmal hängt Nebel
1487 1138 3569 1266 dick über den Waldtälern. Die Farben des Jura
1495 1253 3564 1401 sind gedämpft, bräunlich, ein wenig stumpf. Den
1487 1365 3569 1506 Bewohnern sagt man einen Hang zum Mystizismus
1477 1474 3551 1623 nach, eine besondere religiöse Empfänglichkeit, Nei¬
1482 1597 3556 1745 gung zu allen sektiererischen Bewegungen. Etwas
1477 1714 3558 1842 scheint hier immer offen zu bleiben, reizt zu grü¬
1477 1816 3558 1956 blerischer Nachdenklichkeit, weist in die Ferne. Es
1477 1933 3561 2089 ist recht glaubwürdig, daß auch das Talent und
1485 2050 3561 2175 die ausgesprochene Neigung zu einem so subtilen,
1477 2147 3553 2311 zu Erfindungen feinster Art verführenden Hand¬
1495 2277 3553 2410 werk wie der Uhrmacherei mit diesem Charakter
1474 2391 3561 2545 zusammenhängt. Eigentlich eingeführt und beinahe
1482 2501 3551 2631 entdeckt hat dies nachmals so verbreitete Gewerbe
1477 2618 3558 2759 ein fünfzehnjähriger Junge: Daniel Jean-Richard,
1485 2735 3551 2876 Schmiedelehrling aus La Sagne — dem Dörfchen,
1495 2845 3553 2993 wo die Familie des Schweizer Generals Ulrich
1487 2954 3551 3095 Wille [Schwarzenbachs eigene Familie großväterlicherseits] herstammt. Daniel also hatte noch nie
1477 3082 3556 3222 ein Uhrwerk gesehen oder in der Hand gehabt,
1482 3178 3538 3334 als ein Kaufmann ihm eine in London gefer¬
1487 3295 3543 3452 tigte Uhr in die Werkstatt trug, um sie repa¬
1461 3426 3558 3540 rieren zu lassen. Und der Junge studierte das Werk
1464 3532 3558 3670 so gründlich, daß er es nicht nur wieder in Gang
1464 3644 3545 3793 brachte, sondern ganz selbständig eine zweite Uhr
1477 3749 3551 3913 herstellte. Das war im Jahre 1679, und der Junge\:p\\fml\
361 604 2422 755 \p\\fml\brauchte nicht weniger als achtzehn Monate, um
374 730 2419 835 seine erste Uhr zu vollenden. Seither aber hat sich
374 829 2422 991 die Kunst mit großer Geschwindigkeit in den
374 950 2419 1060 Bauernhäusern verbreitet und von Vätern auf die
374 1068 2422 1201 Söhne vererbt. So daß es bald Spezialisten für
384 1178 2409 1329 Taschenuhren und für Standuhren gab, Familien,
379 1298 2414 1408 die nur die feine Mechanik betrieben, andere, die
374 1393 2419 1533 sich dem Bau der Gehäuse zuwandten — man er¬
384 1513 2404 1654 fand die kompliziertesten Glockenspiele, Repetier¬
379 1626 2417 1746 werke und Meßinstrumente. Die Neuenburger wur¬
374 1738 2424 1874 den alsbald in der ganzen Welt berühmt, Ferdinand
379 1836 2404 1979 Berthoud wurde Mitglied der „Königlichen Gesell¬
374 1956 2422 2074 schaft“ in London, Abraham-Louis Bréguet leitete
379 2074 2427 2214 in Paris ein berühmtes Institut, wo die feinsten und
392 2186 2427 2324 präzisesten Meßinstrumente gemacht wurden. Und
384 2296 2422 2445 heute lernen die jungen Uhrmacher in der „Ecole
392 2409 2424 2522 d’Horlogerie" von Neuenburg in vierjährigem Stu¬
379 2514 2437 2655 dium das schwierige Gewerbe: Sie machen in den
374 2634 2427 2770 ersten drei Jahren sechs Uhren, im vierten Jahr
374 2737 2427 2890 aber einen Chronometer und eine Repetieruhr als
392 2877 1354 2985 Probe und Meisterstück.\:p\
476 2954 2427 3103 \p\Eine Stufe tiefer als die „Montagnes“ liegen
384 3069 2422 3185 die „Vallons", zugängliche Täler — schöne, herbe
392 3177 2424 3341 Bauerngegenden, das \g\Val-de-Travers\:g\ wieder in¬
384 3310 2429 3443 dustrieller — dort liegen die größten Asphalt¬
389 3418 2427 3548 fabriken der Schweiz — dafür ländlich reizvoll das
397 3515 2435 3638 \g\Val-de-Ruz\:g\, das nur noch der dunkle Rücken
384 3630 2432 3784 des Chaumont von den Rebengeländen der „Vig-
384 3768 965 3891 noble“ trennt.\:p\
1547 560 3482 715 \p\Und noch einmal: \g\Le Vignoble\:g\ — denn seine
1437 677 3475 827 Schönheiten liegen am Wege, wenn man sie nur
1442 786 3482 944 zu beachten gewillt ist. Es gibt hier ebenso viele
1445 888 3480 1045 Schlösser wie am Genfersee. In der Nähe Genfs
1437 1005 3460 1150 dominieren die Gärten: Mauern verschließen sie
2600 1145 3462 1269 gegen die Straßen.
2605 1254 3444 1389 In Neuenburg gibt es
2605 1366 3457 1483 Dörfer und Rebberge.
2602 1473 3454 1605 Darum sind dem
2592 1575 3449 1707 Fremden die intimen
2605 1687 3437 1811 Einblicke in Genf er¬
2590 1801 3434 1943 schwert, in Neuenburg
2600 1915 3449 2053 empfängt ihn der Reiz
2587 2015 3437 2144 ländlicher Offenheit.
2592 2144 3432 2251 Und auch die Schlös¬
2579 2249 3419 2366 ser — eine hohe Park¬
2587 2366 3429 2495 mauer würde schlecht
2582 2475 3421 2600 zu ihnen passen, da¬
2582 2584 3434 2717 für eine Dorfstraße
2592 2704 3432 2821 um so besser, oder
2582 2796 3434 2938 ein Rebberg und ein
2574 2915 3432 3045 schmaler Weg mit
2569 3022 3434 3164 niedrigem Steinmäuer¬
2582 3134 3432 3276 chen. Man betrachte
2567 3253 3419 3376 daraufhin etwa das
2567 3350 3419 3487 Schlößchen Hauterive,
2556 3477 3434 3604 zwischen Neuchâtel
2579 3571 3432 3714 und St-Blaise hoch
2579 3691 3437 3826 über der Landstraße:\:p\\fml\
1760 1580 2167 1697 \f\Zeichnung einer Pendeluhr mit der Inschrift "Jaques Mathey" von Hans Tomamichl (keine Bildbeschriftung)\:f\
428 621 2424 754 \p\\fml\ein zierlich abgewandeltes ländlich vornehmes Bau¬
433 724 2429 848 werk mit tiefem Dach, am Dorfeingang, durchaus
415 840 2427 968 nachbarlich neben den gelben Häusern der reben¬
428 951 2424 1061 besitzenden Bauern. Oder das Landhaus der Ma¬
433 1066 2422 1175 dame de Charrière in \g\Colombier\:g\: breitgieblig,
433 1169 2429 1278 mit niedrigem Flügel, Spalierbäumen und unge¬
433 1278 2427 1416 mein spitzem Türmchen im Hintergrund – wer
433 1391 2435 1494 möchte es nicht bewohnen! Madame de Charrière
433 1504 2435 1617 war jene schöngeistige Dame, die uns die immer
415 1612 2399 1728 noch reizvoll zu lesenden „Lettres neuchâteloises"
433 1725 1079 1859 hinterlassen hat.\:p\
