4286 7068
664 4520 979 4591 Dixie Line –
419 4571 1220 4648 der Weg des amerikanischen Südens
404 4633 1232 4701 Von \g\Annemarie Clark-Schwarzenbach\:g\
808 4696 846 4726 V.
614 4719 1030 4788 \g\Baumwoll-Gürtel\:g\
425 4783 1259 4826 \p\Früh morgens, an einem kalten Novembertag, ver¬
370 4816 1279 4870 lassen wir Birmingham, die düstere Hochburg der
376 4856 1279 4893 Stahlindustrie des amerikanischen Südens, welche "die
372 4895 1279 4933 Stadt des unaufhörlichen Versprechens" genannt und
369 4929 1279 4977 von nüchterner Geschäftigkeit und grauer Armut regiert
370 4967 1265 5006 wird. Die Straße führt einen Hügel hinauf, aus den
375 5002 1279 5049 Quartieren der Neger in die etwas besseren Viertel,
378 5035 1279 5075 und schließlich vorbei an den Gärten und barocken
378 5063 1279 5116 Prunkvillen der wenigen Reichen. Fern, am anderen
370 5109 1279 5152 Rand der Stadt, ragen Fabrikschlote auf, schleudern
382 5146 1279 5189 Hochöfen ihre Feuersäulen in den trüben Himmel.
378 5175 1279 5216 Rauchschwaden liegen über Birmingham wie schwere
376 5212 1279 5253 Gewitterwolken, die es doch in dieser Jahreszeit nicht
376 5248 1279 5294 geben kann. Unser kleiner Wagen rollt weiter,
378 5285 1279 5327 hügelabwärts, die Fabrikschlote sinken unter den Hori¬
376 5321 1279 5362 zont, und vor uns öffnet sich weites Land, gewellt
372 5356 1271 5401 zuerst, durchsetzt von Wald, dann flach und öde wie
376 5395 1279 5438 ein in Winterkälte erstarrtes Meer. So farblos ist
378 5426 1279 5469 dieses Land, daß man die Grenze von Maisfeldern
382 5465 1279 5503 und Weiden und Baumwollfeldern nicht unterscheiden
382 5501 1279 5541 kann, und so eben, daß Himmel und Erde sich zu be¬
378 5535 1279 5576 rühren scheinen. Die Erde von Alabama ist es, die
382 5570 1279 5614 ausgebeutete und müde Erde des Baumwoll-Gürtels,
376 5608 1279 5644 der sich ausdehnt vom Meer zum Gebirge, von den
376 5636 1268 5685 einst rührigen, jetzt still romantischen Hafenstädten bis
381 5674 1268 5715 zu den kleinen Farmhäusern der Piedmont- und Cum¬
378 5715 1279 5752 berland-Berge, und bis zu den bedrohten Ufern des
376 5747 1279 5787 gewalttätigen Riesenstromes von Amerika, bis zum
383 5782 561 5835 Mississippi.\:p\
428 5799 1278 5869 \p\Hier hat die Industrie noch nicht ihren Einzug ge¬
382 5855 1279 5895 halten, die heute mit solch ungeheurem Impetus in den
390 5894 1279 5934 Süden vorstößt, – kaum ist es glaubhaft, daß wir noch
382 5927 1279 5966 gar nicht weit sind von Birmingham, dessen trauriges
387 5963 1279 6003 Bild, ein Symbol getäuschter Hoffnungen, vielleicht
387 5997 1279 6042 Symbol einer Zukunft ist, von der das schweigsame
1294 4508 2208 4553 Land ringsum noch nichts weiß. Einen Monat zuvor
1298 4548 2208 4594 war die Baumwolle reif, – Neger und Weiße, Män¬
1298 4590 2208 4631 ner, Frauen und Kinder schleppten ihre langen Säcke
1294 4619 2208 4664 durch die Felder, sammelten die Bollen ein, und brach¬
1293 4658 2208 4694 ten sie zur Wage des Plantagenherren, der ihnen die
1294 4693 2208 4734 Hälfte ihrer Ernte abnahm, ihnen die andere Hälfte
1294 4728 2208 4767 verrechnete gegen alte Schulden und neuen Kredit. Mit
1294 4759 2208 4797 leeren Händen und einer Abrechnung, die sie nicht ver¬
1300 4795 2208 4842 standen und nicht kontrollieren konnten, kehrten sie
1283 4837 2184 4884 zurück in ihre Hütten, warteten auf einen langen Win¬
1284 4867 2208 4911 ter, gewöhnt, Kälte, Hunger und Elend mit stumpfer
1284 4898 2208 4946 Resignation über sich ergehen zu lassen. Noch jetzt sehen
1284 4937 2208 4992 wir da und dort einen Negerbuben, eine ausgemergelte
1304 4978 2208 5023 Frau, gebückt vorrücken, den Sack über der Schulter,
1284 5008 2190 5052 und mit langsamem Griff die letzten weißen Baum¬
1284 5047 2208 5086 wollbollen pflücken. Rauch steigt aus den Backstein¬
1284 5072 2208 5136 kaminen der Hütten, deren windschiefe Bretterwände
1284 5120 2208 5159 und Wellblechdächer sich kaum über die verdorrten
1284 5151 2208 5199 Stauden erheben. Wind zieht über die Felder und
1284 5194 2208 5244 trägt ein bischen Regen und ein paar verlorene Wolken
1284 5220 2208 5265 mit sich. Am Rand der Landstraße erhebt sich ein Haus
1284 5251 2208 5296 mit einer Veranda und einer noblen Front von
1284 5291 2208 5333 weißen Säulen. Stuck fällt von den Wänden, die
1284 5325 2208 5365 hohen Fenster sind trübe, Anzeichen von Armut und
1312 5361 2208 5396 Zerfall stören das herrschaftliche Gepräge. Ein altes
1284 5396 2208 5431 Plantagenhaus, wissen wir, einst bewohnt von einer
1283 5432 2193 5469 aristokratischen Pflanzerfamilie, die Sklaven und
1284 5464 2208 5503 Maultiere und Felder ihr eigen nannte, deren Söhne
1284 5497 2208 5541 vielleicht im Bürgerkrieg gefallen sind, deren letzte
1283 5532 2208 5582 Nachkommen in Atlanta, Montgomery oder Colombus
1307 5566 2149 5602 ein Leben stolzer und verbitterter Armut führen –
1284 5583 2208 5636 deren Land jetzt einer Bank gehört oder einer Ver¬
1284 5624 2209 5678 sicherungsgesellschaft. Wir haben solche Familien ken¬
1307 5667 2208 5703 nen gelernt und ihre traditionelle "südliche Gastfreund¬
1309 5699 2209 5747 schaft" genossen, – sie gaben uns Cocktail-Parties,
1284 5730 2193 5775 vorzügliche Mahlzeiten, mit gebratenem Truthahn, ge¬
1283 5770 2208 5816 füllten Austern, Artischocken und Salat aus zarten
1309 5797 2208 5840 Alligator Pears, sie schickten uns Blumen, schrieben
1284 5834 2208 5880 über uns in ihren Zeitungen, zwangen uns, süßen,
1284 5860 2208 5916 starken Maiswhisky zu trinken und verbargen keinen
1283 5900 2208 5946 Augenblick das Mißtrauen, das sie gegen uns hegten,
1331 5931 2208 5975 – weniger gegen mich, die Ausländerin, als gegen
1284 5956 2209 6012 meine amerikanische Kollegin, weil sie aus dem Nor¬
1284 5997 2208 6050 den stammte, ein "Yankee" war. Sie sprachen vom
2208 4519 3139 4557 verlorenen Bürgerkrieg wie von gestrigen Tagesereig¬
2209 4555 3139 4590 nissen, vom Familiensilber, der kostbaren Genfer Uhr
2209 4585 3139 4640 und den dreihundert Sklaven, die General Sherman
2209 4619 3139 4666 ihnen geraubt hatte, als er mit seinen Unionstruppen
2208 4658 3107 4697 durch Georgia marschierte, von der Abdankung des
2209 4690 3139 4728 noblen Generals Robert L. Lee, der ein Gentleman
2209 4717 3139 4769 war vom Scheitel bis zur Sohle und an den kein
2209 4753 3139 4790 echter "Südländer" denken kann, ohne daß Tränen der
2209 4790 3110 4833 Rührung seine Augen füllen – vom "Krieg" sprachen
2229 4824 3139 4867 sie, der ihr Vermögen ruiniert und die Blüte des
2223 4858 3139 4891 Südens gebrochen habe, für immer. Wir denken
2209 4892 3107 4932 daran, als wir auf der schnurgeraden Landstraße zwi¬
2209 4927 3139 4965 schen den herbstlichen Baumwollfeldern hindurchfah¬
2209 4953 3139 4987 ren. "Der Bürgerkrieg ist an allem schuld" – damit
2209 4982 3139 5026 trösten sich heute noch die Aristokraten des Baumwoll¬
2229 5023 3139 5063 gürtels, damit rechtfertigen sie den Zustand hoffnungs¬
2208 5061 3139 5100 loser Degeneration, in dem sich ihr Land und seine
2209 5087 3139 5129 Bevölkerung befinden. Aber diese Rechtfertigung hat
2209 5130 3139 5172 ihren tragischen Schimmer eingebüßt, seitdem die große
2209 5165 3139 5207 Krise Amerika heimsuchte und in ihrem Verlauf die
2209 5197 3139 5231 wahren Ursachen aufgedeckt wurden, die den Süden
2209 5231 3139 5275 zu einem sozial und wirtschaftlich verseuchten Land
2209 5264 3139 5307 gemacht haben. "Der Krieg", so wollte es die Legende,
2209 5295 3139 5332 "hatte die Aufhebung der Sklaverei zur Folge, der
2209 5334 3110 5374 Norden hat die Pflanzerstaaten des Südens ihres
2208 5362 3139 5408 Betriebskapitals beraubt und hat damit das Baum¬
2209 5406 3107 5442 wollsystem, seine eigentliche Reichtumsquelle, ruiniert."\:p\
2277 5432 3139 5476 \p\Aber was hat sich denn so gründlich verändert
2209 5470 3139 5514 nach dem verlorenen Krieg? Vermögen wurden ein¬
2209 5506 3140 5544 gebüßt und wechselten die Hand. Die Sklaven waren
2209 5539 3107 5581 "befreit" und wurden alsbald gezwungen, "freiwillig"
2225 5570 3139 5611 einen Kontrakt mit ihren Herren einzugehen, der eine
2209 5602 3140 5643 neue, keineswegs mildere Form von Sklaverei bedeu¬
2209 5641 3139 5684 tete. Dieser Kontrakt hieß "Sharecropping", – "Ernte¬
2209 5669 3119 5711 teilen", – und half das Plantagensystem festigen, das
2209 5711 3139 5746 den Landherren große Profite eintrug, solange die
2235 5738 3139 5774 Baumwolle auf ausländischen und Inlandsmärkten
2208 5774 3138 5818 verkauft werden konnte. Im Zeichen der Baumwolle
2209 5808 3139 5843 wurden Wälder abgeholzt, die Hügel ihres natürlichen
2209 5843 3139 5881 Schutzes gegen Erosion beraubt, die Felder Ueber¬
2208 5866 3139 5923 schwemmungen preisgegeben und durch einseitigen
2209 5896 3139 5957 Raubbau erschöpft. Die Baumwolle bedeutete Profit,
2209 5945 3123 5986 darum durfte kein Stückchen des Bodens mit Getreide
2208 5977 3139 6021 oder Gemüse bepflanzt werden, und die Sharecropper,
2209 6011 3139 6052 die Baumwollpflücker, wurden gezwungen, sich von
3140 4518 4041 4564 Molasse, Mais und Schweinefett zu ernähren, selbst
3140 4553 4044 4597 wenn diese Diät ganze Epidemien von Pellagra, einer
3140 4591 4044 4630 skorbutähnlichen Seuche, zur Folge hatte. Bis zur
3140 4619 4041 4664 Erntezeit lebte der Sharecropper vom Kredit des
3151 4657 4047 4699 Pflanzers, er bezog seine Waren im Laden des Pflan¬
3140 4692 4044 4728 zers, sein Maultier, sei Gerät, seine Hütte gehörte
3140 4726 4050 4767 dem Pflanzer – und bei der Abrechnung stellte es sich
3140 4759 4050 4795 heraus, daß er an den Pflanzer verschuldet war, von
3151 4792 4051 4831 Ernte zu Ernte, von Generation zu Generation. In
3140 4830 4050 4865 Alabama sind 26 Prozent der Neger Analphabeten, in
3140 4858 4050 4898 Mississippi 23 Prozent, in Südcarolina 27 Prozent.
3151 4895 4051 4940 In Alabama sind zwei von fünf Einwohnern Neger,
3140 4931 4050 4967 in Mississippi gibt es über 50 Prozent, in Südcaro¬
3140 4964 4050 5001 lina fast 50 Prozent. Je mehr Schwarze, um so mehr
3140 4995 4049 5041 Analphabeten, um so mehr Verseuchte, umso mehr
3140 5027 4050 5073 Verbrecher. Je mehr Neger, um so mehr Lynchmorde
3140 5061 4050 5103 an Negern, um so mehr Macht dem Ku Klux Klan,
3140 5093 4050 5138 der mit terroristischen Methoden die Schwarzen in
3140 5125 4050 5172 Schrecken und Abhängigkeit erhält. Die Statistiken
3140 5169 4047 5198 sprechen eine deutliche Sprache, das "Plantagensystem"
3140 5194 4050 5244 ist ein Instrument, um dem Weißen die unbedingte
3140 5239 4050 5273 Vorherrschaft zu sichern, um ihn zu schützen vor der
3140 5264 4050 5305 schwarzen Rasse, vor der er sich fürchtet. Die Resultate
3140 5302 4060 5348 sind beruhigend: mit Fug und Recht können die
3151 5336 4053 5377 weißen Herren behaupten, der Neger sei unzuver¬
3139 5373 4050 5415 lässig, faul, unselbständig, ungebildet und verseucht.
3151 5405 4060 5445 Aber das Land hat in diesem Rassenkampf einen
3140 5428 4060 5484 teuren Preis bezahlt. Nicht nur die Neger wurden
3140 5474 4060 5510 besiegt, – zu ihnen gesellten sich, bald nach dem Bür¬
3140 5504 4047 5552 gerkrieg, Weiße, Angelsachsen, die als Baumwoll¬
3153 5541 4048 5581 proletariat den gleichen Pachtvertrag des "Share¬
3140 5575 4060 5615 cropping" eingehen mußten und, in den Schlingen
3140 5608 4050 5647 dieses Systems gefangen, auf die Stufe des Negro
3139 5640 4047 5689 sanken. Die "Armen Weißen", der "Weiße Abschaum",
3167 5684 4060 5729 – sie sind arm, unzuverlässig, faul, unselbständig, un¬
3139 5698 4056 5760 gebildet und verseucht. Sie verachten den Neger, das
3140 5750 4060 5795 ist ihr einziges Vorrecht, sie verüben die Lynchmorde,
3139 5780 4060 5829 angeführt von Sheriffs, weißen Aufsehern, Verwal¬
3140 5813 4053 5860 tern der Plantage, geschützt vom "System" und von
3140 5848 4060 5897 der Polizei. Sie werden ausgespielt gegen den Neger,
3140 5883 4056 5922 der Neger gegen sie, in diesem "Rassenkampf", der in
3140 5915 4061 5959 Wahrheit längst ein Kampf der Klassen geworden ist.\:p\
3198 5957 4056 5994 \p\Im Schatten solcher Zustände degeneriert das
3140 5970 4056 6027 Land, das einmal von Reichtum überfloß und eine
3139 6011 4056 6078 eigene, eigenartige, ländlich-schlichte Kultur besaß. Die\fml\\:p\
208 4461 1053 4517 \fml\\p\heutigen Konservativen nennen sie "Antebellum" –
223 4504 1119 4554 Vorkriegskultur. Sie sprechen von den vergangenen
214 4540 1109 4585 glücklichen Zeiten, als die Sklaven noch gutmütige und
214 4575 1109 4615 treue Diener waren und der König von England jen¬
214 4609 1109 4646 seits des Ozeans leichter zu handhaben war, als heute
214 4636 1129 4685 der Kreditherr, die Bank, die Versicherungsgesellschaft
207 4680 1117 4725 an der Türschwelle. Sie sprechen immer von der glanz¬
208 4716 1103 4750 vollen Vergangenheit, selten von der unsicheren Zu¬
208 4737 1129 4785 kunft, und wollen den revolutionären Wind von heute
209 4767 430 4821 nicht spüren.\:p\
271 4808 1129 4851 \p\Fast im gleichen Jahr, 1932, als die Krise ihren
217 4835 1130 4883 Höhepunkt erreichte und die Baumwollpreise auf fünf
208 4881 1129 4920 oder sechs Cent das Pfund fielen, brach auf den Plan¬
217 4912 1130 4955 tagen der Südstaaten die Boll weevil-Seuche aus. In
217 4943 1104 4996 den gleichen Jahren stiegen die Fluten des Mississippi
207 4980 1098 5025 höher denn je, und niemand konnte mehr leugnen, daß
214 5012 1104 5057 diese Katastrophen auf Erosion, leichtfertige Zerstörung
208 5049 1129 5083 der Wälder, Mißbrauch des Landes zurückzuführen
210 5076 1129 5126 waren. In den gleichen Jahren begann der Marsch
216 5112 1129 5152 der Industrien aus dem Norden und Nordosten in
208 5149 1129 5190 den Süden, wo die Löhne niedrig sind und das ab¬
208 5180 1129 5222 gestumpfte Proletariat noch nichts von Organisation,
208 5222 1129 5260 Klassenbewußtsein, Gewerkschaften weiß. In den glei¬
208 5257 1129 5290 chen Jahren begann der Exodus des hungernden
218 5283 1128 5332 Baumwollproletariats, wuchs die Arbeitslosigkeit in
214 5316 1129 5357 den Städten, wuchsen die Heere der Wanderarbeiter
210 5359 1130 5393 auf den Landstraßen nach Florida und Kalifornien.
210 5388 1129 5427 1934 wurde die "Union der Farmpächter des Südens"
209 5418 1129 5475 gegründet. Es war das erste Lebenszeichen des Share¬
208 5458 1130 5496 croopers, der erste Versuch, die weißen und schwarzen
217 5488 1098 5531 Sklaven der Plantagen gemeinsam zu organisieren.
218 5521 1128 5568 Nach drei Jahren grausamer Verfolgung, 1937, schloß
208 5560 1129 5597 sich die kleine Gruppe der "Southern Tenant Farmers
210 5596 1101 5631 Union" der mächtigsten Gewerkschaftsbewegung Ame¬
214 5623 1090 5664 rikas an, dem "Komitee für Industrieorganisation".
208 5662 1129 5699 Inzwischen befindet sich die Baumwollbörse in einer
210 5689 1130 5741 neuen Krise, die Regierung greift ein, Preise werden
214 5728 1129 5767 festgesetzt, Unterstützungen ausbezahlt, die Produktion
210 5761 1128 5807 beschränkt. Es besteht kein Zweifel mehr darüber, daß
210 5787 1129 5841 die Baumwolle besiegt ist. Mit ihr wurde ein System
237 5833 1129 5870 besiegt. Die Plantagenordnung wird aufhören, den
223 5860 1129 5905 Süden und die Massen seines ländlichen Proletariats
219 5900 1129 5942 zu regieren. Aber noch scheint die Zukunft ungreifbar,
214 5930 1129 5974 die sich vorbereitet. Die müden Frauen, deren schwarze,
208 5967 1129 6002 kraushaarige Kinder wir photographieren, die Män¬
214 5999 1129 6041 ner, die wir befragen, wissen nichts von der Zukunft.
210 6034 1086 6072 "Die Baumwollpreise sind schlecht dieses Jahr ...",
208 6055 1129 6107 antworten sie uns und richten den abwesenden Blick
208 6102 922 6153 auf die dürftigen, herbstlich-kahlen Felder.\:p\
