3611 4529
1743 243 1929 280 – 1 –
2764 149 3239 233 Mai 1914
2576 261 3287 364 (Aeguatownahe)
1024 522 3140 672 Sich von dieser fürchterlichen Nüchternheit befreien,
1024 662 2764 804 dieser Weisse die sich ringsum meiner Augen
1018 805 2869 950 bemächtigt, der bleichen Schwere des Tageslichts
1012 952 2698 1102 und eurer Lampenhelle, eurer Gesprächsfülle,
1015 1099 3146 1249 schwellenden Stimmenzahl, bis das Gehör stumpf geworden
1021 1236 1907 1368 verzichtet zu lauschen,
1015 1387 2940 1535 bis jetzt das Kreuz des Südens in der Bläue eines
1000 1534 3089 1681 lastenden, nie sich entladenden Gewitters majestätisch
1000 1677 1910 1813 aufsteigt aus dem Meer,
1000 1826 2110 1950 und ich will es nicht sehen.
1000 1973 3322 2111 Unser Schiff gleitet jetzt dem Aequator entlang, ich will es
976 2119 3400 2264 glauben, es stört meinen Schlaf nicht, das Bild einer Weltkarte,
994 2259 3084 2401 ich habe nur die Schiffsplanken unter den Füssen, sie
1003 2414 3146 2544 schwanken nicht einmal, die Maschinen stampfen nicht, die
997 2555 3269 2694 springenden Fische sind Märchengestalten mit Silberkämmen
988 2695 3122 2834 und Augenstarre, die verirrten Meerschwalben sterben am
985 2838 3089 2977 Herzschlag, und dass ich ihr Gefieder in meiner matten
985 2985 2982 3126 Hand so zärtlich spürte, es war geträumt. Lasst mich,
997 3122 2307 3264 – Menschen, Menschen, Menschenkinder,
988 3271 3027 3413 dieser Schweiss eures Antlitzes, dieses Glänzen eurer
976 3412 3119 3559 Augen und wie ihr trinkt und redet und immer wieder in
976 3555 3063 3712 Schlaf sinkt, auf jedem Stuhl, und aufwachend verlangt,
976 3701 1334 3816 nach was,
1636 265 1913 295 –2–
973 636 3116 766 keine Schulter wollt ihr umschlingen, euch keiner Stirn
991 779 3155 912 entgegenneigen, so mit allen Sinnen befangen seid ihr in
988 923 3131 1059 fürchterlicher Nüchternheit, nach welchen Zerstreuungen
1003 1099 1510 1202 verlangt ihr!
997 1213 3194 1351 Wünscht nichts? – Zittert nie vor Sehnsucht, fürchtet nicht
994 1388 2030 1494 die Verzehrung der Lippen,
1003 1541 1752 1638 und seid so sicher,
1012 1649 3164 1781 der glücklichen Fahrt dieses Schiffes, der Aequatornähe,
1012 1794 3209 1927 und dass es jetzt Zeit sei für die hereinbrechende Nacht
1027 1941 3322 2074 und die Hände zu falten, – morgen wieder Zeit, und übermorgen,
1012 2081 3331 2226 immer wieder alles zur rechten Stunde, und ihr singt im Chor
1015 2226 3325 2369 und fällt, Richter uund Geschworene, zur Rechten und Linken,
1021 2377 3191 2512 Urteil um Urteil. Das nimmt die Gedanken in Anspruch, das
1032 2535 2612 2659 raubt viel Zeit und besänftigt das Herz
1035 2663 3316 2802 beschwichtigt das Herz. Es härtet den Mund, Urteile sprechen
1032 2843 3233 2933 zu können, es festigt die Hand, mit dem Schwert zu fällen,
1047 2981 3233 3078 der Geist schärft sich am[add inline: n] Spruch[add above: der Uebung] verballhornter Sprüche,
1053 3091 3361 3232 die Tat ist heilsam, das Gebet hilfreich, die Flüsse fliessen
1047 3245 3137 3381 rückwärts, der Glaube ist ein Felsen, man sieht auf die
1047 3383 3340 3522 harmlos sich kräuselnden Wellen am Bug hinab, man hebt den
1047 3523 3299 3665 Blick zu den segelnden Wolken, man lauscht und sieht alles
1068 3669 3463 3811 und wandert ohne Fehltritt im auf der Sonnenuhr verzeichneten
1056 3819 3370 3951 Kreis , – und wie ist die Belohnung süss, der Schlaf traumlos!
1689 287 1776 399 –3–
1107 516 2561 628 Ach!, und lass mich endlich einhalten!
1095 656 2803 771 Und wie die Lüge blüht, unter wessen Händen?
1098 806 2875 918 An wen wende ich mich eigentlich, wer gab mir
1110 950 2904 1070 ein Versprechen das er nicht hielt, wer war es,
1095 1095 2794 1222 der mir die Hand nicht auf die Augen legte,
1107 1238 2994 1356 als ich ihn darum bat, und wen, endlich, bitte ich?
1107 1382 2068 1500 Was ist sie, meine Demut?
1104 1526 2021 1641 Wem gehört meine Liebe?
1104 1672 3143 1799 Und Demut, Vergängnis, mein Schicksal, und Worte, Worte,
1110 1818 3313 1927 und die Zukunft der Welt, ihr Bild sich weitend in diesen
1098 1959 3245 2074 Wasserstrassen, – ich vernehme ihr Rauschen noch vor dem
1098 2108 3364 2232 bescheiden leuchtenden Kiel unseres in der Meereinsamkeit,
1104 2264 3328 2369 gewiss eben jetzt an der Aequatorlinie, zielsicher weiter¬
1104 2405 1824 2515 ziehenden Schiffs. [space]
1110 2615 3125 2733 Ich habe genug angeklagt, finde jetzt weit und breit
1098 2767 3284 2873 keinen Feind, aber fand sie wohl, die augenblendende laut¬
1092 2907 3322 3019 lose Stille. Das Südkreuz erwies sich als ein dem grossen
1101 3055 3236 3166 Bären ähnliches Sternbild, die betäubende Hitze von Sao
1107 3199 3239 3310 Thomé am Aequator als eine Täuschung, denn dieser Abend
1104 3342 3200 3456 ist beinahe kühl. Ein geduldiger, wahrscheinlich ewiger
1107 3487 3367 3599 Wind streicht über unser Deck ohne Segel, die Sterne ruhen.
1840 339 1954 445 –3–
1121 632 2031 726 ertgdjjjwuez BYCXYSSSKKKQK
1130 769 1652 872 QWEERTZUHGKGG
1214 4081 1975 4187 pouuuüzppoiuz weert
1749 213 1845 316 –4–
824 500 2304 627 Da strecke ich zu hastig die Hand aus,
832 649 2627 770 damit sie, dieses Mal, Keiner ergreife, damit sie
824 792 2663 919 mich lassen, damit mein nüchtern geöffnetes Auge
824 939 2746 1060 meine nüchternen Augen sich blenden, damit ich den
824 1082 2701 1206 Ton wieder vernehme der mich einmal gerührt hat.
829 1231 3137 1346 Und einmalig ist alles Wunderbare, es kehrt nicht zurück, und
821 1372 3191 1501 mein Zögern verrät mich, uhd meine Hoffnung selbst trügt mich,
824 1524 3146 1642 und was erwarte ich, welchen Trost soll sie bieten, die Nacht,
827 1667 2904 1782 welche Stille will ich, fürchte ich mich nicht vor dem
815 1816 3119 1934 Nichts, dem atemberaubenden Augenblick, bevorstehenden Glück,
841 1954 3251 2075 und schreie schon, ersticke die eigenen Lippen, stehe starr die
812 2106 3045 2230 Hände geballt vor der keuchenden Brust, verlange, verlange, [space]
821 2467 3057 2582 aber nichts herrscht hier ausser der Aequatorstille, einer
821 2611 3236 2734 sternbleichen Nacht, einem rauschenden Wellengang, dem Südkreuz,
832 2751 1833 2863 – welch sammtenem Leuchten! [space]
806 3038 3093 3158 Der Herzschlag verebbt. Halte an. Sei geduldig. Sie haben dir
812 3187 2946 3305 Nichts angetan, – hörst doch noch verworrene Stimmen und
812 3330 3212 3451 Flehen und Pulse, Augenwirrnis die sich bricht und den nackten
815 3476 3119 3594 Schiffsrand verlässt wo Gefahr dreut, du dich allein weisst,
803 3623 3194 3744 nie allein sein willst, und nie verlassen bist.
1928 4097 3134 4158 (Annemarie Clarac-Schwarzenbach
1946 4165 3143 4229 29 Mai 1941,– près de Sao Thomé)
