3736 5488
2770 797 3567 881 Filmregie und Filmmanuskript [Schlagwörter: Film, Ästhetik, Unterhaltungsindustrie, Intermedialität]
2797 876 3585 927 \p\Der Film ist heute zweifellos die populärste
2730 922 3585 960 Kunstgattung. Er verdankt dies aber nicht seinen
2730 951 3595 1006 künstlerischen Eigenschaften, sondern der allgemein
2740 987 3591 1028 mangelnden Unterscheidung zwischen Kunst und
2740 1019 3588 1059 bloßer Unterhaltung. Das durchschnittliche Kino¬
2743 1060 3584 1102 publikum will ja keine Kunst sehen, es will unter-
2740 1085 3585 1137 halten sein. Das Kino bedeutet ihm eine ähnliche
2755 1124 3585 1169 Zerstreuung und Ablenkung wie etwa Zirkus,
2747 1158 3585 1202 Fußballmatch oder Berg- und Talbahn. Der
2749 1195 3585 1237 Durchschnittsfilm bietet einen rührenden, schauer¬
2739 1229 3585 1275 lichen, auf jeden Fall kitschigen Inhalt, der mei¬
2730 1263 3586 1298 stens mit mäßigen bereits schablonenhaften Mit¬
2730 1297 3588 1341 teln dargestellt wird. Das Publikum beklagt sich
2740 1335 3596 1379 darüber nicht, augenscheinlich weil es den Film
2730 1368 3586 1408 gar nicht als Kunst wertet. Die Kritik, die vom
2740 1406 3585 1447 Zuschauer ausgeübt wird, gilt meistens nur der
2740 1438 3596 1485 Handlung, dem Stoff, der Fabel. Man weiß, daß
2740 1473 3585 1514 diese Verkennung von seiten der Laienkritik sehr
2740 1507 3585 1549 gewöhnlich und in allen Kunstzweigen üblich ist.
2747 1540 3586 1585 Die Wirklichkeitsnähe[gesperrt] des Films verführt
2740 1580 3585 1617 dazu in hohem Maße. Man ist geneigt, ihn für
2740 1613 3585 1659 einen mehr oder weniger gelungenen Ersatz des
2730 1651 3584 1686 wirklichen Lebens zu halten. Die Leute wollen die
2747 1684 3586 1727 Sensationen, die ihnen das Leben vorenthält,
2740 1721 3585 1757 wenigstens auf der Leinwand sehen. Es wäre
2743 1753 3585 1793 ihnen noch lieber, die vorgetäuschten Erregungen
2743 1790 3585 1831 des Films, Liebe, Perlen und Verbrecherjagd,
2740 1832 3586 1867 gegen wirkliche Erlebnisse dieser Art einzutau¬
2747 1859 3586 1900 schen. Film als Ersatz der Wirklichkeit ist zweifel¬
2740 1896 3586 1945 los eine Herabwürdigung seiner künstlerischen Be¬
2740 1928 3586 1972 stimmung. Und doch kann dies nichts gegen ihn
2740 1962 3585 2001 besagen. Tatsächlich überwiegt nur auf dem
2730 1996 3586 2035 Gebiet des Films das qualitativ Schlechte, und
2730 2028 3584 2067 das Publikum wird daher annehmen, daß Besse¬
2740 2067 3585 2108 res, künstlerisch Wertvolles in der Filmproduktion
2740 2107 3586 2149 gar nicht geleistet werden kann. Ein einziger guter
2740 2140 3585 2178 Russenfilm, ja, eine einzige Szene aus einem
2740 2167 3588 2220 Film von Charlie Chaplin würde als Gegen¬
2730 2209 3033 2257 beweis genügen.\:p\
2800 2230 3588 2284 \p\Wie kann aber das Publikum zu richtiger Kri¬
2740 2281 3585 2331 tik und reineren künstlerischen Forderungen erzo¬
2740 2310 3588 2355 gen werden, wenn sich der große Teil der Film¬
2747 2347 3586 2389 produktion auf so niederem Niveau hält wie das
2743 2381 3585 2423 heute der Fall ist? Man wird oft gefragt, ob
2730 2416 3584 2453 denn lauter unbegabte und ungebildete Leute in
2740 2448 3585 2491 der Filmbranche tätig seien. Gewiß nicht. Selbst
2740 2490 3586 2531 in inhaltlich so schlechten Filmen wie etwa „Peter
2729 2522 3586 2563 Voß, der Millionendieb“ wird man regietechnisch
2740 2556 3588 2603 sehr gute Leistungen finden können. Viele Produk¬
2730 2591 3586 2631 tionsleiter und Regisseure wissen genau, worauf es
2747 2626 3581 2669 beim Film ankommt, und beherrschen seine Kunst¬
2730 2658 3581 2695 mittel, die heute schon ein ganzes Studium erfor¬
2730 2694 3586 2738 dern. Aber das ist erst ein Teilgebiet des Films,
2740 2730 3585 2770 wenn auch das Wichtigste. Die Schwierigkeit der
2740 2759 3585 2804 Filmkunst liegt in ihrer Kompliziertheit, der
2738 2795 3588 2844 Komplexität ihrer Produktion. Der Maler wählt
2740 2836 3588 2877 sein Sujet, mischt die Farben, malt sein Bild. Der
2743 2869 3577 2909 Schriftsteller schreibt sein Buch nach eigenem Gut¬
2747 2902 3586 2956 dünken. Der Filmregisseur hingegen macht seinen
2740 2943 3046 2997 Film nicht allein.\:p\
2791 2962 3585 3018 \p\In ganz wenigen Fällen, wieder nenne ich die
2743 3012 3588 3050 Russen, oder, bei uns, Charlie Chaplin, lagen
2740 3044 3581 3086 Manuskript und Regie in den Händen eines einzi¬
2730 3077 3577 3117 gen Mannes! Er hatte eine Idee, machte ein Dreh¬
2730 3116 3586 3158 buch daraus und stellte dann den organischen
2740 3143 3581 3190 Film her. Diese Filme sind denn auch geschlossene
2738 3185 3577 3236 Kunstwerke und erzielen reine und starke Wir¬
2738 3223 2869 3272 kungen.\:p\
2782 3231 3589 3298 \p\Gewöhnlich verhält es sich aber heute noch so,
2730 3289 3581 3324 daß ein Mann eine „Idee“[,] d. h. ein Exposé[,] ein¬
2735 3325 3581 3367 reicht, woraus dann, wenn die Idee verwendbar
2740 3361 3581 3398 erscheint, ein Manuskript gemacht wird. Beim Dre¬
2730 3395 3581 3442 hen des Films hat der Urheber des Films ge¬
2738 3432 3581 3470 wöhnlich nichts zu sagen. Man kauft ihm seine
2743 3468 3584 3505 Idee ab und übergibt sie einem Regisseur zur
2740 3500 3585 3540 Ausführung. Fast immer hat dieser sehr viel
2740 3537 3577 3579 Mühe, aus dem gebotenen Stoff einen halbwegs
2738 3569 3581 3610 brauchbaren Film herzustellen: denn der Autor
2730 3606 3577 3651 war ja gar kein Filmfachmann, er wußte nichts
2730 3641 3581 3680 von den besonderen Beschränkungen und Möglich¬
2730 3672 3581 3725 keiten der Filmkunst. Man verfilmt noch heute\fml\\:p\
107 38 951 94 \p\\fml\großenteils schlechte und ordinäre Operettenstoffe.
105 86 941 135 Die Unsitte vollends, Dramen und Romane zu
107 123 943 169 verfilmen, muß künstlerisch fast zu einem Mißerfolg
107 160 956 204 führen. Denn der Schriftsteller verdankt seine
107 195 950 239 stärksten Wirkungen vielleicht einer bestimmten Art
101 230 950 271 seiner Sprache, einzelnen besonders ergreifenden
104 267 943 301 Wendungen, gewissen Kunstmitteln seiner Schil¬
100 300 940 341 derungen, die gar nicht auf die optischen Mittel
95 328 949 370 des Films übertragbar sind. Ein sehr begabter
101 368 943 410 Regisseur kann die Sprache des Schriftstellers
95 398 942 443 vielleicht in seine Filmsprache „übersetzen“, er
98 435 942 478 kann durch Einfühlung und Phantasie analoge
114 472 943 512 Wirkungen erzielen: aber das wird nicht immer
103 502 941 546 gelingen, und außerdem wird dann ein Film ent¬
104 546 955 581 stehen, der von dem Buch des Schriftstellers erheb¬
94 577 322 625 lich abweicht.\:p\
155 602 956 661 \p\Natürlich gibt es Romane oder Novellen und
114 652 937 696 Dramen, die sich zur Verfilmung besonders eig¬
101 694 956 730 nen. Aber fast immer sind es solche Bücher, die
95 729 955 763 ihrerseits von der Filmkunst beeinflußt wurden.
117 758 931 801 Denn die Ausdrucksweise des Films hat schon
95 795 934 832 starke Wirkungen ausgeübt. Der Film hat mehr
95 829 934 875 als jede andere Kunstgattung von den intellek¬
95 867 955 905 tuellen abstrahierenden Neigungen zu lebendiger
98 903 937 938 und unmittelbarer Anschauung zuruckgeführt. Er
95 932 946 979 läßt die Dinge reden und vermeidet es, Erklä¬
101 975 401 1021 rungen zu geben.\:p\
155 1018 934 1062 \p\Man sieht und hört alle Vorgänge, auch die Ur¬
95 1050 934 1095 sachen und die Folgen von Gemütsbewegungen
95 1092 929 1130 und lernt, unmittelbar davon ergriffen zu werden.
101 1130 956 1165 Ein Schriftsteller wie Hemingway hat eine ganz
91 1161 931 1196 ähnliche Technik. Er schreibt nicht etwa: „Der
108 1190 937 1231 Mann war sehr enttäuscht“, sondern er beschreibt
101 1230 956 1269 das Verhalten des Mannes, also etwa: „Er stand
95 1267 922 1303 auf und ging zum Zimmer hinaus.“ Solche Sze¬
95 1301 926 1339 nen könnten unverändert in ein Drehbuch über
95 1335 929 1371 nommen werden. Man schildert einfach, wie es
95 1371 929 1409 gewesen ist, was man sehen und hören konnte:
98 1406 934 1445 Ein Mann erhebt sich vom Tisch, ein Stuhl wird
98 1442 931 1480 gerückt, eine Türe fällt ins Schloß — und der Leser
91 1471 955 1510 oder der Zuschauer nimmt daran innersten Anteil.
98 1513 955 1552 Aber solche Analogien zwischen zwei Kunstgattungen
98 1545 926 1584 sind selten, man darf nicht mit ihnen rechnen. Ge¬
91 1580 931 1617 wöhnlich arbeitet der Film=Regisseur auf eigene
98 1611 955 1650 Faust und kümmert sich wenig um die Absicht des
98 1650 931 1690 Autors, die ihm fremd ist. Und der Autor beklagt
98 1686 955 1728 sich nachher, man habe sein Werk verstümmelt
91 1722 930 1761 oder falsch aufgefaßt. Die guten Einfälle des Re¬
95 1756 955 1802 gisseurs verpuffen dabei um so wirkungsloser, je
95 1790 955 1833 schlechter und ärmer, oder je unfilmischer das
101 1823 956 1864 Manuskript ist. Der innere Zusammenhang fehlt,
93 1861 934 1906 die Einheit zwischen Stoff und Darstellung. So
91 1892 704 1945 kann aber kein Kunstwerk entstehen.\:p\
150 1926 957 1989 \p\Man hat vorgeschlagen, ein neues Glied in die
95 1974 955 2015 Kette der Produktion einzuführen, einen Vermitt¬
91 2016 955 2055 ler zwischen Autor und Regisseur. Man läßt auch
91 2047 930 2089 immer häufiger Manuskripte von filmisch gebil¬
93 2078 955 2129 deten Leuten verfassen, die dann aber mit dem
93 2119 926 2158 Regisseur zusammen arbeiten müßten. Vorbedin¬
91 2154 930 2194 gung bleibt aber, daß man die künstlerischen Mit¬
95 2187 955 2228 tel des Films nicht mehr in den Dienst wertloser
101 2227 956 2266 Stoffe stellt. Kunst muß etwas zu sagen haben,
91 2260 955 2295 wenn sie ergreifen soll. Die nächste Aufgabe wird
93 2297 931 2335 sein, die Kunstmittel rein zu halten, um eine reine
101 2330 956 2371 Wirkung zu erzielen. Man darf nicht die Mittel
91 2366 955 2408 einer Kunstgattung ohne tiefere Begründung, also
93 2400 955 2439 in äußerlicher Weise, auf eine andere Gattung
91 2437 955 2482 übertragen. Wenn Autoren und Regisseure diese
985 45 1816 94 Tatsachen berücksichtigen, wird der Film von einer
979 91 1809 138 fragwürdigen Halbkunst zu Möglichkeiten auf¬
979 118 1835 182 steigen, die man in den Werken guter Regisseure
971 156 1600 220 schon hie und da verwirklicht findet[Kommentar: Verweis auf Cocteau-Artiekl].\:p\
1337 198 1789 260 \p\Annemarie Schwarzenbach.\:p\
