3798 5669
194 647 684 731 ANNEMARIE CLARK:
687 700 2797 862 Streik in Lumberton, North Carolina
210 933 758 1012 C. I. O. in North Carolina
244 988 957 1067 \p\Unter den Plantagen‐Staaten des "Baumwoll‐
202 1022 959 1096 Gürtels" bildet North Carolina eine Ausnahme.
204 1085 954 1135 Wohl gibt es auch hier große Baumwoll‐Planta¬
199 1130 957 1169 gen, die Tabak‐Produktion nimmt den ersten
199 1153 957 1208 Rang in der Reihe aller Staaten ein, daneben
202 1208 959 1245 werden Mais, Weizen, Roggen, Kartoffeln und
204 1242 959 1287 Obst geerntet, – gleichzeitig aber ist North
202 1269 959 1321 Carolina ein alter Industriestaat, mit riesigen
197 1321 957 1368 Zigarettenfabriken in Raleigh, und einer dicht
194 1347 957 1405 mit Fabriken besäten Textilregion in der näheren
197 1397 957 1439 und weiteren Umgebung von Charlotte. Die
197 1431 957 1489 Baumwollindustrie von North Carolina steht nach
194 1471 957 1510 der des Staates Massachusetts an zweiter Stelle.
194 1507 957 1552 Die Zustände in den Fabrikdörfern erinnern leb¬
191 1547 938 1588 haft an die Beschreibungen englischer Industrie¬
197 1588 957 1628 orte, wie wir sie aus den Romanen von Dickens
197 1625 954 1667 kennen. Sie waren stillschweigend akzeptiert, bis,
204 1664 957 1706 vor etwa zehn Jahren, mit den Industriellen aus
199 1704 957 1754 dem Norden auch Organisatoren, Gewerkschafter,
194 1741 952 1790 Arbeiterführer in die Südstaaten kamen. Erst im
194 1785 957 1832 Frühjahr 1937 eröffnete der mächtigste Arbeiter¬
194 1824 957 1864 führer Amerikas, John L. Lewis, eine "Kampagne"
197 1853 957 1906 in den Textilzentren des Südens, die das Zeichen
199 1898 957 1942 zur Eröffnung eines von beiden Seiten mit zäher
194 1929 957 1976 Erbitterung geführten Kampfes gab. Am 31. Ok¬
199 1969 957 2016 tober 1937 fällte das "National Labor Relation
194 2008 957 2058 Board" (Arbeits‐Schiedsgericht) in Washington
194 2045 957 2102 einen Entscheid zugunsten des TWOC (Textil¬
199 2089 957 2126 arbeiter‐Organisationskomitee), das die Mans¬
202 2126 959 2165 field Mill, die größte Baumwollfabrik von Lum¬
194 2160 957 2228 berton, North Carolina, wegen Verletzung des
204 2199 813 2257 "Wagner Labor Act" angeklagt hatte.\:p\
199 2260 697 2349 Elend in Lumberton
244 2330 957 2393 \p\Kaum einen Monat später langten meine ame¬
202 2385 952 2427 rikanische Kollegin und ich in unserem verstaub¬
204 2425 957 2469 ten Fordwagen in Lumberton an, einem gewöhn¬
202 2461 954 2509 lichen amerikanischen Städtchen mit öder "Main¬
199 2503 957 2550 street" (Hauptstraße), ein paar Tankstellen, trauri¬
210 2540 957 2595 gen "Bars", wo kein Alkohol verkauft und aus¬
199 2579 957 2629 geschenkt werden durfte, einem Kino und einer
202 2619 959 2671 Reihe von Fabrikschloten, die sich am Rand dürf¬
202 2650 959 2705 tiger Wiesen am schwefelgelben Horizont er¬
202 2682 952 2739 hoben. Als wir einen Polizisten nach dem Weg
199 2729 957 2792 nach East Lumberton fragten, begegneten wir
202 2768 962 2818 dem mißtrauischen Blick, den wir schon gewohnt
199 2807 957 2849 waren: "Was haben halbwegs sauber gekleidete
210 2852 959 2915 Leute, Mädchen auch noch, in einem Fabrikdorf
204 2889 443 2954 zu suchen?" –\:p\
204 2946 621 3033 Unfreie und Freie
241 3017 959 3083 \p\Zwei Fabrikdörfer gehören zu Lumberton, in
204 3069 957 3114 East Lumberton allein leben ungefähr 1500 Men¬
210 3106 957 3151 schen, und doch hätten wir diesen Ort schlechthin
207 3143 957 3198 übersehen, wären wir nicht auf der Suche danach
212 3185 959 3235 gewesen, – so versteckt liegen die Bretterhütten
204 3222 957 3274 der Arbeiter in der Niederung, so unscheinbar
212 3261 959 3305 sind die schmutzigen und holperigen Wiesen¬
199 3298 957 3353 pfade, die von der Landstraße abzweigen... und
204 3337 957 3384 so verloren unter dem großen und düsteren
202 3374 957 3429 Himmel von North Carolina führen Hunderte von
204 3410 957 3460 ähnlichen Siedlungen eine trübe, unbeachtete
210 3450 957 3499 Existenz! – Myles Horton, der als erster TWOC‐
215 3492 957 3536 Organisator sieben Monate zuvor nach Lumber¬
210 3531 957 3570 ton gekommen war, hatte uns einen Brief an
210 3565 957 3615 mehrere seiner Freunde mitgegeben, und uns an
210 3602 957 3654 den "Laden von Mister Haynes" verwiesen. Es
218 3649 957 3699 gab nur zwei Läden in East Lumberton, – einer
210 3685 957 3725 davon, ein roher Backsteinbau neben der Mans¬
210 3720 957 3780 field‐Spinnerei, gehörte der Gesellschaft, dort
204 3756 957 3809 kauften, wie wir erfuhren, 75 Prozent aller Ar¬
204 3801 957 3856 beiter ihre Waren gegen "Kredit", der ihnen
212 3832 959 3885 ohne detaillierte Abrechnung vom Wochenlohn
210 3872 957 3924 abgezogen wurde. Man nannte sie kurzweg die
215 3914 959 3958 "unfreien" Arbeiter, weil sie infolge dieses Kre¬
212 3953 957 4003 ditsystems von Woche zu Woche an die Fabrik
212 3995 957 4029 verschuldet blieben, und die Mehrzahl von ihnen
215 4024 959 4073 überhaupt keinen Barlohn ausbezahlt bekam.
212 4066 959 4115 Der andere Laden wurde von den "freien" Ar¬
212 4110 957 4155 beite[sic]n frequentiert und diente den Gewerk¬
212 4142 957 4191 schaftern als Treffpunkt und Versammlungslokal.
215 4184 959 4228 Ein dürftiges Lokal, – ein winziger Raum, genau
215 4218 957 4267 genommen, ein Hüttchen im hohen Riedgras am
218 4257 957 4304 Weg, worin ein roher Ladentisch, ein paar Ge¬
215 4291 959 4357 stelle mit Konserven, Brotlaiben, Overalls, Schnür¬
212 4330 957 4383 riemen, Tabak und ein eiserner Ofen gerade Platz
223 4372 959 4419 fanden. Der Einschlag einer Gewehrkugel in der
220 4412 959 4456 Außenwand erinnerte an die Ereignisse des Früh¬
212 4446 957 4509 jahres, als Myles Horton und Strickland als "rote
218 4485 957 4527 Gewerkschafter" ihres Lebens nicht sicher waren,
218 4524 957 4574 ihre Wagen zertrümmert wurden, die Häuser der
220 4571 957 4608 Gewerkschaftsmitglieder Mannings und Frank
220 4603 957 4653 Sutton beschossen wurden, und der Bürgermeister
225 4645 959 4687 von East Lumberton, begleitet von einigen ehren¬
220 4674 957 4726 werten Persönlichkeiten und einem aufgewiegel¬
223 4721 957 4763 ten zweihundertköpfigen Mob nachts bei Man¬
215 4747 959 4797 nings erschien und ihm riet, aus der Gegend zu
218 4792 957 4831 verschwinden, andernfalls man sein Haus an¬
220 4831 957 4878 zünden und ihn mitsamt seinen Kindern aus¬
220 4868 912 4933 brennen würde wie Ratten in ihren Löchern.\:p\
1012 912 1748 988 \p\Damals war der "Laden von Haynes" ein re¬
978 972 1748 1030 lativ sicherer Zufluchtsort gewesen, weil Haynes
970 1017 1733 1072 nicht, wie sonst jeder Einwohner des Fabrik¬
970 1059 1748 1109 dorfs, in einer der Jennings Webereien und
983 1093 1746 1143 Spinnereien arbeitete, sondern ein freier Mann
970 1140 1746 1182 war, dem die Privatpolizei der Gesellschaft nicht
970 1177 1746 1216 viel anhaben konnte. Dort, mit den Arbeitern am
970 1214 1746 1253 heißen Ofen sitzend, in stundenlangen Gesprä¬
970 1258 1746 1295 chen mit ihnen, mit Mister Haynes hinter seinem
970 1290 1746 1342 Ladentisch, mit sechzehnjährigen Burschen, die
970 1326 1746 1368 schon zwei Jahre zuvor von sechs Uhr abends bis
970 1363 1746 1408 sechs Uhr morgens in der Fabrik gearbeitet hat¬
970 1405 1735 1450 ten, mit Arbeitslosen, die seit dem Streik im Mai
970 1450 1746 1489 nicht wieder eingestellt worden waren, erfuhren
970 1481 1746 1520 wir die Geschichte von Lumberton, die wir später
970 1518 1746 1575 im Archiv des "National Labor Relation Board",
970 1557 1596 1623 Ereignis nach Ereignis bestätigt fanden.\:p\
970 1636 1714 1717 Terror, Kinderarbeit, Streck‐aus
1017 1701 1748 1775 \p\Anfangs Mai hatte der junge Myles Horton,
970 1764 1727 1819 ein gebildeter, freundlicher, maßvoll denkender
970 1806 1746 1864 Mann, im Auftrag des TWOC mit der Organi¬
970 1843 1746 1882 sation der Arbeiter von Lumberton begonnen.
970 1879 1746 1924 Am 20. Mai telegraphierte er an das "Civil Liber¬
970 1916 1746 1961 ties Committee", daß man ihn und seinen Kol¬
970 1950 1727 1995 legen Strickland gewarnt habe, sie seien ihres
970 1995 1746 2052 Lebens nicht sicher, wenn sie die Gegend nicht
970 2037 1727 2081 sofort verließen. Zwei Tage später traf ein Ver¬
970 2071 1746 2123 treter des genannten Komitees und des "National
970 2110 1746 2149 Labor Relation Board" in Lumberton ein, um eine
970 2147 1746 2199 Untersuchung einzuleiten, die aber, von der
978 2181 1730 2239 Fabrikdirektion und den lokalen Behörden sabo¬
978 2225 1748 2278 tiert, erst am 11. Juni zur ersten Verhandlung
983 2260 1101 2322 führte.\:p\ [space]
1017 2296 1746 2367 \p\Fast gleichzeitig, am 2. Juni, wurde ein Auf¬
986 2357 1746 2419 seher zu zehn Dollar Buße verurteilt, weil ein
970 2406 1746 2453 vierzehnjähriges Mädchen in seiner Abteilung in
986 2446 1746 2488 zwölfstündigen Nachtschichten gearbeitet hatte.
986 2485 1746 2524 Das Mädchen war seine Tochter. In derselben
988 2516 1748 2571 Verhandlung wurden zwei Oberaufseher frei¬
970 2556 1746 2603 gesprochen, die den vierzehnjährigen John Floyd
970 2592 1746 2637 Boney elf Stunden täglich beschäftigt hatten, ob¬
970 2632 1746 2676 wohl sein Alter auf seiner Arbeitskarte vermerkt
983 2668 1746 2716 war. Seither befindet sich an der Mansfield‐Fabrik
970 2703 1746 2755 eine Anschrift: "Kinder unter vierzehn Jahren
970 2752 1746 2789 werden nicht beschäftigt", – dies, obwohl das
986 2789 1746 2849 Arbeitsgesetz von North Carolina die Alters¬
1748 912 2514 999 grenze für das Verbot von Kinderarbeit auf sech¬
1748 980 2178 1025 zehn Jahre festgesetzt hat.\:p\
1782 1009 2516 1062 \p\Am 26. Mai hatten die Jennings‐Baumwollfabri¬
1748 1059 2514 1104 ken von Lumberton die bisherigen Elf‐Stunden‐
1748 1093 2514 1138 Schichten auf zwei Acht‐Stunden‐Schichten re¬
1748 1135 2514 1172 duziert. Am 7. Juni traten etwa 400 Arbeiter in
1748 1174 2514 1219 North Lumberton, und bald darauf die Mehrheit
1748 1219 2514 1261 der Arbeiter der Mansfield‐Fabrik in East Lum¬
1748 1253 2514 1290 berton in Streik, weil die Fabriken ein "Streck‐
1748 1287 2516 1342 aus" ankündigten, um den durch den Wechsel
1748 1329 2514 1374 von der Elf‐Stunden‐Schicht zur Acht‐Stunden‐
1748 1360 2446 1410 Schicht entstandenen Verlust auszugleichen.\:p\
1801 1402 2514 1442 \p\Die Arbeiter, die mit der neuen, kürzeren
1748 1439 2514 1478 Schicht etwa ein Drittel weniger verdienten, soll¬
1748 1476 2514 1523 ten ohne Lohnsteigerung "gestreckt" werden, das
1748 1515 2514 1565 heißt größere Arbeitsquoten zugewiesen bekom¬
1754 1560 2514 1596 men. Da in den Webereien und Spinnereien von
1754 1594 2514 1636 Lumberton mehrmals "gestreckt" worden war,
1754 1628 2514 1678 war die Zumutung einer neuen Arbeitssteigerung
1759 1670 2516 1717 äußerst hart. Während der folgenden Monate be¬
1748 1706 2514 1754 gannen viele Frauen, ihre Kinder in die Fabrik
1759 1746 2514 1793 mitzunehmen, damit sie ihnen bei der Arbeit hel¬
1748 1790 2509 1830 fen sollten, weil sie fürchteten, sonst ihre Stellung
1748 1819 2514 1869 zu verlieren. Diese Umgehung des Verbots der
1748 1856 2514 1900 Kinderarbeit wurde von den lokalen Behörden
1748 1898 2506 1948 nicht beachtet. Aber der Streik wuchs und wurde
1759 1937 2516 1979 monatelang durchgehalten. Das "National Labor
1748 1974 2514 2026 Relation Board" führte am 2. September eine
1761 2018 2514 2058 zweite Verhandlung durch. Am 30. Oktober
1748 2052 2514 2105 wurde die Entscheidung bekanntgegeben. Die
1748 2089 2514 2134 Lumberton Fabriken wurden der Verletzung des
1748 2128 2514 2170 Wagner Act (Wagner‐Arbeitszeitgesetz von
1767 2165 2514 2210 1937), Einschüchterung und unberechtigter Ent¬
1759 2197 2516 2249 lassung von Arbeitern und Gewalttat schuldig er¬
1748 2241 2514 2288 klärt. Zehn der entlassenen Gewerkschafter, dar¬
1759 2280 2516 2322 unter Mannings, mußten wieder eingestellt, der
1748 2317 2514 2370 rückständige Lohn ihnen ausbezahlt werden. Die
1748 2362 2422 2414 Gewerkschaft des TWOC wurde anerkannt.\:p\
1801 2388 2516 2451 \p\Dieser Entscheid des Washingtoner Schieds¬
1748 2425 2514 2480 gerichtes hat Verhandlungen zwischen dem
1748 2467 2514 2519 TWOC und den Lumberton Fabriken über einen
1748 2519 2514 2558 Arbeitsvertrag veranlaßt, der weitere "Streck‐aus"
1748 2548 2514 2600 und Lohnkürzungen verunmöglichen würde. Aber
1748 2598 2514 2645 als wir in Lumberton im Laden von Haynes saßen,
1748 2626 2514 2684 war der Vertrag noch nicht unterzeichnet, und die
1748 2663 2514 2713 neue Krise der Textilindustrie kündigte einen
1748 2703 2514 2747 harten Winter an. Die Fabriken liefen nur noch
1748 2744 2514 2789 drei Tage wöchentlich. Die besten Weber ver¬
1748 2781 2514 2844 dienten noch 15 Dollar, die meisten Arbeiter
2543 904 3282 980 zwischen 6 und 9 Dollar, viele Frauen und junge
2543 978 3287 1020 Leute noch weniger pro Woche. Ein drei Wochen
2543 1014 3287 1059 zuvor durchgeführtes "Streck‐aus" hatte mehr
2543 1051 3287 1096 Leute arbeitslos gemacht. Ein Weber mußte jetzt
2543 1090 3282 1138 40 Webstühle übernehmen, wenn er seine Stelle
2543 1125 3279 1172 behalten wollte. Für einen falsch geknüpften
2543 1169 3290 1222 Faden wurde er 25 Cent (zirka 1 Franken) gebüßt.
2543 1206 3282 1250 Eine Frau füllte jetzt 60 Batterien mit je 24 Spulen,
2543 1245 3282 1292 die in je 6 Minuten ablaufen – also 240 Spulen
2543 1279 3282 1326 pro Minute. Mrs. Jacobs, Mutter von acht Kindern,
2543 1321 3287 1368 die seit zwanzig Jahren in Lumberton‐Fabriken
2543 1358 3287 1405 arbeitet, verdiente noch fünfeinhalb Dollar wö¬
2543 1397 3282 1439 chentlich, war an die Fabrik verschuldet, bekam
2543 1436 3292 1481 seit über einem Jahr keinen Barlohn, lebte mit
2543 1471 3282 1512 den Kindern und ihrem kranken Mann in einer
2543 1512 3292 1557 Zweizimmerhütte. In den meisten Häusern, die
2543 1549 3282 1594 wir besuchten, konnte nur die Küche geheizt wer¬
2543 1586 3282 1636 den, fehlten Fensterscheiben, hatte der Fußboden
2543 1625 3282 1667 faustgroße Löcher. Die Häuser gehörten der
2543 1664 3292 1709 Fabrikgesellschaft, die kein Geld übrig hatte, sie
2543 1704 3282 1746 streichen und auch notdürftig herrichten zu lassen.
2543 1741 3282 1782 Fließendes Wasser gab es nicht, die Toiletten be¬
2543 1777 3290 1824 fanden sich außerhalb der Häuser, das elektrische
2543 1819 3287 1877 Licht wurde von der Gesellschaft beliebig an¬
2543 1851 2923 1908 oder meistens abgestellt.\:p\
2571 1879 3290 1940 \p\Absoluter denn je schien die Jennings‐Gesell¬
2543 1914 3292 1976 schaft über "Leben und Eigentum" der Arbeiter
2543 1971 3287 2016 von Lumberton zu verfügen. Man brauchte ihre
2543 2010 3292 2055 Arbeitskraft nicht, und jeder Anlaß war willkom¬
2543 2047 3292 2097 men, um sie zu entlassen. "Ihr müßt das 'Streck‐
2543 2084 3300 2131 aus' auf euch nehmen, oder ihr könnt gehen und
2543 2121 3295 2173 bleiben, wo ihr wollt" – hatte man den Arbeitern
2543 2163 3295 2212 gesagt, noch bevor sie versuchten, gegen die
2543 2202 3300 2246 neue Arbeitssteigerung zu protestieren, die ihnen
2543 2246 3300 2280 nicht mehr Lohn einbrachte und viele unter ihnen
2543 2278 3292 2320 brotlos machen würde. Nicht einmal die TWOC‐
2543 2320 3295 2364 Gewerkschaft hatte diesmal protestiert, die Not
2543 2351 3290 2398 macht gefügig, und was nützt selbst das einzige
2543 2393 3290 2435 Druckmittel, das der organisierten Arbeiterschaft
2543 2430 3290 2474 zur Verfügung steht, der Streik, wenn die Auf¬
2543 2472 3290 2519 träge mangeln und die Maschinen ohnedies still¬
2540 2511 2663 2561 stehen?\:p\
2577 2522 3295 2587 \p\Tagelang hatten wir in den elenden Häusern
2543 2571 3290 2629 von Lumberton nichts anderes gesehen als Not,
2543 2624 3295 2666 Armut und Hunger. Solche Zustände, sollte man
2543 2663 3295 2710 meinen, würden auch den streitbarsten Geist und
2543 2703 3300 2742 das optimistischste und tapferste Gemüt zu bit¬
2543 2739 3300 2786 terer Resignation zwingen. Die Arbeiter der
2543 2776 3300 2818 Fabrikdörfer gehören zu der Klasse, die man im
2543 2818 3292 2860 Süden verächtlich als "arme Weiße" und zynisch
2543 2855 3292 2902 als "weißen Abschaum" bezeichnet. Aber unter
2543 2899 3295 2938 dem düsteren Himmel in der tief deprimierenden
2543 2931 3300 2980 Umgebung von Lumberton fanden wir Männer
2543 2970 3292 3017 und Frauen, die vernünftig, einsichtig, ohne Haß
2543 3009 3295 3056 über ihre jetzige Lage und über die Aussichten
2543 3046 3295 3096 der Zukunft sprachen. Hinter Haynes' Laden, unter
2543 3085 3295 3132 ein paar dünnen Fichten, stand ein primitives
2543 3122 3295 3166 Brettergerüst, die erste Rednertribüne der Ge¬
2543 3164 3295 3208 werkschaft, von der Myles Horton und Strickland
2543 3201 3295 3253 und Mannings und Frank Sutton zu den Arbeitern
2543 3248 3300 3287 gesprochen hatten. Mit weißer Farbe waren quer
2543 3282 3083 3332 über die Latten die Worte gemalt:\:p\
2548 3332 3007 3431 "Willkommen C.I.O."
2585 3410 3298 3476 \p\Bevor wir abfuhren – der Motor unseres Fords
2543 3471 3287 3518 ratterte schon störrisch in der grimmigen Kälte –,
2543 3505 3303 3560 baten uns die Männer in Haynes' Laden, von
2548 3552 3311 3604 dieser Tribüne eine Aufnahme zu machen. "Es ist
2548 3583 3300 3646 ein Symbol", sagten sie, "es bedeutet, daß Lum¬
2543 3625 3182 3688 berton nicht mehr ohne Hoffnung ist." –\:p\
