3789 5669
183 3775 781 3847 New York ist nicht Amerika.
138 3833 865 3879 \p\Wer den Neuen Erdteil noch nicht kennt, und das Zauber¬
120 3868 865 3908 wort „Amerika" vernimmt, denkt zuerst an die Wolken¬
117 3901 866 3939 kratzer, an jene fabelhaften Gebäude mit Schnellzugs–Lift
120 3939 865 3968 und hundert Stockwerken, deren oberste im Winde schwan¬
114 3968 854 4013 ken und sich mit der Bewegung der Erdkugel nach Osten
122 3998 852 4035 neigen. Und wer dann, eines Tages, wirklich über den
126 4025 865 4059 Ozean fährt, der erblickt tatsächlich zuerst nicht die waldige
123 4056 865 4095 Küste, nicht Ebene und Gebirge des großen Kontinents,
120 4084 865 4125 sondern die Stadt \g\New York\:g\, die in seinen Vorstellungen
126 4120 865 4155 Symbol und Ausgeburt des Wunderlandes der technischen
120 4148 865 4184 Vollkommenheit, des rasenden Fortschrittes ist, wo Zeit
120 4182 865 4214 Geld bedeutet, und Geld den eigentlichen Inhalt des
120 4211 865 4249 Lebens. Und es ist nicht zu leugnen: wie die Stadt New
120 4239 865 4276 York aus dem Meer autaucht, wie sich majestätisch und phan¬
126 4271 865 4308 tastisch die steinernen Türme aus blauem Abenddunst
126 4301 865 4340 und grauen Wogen erheben, wie die gewaltige Burg, ein
126 4331 865 4373 modernes Babylon, langsam näher rückt, Gestalt annimmt,
120 4364 865 4410 und doch an unsichtbaren Ketten aufgehängt in über¬
126 4389 865 4428 irdischen, übermenschlichen Bereichen schwebt – das ist
123 4421 865 4462 unvergeßlich und dieser Anblick prägt sich ein und bleibt
123 4456 833 4489 einer der großen Eindrücke, die Amerika zu bieten hat.\:p\
144 4486 865 4518 \p\Hinter der schier unendlichen Reihe der Docks, die den
126 4502 865 4554 Meeresarm und Hudsonfluß, den Hafen, säumen, tut sich
123 4541 865 4596 dann das Innere der Stadt auf wie ein alles verschlin¬
138 4578 865 4615 gender Schlund, und erst nach Tagen gewöhnt sich der
120 4608 865 4643 Fremdling an die Tiefe der Straßenschluchten, an die
120 4638 865 4674 tödliche, farblose Gleichform jener nur mit Zahlen be¬
123 4664 865 4709 nannten Längs– und Querstraßen, an die schwindelnde
120 4696 865 4746 und doch erschreckend monotone Gewalt des Verkehrs¬
126 4723 865 4770 stroms, in der man, einmal gefangen, den eigenen Willen
120 4761 857 4810 aufgeben, der langsam fortrollenden Schlange sich ein¬
120 4791 865 4836 reihen, dem Gesetz der roten und grünen Lampen und
126 4822 865 4858 gellenden Pfiffe aus Polizeimund sich ergeben muß, auf
132 4852 866 4898 Gnade und Ungnade. Das ist Amerika! Das sind die
135 4874 865 4935 Brücken, die sich von Ufer zu Ufer, und über ganze Stadt¬
869 3747 1646 3793 teile schwingen, die unten im Nebel brodeln, als gäbe es
872 3780 1646 3815 nicht Tag und Nacht, Morgen und Abend, Sonne und
878 3814 1647 3853 Sterne, Winde und Jahreszeiten. Das sind die Wohnungen
861 3838 1646 3876 von Millionen, Amerikanern und Chinesen, Negern und
861 3870 1647 3910 Namenlosen. Das sind die größten Kinos, die modernsten
861 3902 1646 3946 Spitäler, die schlimmsten Elendsquartiere, die prächtigsten
861 3927 1547 3977 Hotels der Welt. Das ist, noch einmal, Amerika!\:p\
896 3955 1647 4000 \p\Aber \g\hinter\:g\ dieser Stadt, dem Monstrum, der Ueber¬
861 3992 1646 4027 und Zukunftsstadt, hinter New York, das nur ein winziger
861 4018 1646 4070 Vorposten, eine Halbinsel und Flußmündung ist, erweitert
861 4057 1634 4105 sich Amerika, dehnen sich Ebenen hinter Ebenen aus,
861 4085 1646 4122 breitet sich der riesige, unerschöpfte Kontinent. Und nur
861 4114 1646 4158 wenige Stunden, nachdem man New York hinter sich
861 4138 1646 4188 gelassen hat, seinen Vororten und Rauchschwaden entron¬
861 4170 1647 4226 nen ist, beginnt die \g\Herrschaft der Landstraße\:g\, dieses
861 4204 1646 4242 wahren Symbols des andern Amerika. „Highroad“
861 4241 1646 4290 heißt sie, und windet sich nicht, wie in den alten Ländern
861 4268 1646 4312 Europas, von Dorf zu Dorf, von Hof zu Hof, sondern
861 4294 1646 4332 durchschneidet wie ein Pfeil die Hügel und Gebirge, und
861 4323 1647 4370 trägt die gleiche Nummer von der Grenze Kanadas bis
861 4364 1647 4402 zu den Tabakfeldern Virginiens und den schwülen Fluß¬
861 4384 1646 4425 häfen des Südens, wo spanisch oder französisch gesprochen
861 4420 1646 4454 wird, und wo Neger und Weiße auf den Baumwoll¬
880 4449 1646 4494 plantagen ihre melancholischen Lieder singen. Auf der
860 4478 1641 4520 Landstraße fährt man über die Alleghanies, auf der Route
861 4510 1646 4546 der alten Pioniere, die mit ihren Planwagen, mit Frau
861 4542 1646 4579 und Kind und Hausgerät, den Weg nach Westen und das
861 4569 1646 4603 Glück in den neuen Ebenen suchten, und auf der Land¬
861 4598 1646 4647 straße fährt man durch den Kohlengürtel, wo die Erde
861 4630 1645 4667 schwarz ist oder durch die fruchtbaren Hügel Pennsyl¬
861 4660 1646 4693 vaniens, auf ihr erreicht man die ragenden Hochöfen
861 4692 1646 4735 Pittsburghs und die gewaltigen Maschinenhallen von
861 4723 1451 4758 Detroit. Und \g\dies\:g\ alles ist Amerika!\:p\
918 4747 1647 4795 \p\In New York ist Wall Street, die Straße der Weltbanken,
861 4791 1646 4832 der Riesengewinne und Börsenstürze. Draußen, in den
861 4816 1646 4847 flachen Städten der „Provinz“, ist Mainstreet, gesäumt von
861 4848 1646 4884 Warenhaus, Drugstore und Tankstelle, da wird verdient
861 4876 1647 4935 und gespart, getrunken und dem Alltag gelebt. In New
1646 3742 2415 3782 York ist Broadway, mit dem Wirbelsturm sausender Licht¬
1646 3773 2415 3804 reklamen, den Fassaden der Kinohäuser, die die Nacht in
1646 3805 2415 3838 blendenden Tag verwandeln – draußen im Land führen
1646 3835 2415 3873 die dunklen Lehmwege zu den einsamen Häusern der
1646 3869 2415 3894 Farmer, die weder elektrisches Licht noch fließendes
1646 3894 2415 3937 Wasser kennen, und zu den kleinen Siedlungen, wo sich
1648 3934 2415 3964 abends die Männer im Drugstore um einen gut geheizten
1646 3955 2415 3998 Ofen versammeln, Tabak und Kaugummi spucken, Bier
1646 3988 2415 4027 trinken, und ein unverständliches Englisch und entstelltes,
1646 4018 2415 4052 fremdartiges Deutsch oder Französisch sprechen. In New
1668 4051 2415 4084 York gehen die Flimmerfilms von Hollywood über die
1646 4084 2415 4111 Leinwand und Stars tanzen gleichgültig über prächtige
1646 4112 2415 4141 Bühnen und Riesensummen fließen ihrer Schönheit zu.
1646 4139 2415 4179 Draußen, in den Großstädten der Industrie, sitzen Arbeiter
1646 4169 2407 4204 in Massenversammlungen, wird gestreikt und gehungert;
1646 4199 2416 4235 da laufen die Fordautos am laufenden Band aus den
1646 4232 2416 4270 Fabriken. In New York ist Harlem; da sitzen die Weißen
1646 4260 2415 4291 mit prickelnd–erregter Sensationslust in den stickigen Bars
1646 4288 2415 4327 der dunklen Landsleute und lassen sich hinreißen vom Rhyth¬
1646 4325 2415 4363 mus des „Afro–Americain“. Unten aber, in den armen
1646 4354 2401 4389 Staaten des „Alten Südens“, verteidigen weiße Tag¬
1646 4378 2398 4413 löhner ihre elende Existenz gegen die Konkurrenz der
1646 4410 2415 4461 Schwarzen, werden Neger gelyncht, herrscht das Gesetz
1646 4443 2153 4491 der Pionierzeit, der rohen Gewalt. – – \:p\
1677 4482 2415 4506 \p\Früher ging man nach Amerika, um sein Glück zu machen,
1646 4498 2415 4538 und wurde Geschirrwäscher in irgendeinem Restaurant
1645 4537 2415 4576 der Millionenstadt New York. Heute, seit dem großen
1646 4561 2415 4598 Schrecken der Krise, sind die jungen Amerikaner nachdenk¬
1646 4593 2415 4635 lich geworden, ihre Sehnsucht gilt nicht mehr New York,
1646 4629 2415 4661 ihre Arbeit nicht mehr nur der Dollarjagd. Sie beginnen,
1646 4652 2415 4697 New York zu meiden, es den Fremden zu überlassen. Sie
1646 4690 2416 4729 wollen das große, unendlich große und mißbrauchte Hin¬
1651 4712 2415 4758 terland, den reichen Kontinent, nicht mehr ausgebeutet
1646 4744 2415 4778 wissen wie eine Kolonie für Abenteurer. Sie wollen, die
1646 4768 2415 4811 Farmer, die Studenten, die Neger, die Industriearbeiter,
1646 4806 2416 4856 die Architekten, die Aerzte, – und das Heer der fünf Mil¬
1646 4838 2416 4880 lionen noch immer Arbeitslosen, – sie wollen Amerika
1646 4866 2415 4909 neu erobern, es neu besiedeln, es pflegen und bebauen!
2429 3738 3186 3779 New York mag, als ein Wunder und Phänomen, aber
2429 3777 3189 3806 auch als Warnung und tiefer Schrecken, bestehen bleiben
2429 3803 3186 3842 und den Ankömmling empfangen an der Schwelle zwischen
2429 3833 3183 3867 Ozean und Neuer Welt. Aber es soll nicht mehr Amerika
2429 3864 3178 3904 sein, nicht mehr Amerika beherrschen mit seiner Börse
2429 3892 3183 3930 und seinen Stars, seinem Lärm, seiner Oede, seinem
2429 3924 3186 3963 grausigen Spiel zwischen ganz arm und schwindelnd
2429 3957 3183 3995 reich. Die Vorposten Amerikas sind, wie schon einmal in
2429 3984 3180 4026 der Pionierzeit, draußen in den Grenzen der Grasebenen
2429 4018 3189 4054 und großen Wälder, in den namenlosen Siedlungen und
2429 4043 3183 4082 den Städten, die bisher nur eine Industrie, eine Auto¬
2429 4077 3189 4116 marke, ein Eisenerz bezeichneten und daneben keine eigenes
2429 4109 3189 4144 Leben führten, keine Zukunft und schönere, menschenwür¬
2429 4138 2726 4183 digere Existenz boten.\:p\
2448 4146 3187 4208 \p\Amerika glaubt, immer noch, an den Fortschritt. Aber
2429 4199 3183 4234 er wird nicht mehr an der Zahl der Stockwerke und der
2429 4232 3189 4269 Länge der Brücken gemessen. Er drückt sich nicht mehr
2429 4262 3178 4294 in den Ziffern der New Yorker Börsenkurse aus. New
2429 4293 3186 4332 York hat den Thron an die großen Landschaften der ameri¬
2429 4324 2854 4369 kanischen Zukunft verloren...\:p\
2783 4353 3148 4424 \g\Dr. Annemarie Clark.\:g\
