4298 7054
509 4656 1085 4731 Amerikanische Landstraße
558 4718 1042 4791 Von Dr. Annemarie \g\Clark\:g\
393 4786 1244 4832 \p\Man warnte mich, als ich ankam, gleich vor einer,
340 4819 1249 4863 wie mir schien, sehr charakteristischen Erscheinung zur
348 4856 1232 4896 Erfassung des Landes: vor der amerikanischen Land¬
346 4889 1248 4934 straße. "Sie erhalten ein falsches Bild von Amerika",
342 4924 1238 4962 sagte man mir, — aber ich fragte mich, inwiefern ein
339 4962 1248 5006 naiv empfangener Eindruck überhaupt ein "falsches
346 4993 1249 5034 Bild" ergeben soll? Man hatte mir dasselbe von New
346 5023 1241 5076 York gesagt, — vermutlich, damit ich mir nicht die
348 5062 1248 5107 "Mainstreet" kleiner Städte im Mittelwesten wie
340 5097 1248 5141 Wallstreet, und die Pueblostädte der Indianer in New
339 5134 1188 5187 Mexico als Wolkenkratzer-Visionen vorstellen sollte.\:p\
393 5169 1249 5212 \p\Ich weiß, was sich hinter solchen Warnungen ver¬
340 5205 1249 5249 birgt: die Amerikaner haben es satt, von den Aus¬
340 5242 1248 5283 ländern als ein Volk von Dollarrraffern und standar¬
340 5276 1248 5315 disierten Fordbesitzern betrachtet zu werden, — ihr
342 5313 1248 5352 Land aber als der Untergrund für eine riesige Land¬
342 5345 1226 5390 straße, versehen mit Tankstellen und „Quick-Lunch“-
342 5380 1248 5425 Eßbuden, zu dem Zweck, New York und Hollywood
336 5416 1248 5456 möglichst bequem zu verbinden! Denn die Amerikaner
339 5452 1248 5500 sind Individualisten, sie lieben es gar nicht, klassifi¬
340 5487 1248 5528 ziert zu werden, und sie dulden keine Einmischung in,
336 5520 1248 5561 und kein Urteil über das, was sie ihr Privatleben
340 5549 469 5596 nennen.\:p\
399 5591 1248 5633 \p\Nach alter Pionierweise betrachtet sich jeder als
342 5633 1248 5673 „Selfmademan“ oder als einer, der seine Chance hat,
339 5665 1248 5702 es zu werden, — und jeder besteht halsstarrig auf den
336 5696 1248 5735 Rechten, die ihm als Bürger eines demokratischen
340 5729 1248 5772 Staates zukommen. Als während der Wahlkampagne
339 5754 1248 5813 in einem Staat im Mittelwesten eine Landstraße ab¬
340 5800 1248 5837 gesperrt und vom Verkehr frei gemacht wurde, weil
334 5834 1248 5877 der Präsident vorbeikommen sollte, versuchten die
346 5862 1248 5913 Polizisten, einen Farmer zu bewegen, seinen alten
336 5902 1248 5946 Fordwagen mindestens aus der Fahrbahn auf den
340 5938 1248 5979 Straßenrand zu plazieren. Der Mann weigerte sich,
339 5970 1248 6018 erklärte, daß er für diese Straße so gut seine Steuern
340 6000 1248 6056 bezahlt habe wie der Präsident, und daß er folglich
1270 4650 2180 4688 das gleiche Recht habe, sie zu benutzen, wann immer
1273 4682 2180 4730 es ihm passe. Er argumentierte solange, bis der Wa¬
1276 4720 2182 4761 gen des Präsidenten ankam und dem Farmer notge¬
1270 4743 1573 4800 drungen auswich.\:p\
1370 4754 2180 4829 \p\— Ja, die Landstraße ist weitgehend öffentlicher
1250 4813 2180 4866 Besitz, — und zwar, es ist nicht zu leugnen, Besitz der
1282 4847 2182 4897 Fordwagen-Fahrer. Mögen die Amerikaner sich gegen
1276 4884 2180 4926 solche generelle Bezeichnungen sträuben, — sie haben
1250 4916 2180 4962 doch ihre Richtigkeit. Aber nicht, weil der Amerikaner
1250 4943 2180 5001 kein Individualist ist, — sondern weil er, als Indi¬
1250 4990 2180 5026 viduum, phantasielos ist. Und dies wiederum ist eine
1286 5017 2180 5058 Folge des allgemeinen Zeitmangels, eine Folge des
1250 5048 2180 5091 Umstandes, daß die meisten Amerikaner ganz in An¬
1250 5096 2167 5137 spruch genommen sind von der Notwendigkeit, Geld
1276 5127 2180 5162 zu verdienen, — eine Folge des praktischen, amerika¬
1276 5159 2180 5203 nischen Geschäftsgeistes. — Kehren wir zurück zu den
1250 5172 2182 5231 Fordbesitzern: sie machen einen großen Teil der Be¬
1250 5223 2180 5277 völkerung Amerikas aus, und sie sind die eigentlichen
1250 5244 2182 5302 Erfinder der „Highroads“, der großen Landstraßen.
1249 5298 2167 5342 Zuerst wurde das billige Automobil erfunden, als
1250 5332 2180 5365 Beförderungsmittel in Krieg und Frieden, zu Ge¬
1269 5358 2180 5412 schäfts- und familiären Vergnügungszwecken. Und
1250 5392 2180 5436 für die Arbeiter und kleinen Geschäftsleute, die Ver¬
1250 5425 2180 5475 lobten und Familienväter, die ihren Ford auf Raten¬
1250 5458 2182 5508 zahlung hin erworben hatten, wurden dann die
1250 5496 2164 5540 Straßen gebaut. Bei uns, im altmodischen Europa,
1249 5536 2164 5580 versuchen Ausflügler, eigene Wege zu gehen, versteckte
1276 5564 2180 5610 Picknickplätze zu entdecken, eigene Aussichtspunkte aus¬
1250 5603 2182 5644 findig zu machen. Dafür hat der Amerikaner keine Zeit.
1250 5637 2180 5671 Dafür legt er, während des Wochenends, mit Frau und
1250 5673 2179 5718 Kind und Radioapparat, erstaunliche Strecken zurück
1321 5701 2180 5748 — zum Vergnügen. Er und seinesgleichen bevölkern
1250 5708 2180 5787 die Landstraße, die, dunkel asphaltiert, durch weiße
1249 5751 2180 5815 Streifen in zwei, drei, oder vier Fahrbahnen einge¬
1250 5780 2180 5850 teilt, schnurgerade durch eine sonderbar gleichförmige
1250 5822 2180 5881 Vorstadtgegend eilt — Hunderte von Meilen weit. Ur¬
1250 5850 2180 5923 sprünglich dienten diese Straßen ausschließlich dem
1250 5895 2162 5953 Verkehr, oft folgten sie den mit sicherem Instinkt an¬
1250 5947 2180 5980 gelegten Indianerpfaden, oft waren sie die einzige
1250 5979 2180 6015 Verbindung einsamer Pioniersiedlungen mit der übri¬
1250 6000 2180 6054 gen Welt, d. h. mit dem Osten, mit den älteren
2205 4647 3111 4703 Städten, mit der Küste, mit den Absatzmärkten. Man
2205 4690 3110 4730 bemühte sich, neue Siedlungen in der Nähe der Land¬
2204 4723 3110 4771 straße anzulegen, — und heute begegnet man all den
2205 4759 3110 4805 sonderbaren „Dörfern“, die mit unserer Vorstellung
2205 4793 3111 4839 von einem Dorf nichts gemein haben, — Siedlungen,
2205 4826 3110 4870 die sich beiderseits der Straße hinziehen, und die aus¬
2205 4860 3110 4905 sehen, als seien sie eben erst, in Eile und provisorisch,
2205 4896 3110 4937 von Neuankömmlingen erstellt worden. — Heute aber
2204 4927 3092 4971 bemüht man sich, die Siedlungen von den „Highroads“
2204 4963 3110 5012 entfernt zu halten, oder, umgekehrt, beim Bau neuer
2205 4997 3098 5040 Straßen die Siedlungen zu vermeiden, damit die Be¬
2205 5027 3111 5076 wohner nicht ständig in Angst sein müssen, daß ihre
2205 5069 3110 5109 Kinder überfahren werden. — Ueberhaupt hat die
2209 5097 3110 5145 Landstraße ein eigenes Leben entwickelt, — ein Leben,
2205 5134 3111 5182 das nicht mehr notwendig nur dem Bedürfnis nach
2204 5167 3051 5211 Verkehr, also einem nützlichen Zweck, entspricht, —
2204 5198 3110 5251 sondern ein Wochenendvergnügungs- und Touristen¬
2205 5232 3110 5274 leben, das in seiner Art unvergleichlich ist, eben ame¬
2204 5271 3109 5317 rikanisch. Hunderte von Meilen „Vorstadt“ — das
2209 5302 3110 5354 war mein erster Eindruck. Endlich merkte ich, daß
2205 5338 3110 5387 diese Sorte von „Vorstadt“ niemals aufhört, daß sie
2205 5372 3110 5423 nichts mit der hinter- und der vor mir liegenden
2204 5406 3110 5458 Stadt zu tun hat, sondern mit der Landstraße selbst.
2205 5437 3110 5476 Die Landstraße zieht auf beiden Seiten einen schma¬
2204 5471 3110 5510 len Saum von Land in ihren Bereich. Daraus ent¬
2205 5508 3110 5559 steht etwas, das gleichermaßen an Vorstädte, Rummel¬
2209 5545 3110 5588 plätze, Chilbis, Bazars und Budenstraßen in einem
2205 5581 3111 5623 altmodischen Badeort erinnert. Da sind in erster Linie
2205 5610 3111 5660 die Tankstellen, lockend bemalt, großzügig angelegt,
2205 5644 3111 5690 bedient von höflichen jungen Männern oder Mädchen
2205 5678 3110 5719 in Uniformen, die aus dem Fundus einer Operetten¬
2205 5716 3104 5761 revue zu stammen scheinen. Zweierlei weiß der Ein¬
2205 5751 3110 5790 geweihte über die Tankstellen: sie sind, im Bereich der
2205 5785 3110 5830 Landstraße, die einzigen Orte mit gutausgestatteten
2205 5815 3110 5862 Toiletten und Waschgelegenheiten. Und — der Mann
2205 5851 3110 5890 von der Tankstelle ist nicht nur über Straßen infor¬
2204 5889 3110 5933 miert, sondern auch über politische Dinge, wie etwa:
2205 5916 3111 5968 die Aussichten für die Wahlkampagne, die Stimmung
2205 5952 3110 5997 der Farmer ringsum und der Arbeiter in der nächsten
2205 5986 3111 6030 Stadt, den vermutlichen Ausgang des Baseballspiels
2204 6019 2595 6066 vom nächsten Sonntag.\:p\
3182 4662 4047 4703 \p\Den Tankstellen stehen an Wichtigkeit die verschie¬
3131 4701 4047 4740 denen Eßgelegenheiten wenig nach. Man kann nicht
3131 4735 4047 4769 guten Gewissens ein weniger banales Wort gebrau¬
3131 4768 4044 4807 chen, für diese in ihrer Banalität schon wieder fast
3131 4802 4047 4845 romantischen Baracken, Bars und Buden, wo man in
3131 4840 4047 4879 ziemlich gleichbleibend schlechter Qualität immer das
3131 4876 4038 4915 Gleiche zu essen bekommt: Sandwichs, Hamburgers,
3131 4913 3716 4946 Hotdogs, manchmal Bohnensuppe.\:p\
3176 4939 4034 4982 \p\Hotdogs — heiße Hunde — sind Würstchen zwischen
3131 4961 4038 5013 zwei Brotscheiben, Hamburgers sind gehackte Beefsteaks
3139 5012 4038 5049 zwischen zwei Brotscheiben, Sandwichs bedeuten alles,
3131 5044 4047 5089 bis zu Schweinebraten mit Erbsen, Kartoffeln und
3131 5075 4041 5111 Apfelsalat mit Mayonnaise — zwischen zwei Brot¬
3131 5109 4035 5155 scheiben. Dazu trinkt man Kaffee, zehnmal am Tag,
3131 5150 4044 5191 einen sehr dünnen Kaffee mit viel sterilisierter Milch
3130 5182 3451 5227 aus Glasnäpfchen.\:p\
3188 5207 4037 5255 \p\Die nächste wichtige Einrichtung der amerikanischen
3130 5240 4038 5296 Landstraße sind die „Tourist-Camps". Hotels sind
3131 5281 4047 5325 schlecht und teuer, außerdem will man, einmal unter¬
3130 5319 4044 5361 wegs, nicht in Ortschaften übernachten. Touristenlager
3131 5348 4039 5391 sind romantisch und praktisch zugleich. Wegweiser zei¬
3131 5390 4047 5432 gen an: "Kabinen zu vermieten", — und auf einem
3131 5419 4038 5458 Grasplatz, oft mitten im Wald, findet man eine Reihe
3131 5451 4035 5495 von kleinen hölzernen Badekabinen, die sich als
3131 5484 4039 5527 Schlafzimmer entpuppen: mit einem riesigen Bett,
3131 5517 4038 5564 einer Waschschüssel, einer Bibel. Der Preis pro Kopf
3131 5555 4038 5596 und pro Nacht ist meistens ein Dollar. In einer grö¬
3131 5590 4038 5635 ßeren Baracke kocht eine rührige Besitzerin des Camps
3131 5623 4044 5665 Kaffee bis spät in die Nacht und früh am nächsten
3131 5655 4038 5702 Morgen. Da schläft man also, — neben jeder Kabine
3131 5689 3913 5733 steht ein Fordauto wie ein treuer Wachthund.\:p\
3184 5722 4038 5773 \p\Es gehört eine gewisse Uebung und Technik dazu,
3130 5754 4035 5807 die amerikanische Landstraße zu benützen, auf der rich¬
3131 5789 4044 5841 tigen, durch weiße Streifen bezeichneten Fahrbahn zu
3131 5829 4035 5868 bleiben, einen guten Hotdog-Stand von einem schlech¬
3131 5863 4035 5899 ten, und lausige Kabinen von sauberen, neugestriche¬
3130 5899 4038 5944 nen zu unterscheiden. Um so leichter wird es einem ge¬
3131 5934 4038 5972 macht, sich abends in der Bibel, oder, häufiger, im
3131 5965 4038 6005 Gebetbuch auszukennen, denn da gibt es, auf der
3131 5996 4038 6039 letzten Seite, ein Verzeichnis, eine Art von Gebrauchs¬
3131 6034 4047 6075 anweisung: "Gebet im Fall von Krankheit, oder im\fml\\:p\
237 4529 1146 4574 \fml\\p\Fall, daß die Geschäfte schlecht gehen." Wichtig wäre
232 4565 1138 4603 eine Gebrauchsanweisung für alle Ratschläge, War¬
232 4593 1153 4644 nungen und Einladungen, die den Neuling auf seinem
232 4633 1143 4673 Weg verwirren, etwa in folgender Art: "Stop eine
234 4667 1131 4703 Meile von hier, nimm eine Dusche, und fühle dich zu
232 4701 1138 4741 Hause" — oder: "Fahre eine halbe Meile rückwärts,
234 4734 1153 4775 biege nach links ein, und du findest eine vorzügliche
229 4774 1083 4815 Hühner-Mahlzeit ("Chicken-dinner") zu 45 Cents", —
232 4799 1153 4842 oder endlich: "Bist du bereit, heute noch deinem Er¬
225 4839 1154 4878 löser zu begegnen?" Wie weit käme der Unglückliche,
232 4872 959 4912 der allen Ratschlägen Folge leisten würde?\:p\
283 4897 1154 4945 \p\Aber, einmal mit den Eigenheiten, dem allgemei¬
232 4939 1153 4988 nen Charakter der Landstraße vertraut, beginnt man,
232 4976 1132 5017 auf ganz andere Dinge aufmerksam zu werden. Da
225 5007 1154 5045 sind die Buden am Wegrand: mit buntgestrichenen
232 5044 1154 5082 Karussellpferdchen, die die Reisenden kindlich erfreuen
234 5077 1134 5117 sollen, aber auch mit allerhand Farmprodukten, die je
225 5114 1154 5154 nach dem Staat, den man gerade durcheilt, verschieden
229 5147 1153 5184 sind. Mais, Früchte, Tomaten, Honig, Töpfereiwaren,
244 5186 1153 5222 — und, im gebirgigen Vermont, "Maplesugar“ werden
232 5215 1153 5253 zum Verkauf geboten. Man erfährt, daß Farmer, die
238 5252 1153 5284 zu weit von einem Marktplatz entfernt wohnen, um
225 5282 1131 5320 ihre Produkte absetzen zu können, einen Stand an der
232 5311 1153 5348 Landstraße errichten, um so ihr Einkommen an Bar¬
232 5352 1134 5395 geld zu erhöhen. Und man weiß, daß man sich, wenn
234 5385 1153 5425 vor holländisch anmutenden Bauernhäusern Blumen
233 5415 1153 5467 angeboten werden, in Pennsylvanien befindet. Hoch
232 5448 1153 5491 oben im Norden aber gibt es weniger Buden, die
234 5489 1138 5531 Straße hat nur noch zwei parallele Fahrbahnen und
234 5521 1153 5554 windet sich über Hügel und durch einsames Waldge¬
233 5556 1130 5601 birge. Man wird aufmerksam auf die Verschieden¬
232 5588 1153 5626 heiten, und man wird allmählich den ersten Stimmen
234 5626 1153 5663 zugänglich, die vor den Landstraßen warnten: sie
232 5657 1153 5700 geben zwar kein falsches Bild, aber dieses Bild ist
225 5686 1154 5728 nicht mehr so wichtig, — sollte es jedenfalls nicht mehr
232 5725 1153 5769 sein. Denn das amerikanische Bewußtsein macht eine
238 5758 1153 5804 Wandlung durch, es erkennt die Versklavung durch
234 5793 1153 5829 Dollarjagd, Fordwagen und eine Technik, die sich vom
232 5828 1153 5863 Menschen emanzipiert hat, statt ihm zu dienen. Und
225 5864 1154 5899 wie sich das neue, junge Amerika wegwendet von der
232 5894 1153 5927 Metropole New York, und "Amerika" in den vielfäl¬
234 5927 1153 5967 tigen Städten und Städtchen entdeckt, — so wendet es
232 5963 1154 6000 sich ab von dem standardisierten Eigenleben der gro-
232 5996 1153 6037 ßen Landstraße, zweigt ab in das Hinterland mit sei¬
232 6031 1153 6067 nem vielfältigen Atem, seinen vielfältigen Lebens¬
238 6064 1029 6124 formen, den Quellen seiner besseren Zukunft. — —\:p\
