<?xml version="1.0" encoding="UTF-8"?>
<validation-wrapper>
   <PcGts xmlns="http://schema.primaresearch.org/PAGE/gts/pagecontent/2013-07-15"
          xmlns:xsi="http://www.w3.org/2001/XMLSchema-instance"
          xsi:schemaLocation="http://schema.primaresearch.org/PAGE/gts/pagecontent/2013-07-15 http://schema.primaresearch.org/PAGE/gts/pagecontent/2013-07-15/pagecontent.xsd">
      <Metadata>
         <Creator>prov=READ-COOP:name=PyLaia@TranskribusPlatform:version=2.23.0:model_id=39995:lm=none:date=20_02_2025_22:55</Creator>
         <Created>2025-02-20T22:13:36.753+01:00</Created>
         <LastChange>2025-02-26T17:57:54.249+01:00</LastChange>
         <TranskribusMetadata docId="7026094"
                              pageId="91963693"
                              pageNr="1"
                              tsid="230470129"
                              status="IN_PROGRESS"
                              userId="194245"
                              imgUrl="https://files.transkribus.eu/Get?id=PWUSGZHBNTJUDHNSMCHEJEBR&amp;fileType=view"
                              xmlUrl="https://files.transkribus.eu/Get?id=WMMZLSMWIOBKTBEWJJFJTBTS"
                              imageId="76758578"/>
      </Metadata>
      <Page imageFilename="smallform_0164_001.jpg"
            imageWidth="4305"
            imageHeight="7105">
         <ReadingOrder>
            <OrderedGroup id="ro_1740589074250" caption="Regions reading order">
               <RegionRefIndexed index="0" regionRef="r_2"/>
               <RegionRefIndexed index="1" regionRef="r_3"/>
               <RegionRefIndexed index="2" regionRef="r_4"/>
               <RegionRefIndexed index="3" regionRef="r_1"/>
            </OrderedGroup>
         </ReadingOrder>
         <TextRegion id="r_2" custom="readingOrder {index:0;}">
            <Coords points="1291,6162 348,6162 348,4615 1291,4615"/>
            <TextLine id="r_2_tl_1" custom="readingOrder {index:0;}">
               <Coords points="512,4702 577,4725 744,4703 808,4722 878,4702 984,4719 1026,4701 1074,4726 1119,4709 1120,4646 1055,4639 903,4665 794,4668 742,4643 513,4659"/>
               <Baseline points="519,4698 540,4695 585,4695 629,4695 674,4695 719,4695 764,4692 809,4692 853,4692 898,4692 943,4692 988,4692 1032,4692 1077,4692 1122,4692"/>
               <TextEquiv>
                  <Unicode>Spuren des alten Persien</Unicode>
               </TextEquiv>
            </TextLine>
            <TextLine id="r_2_tl_2" custom="readingOrder {index:1;}">
               <Coords points="578,4765 666,4751 825,4778 875,4754 1057,4758 1058,4715 578,4721"/>
               <Baseline points="585,4752 611,4749 656,4749 701,4749 746,4749 791,4749 835,4746 880,4749 925,4749 970,4746 1015,4746 1059,4749"/>
               <TextEquiv>
                  <Unicode>Von \g\Annemarie Clark\:g\</Unicode>
               </TextEquiv>
            </TextLine>
            <TextLine id="r_2_tl_3" custom="readingOrder {index:2;}">
               <Coords points="410,4811 1288,4817 1288,4766 410,4772"/>
               <Baseline points="417,4803 423,4803 468,4803 513,4803 558,4803 603,4800 647,4800 692,4800 737,4800 782,4800 826,4803 871,4800 916,4800 961,4800 1006,4800 1050,4800 1095,4797 1140,4797 1185,4800 1229,4800 1274,4800 1291,4802"/>
               <TextEquiv>
                  <Unicode>\p\Als die ersten Europäer, Reisende, Gesandte frem¬</Unicode>
               </TextEquiv>
            </TextLine>
            <TextLine id="r_2_tl_4" custom="readingOrder {index:3;}">
               <Coords points="358,4845 1288,4848 1249,4808 358,4811"/>
               <Baseline points="364,4839 408,4839 453,4839 498,4839 543,4839 588,4836 632,4839 677,4836 722,4836 767,4839 812,4836 856,4836 901,4836 946,4836 991,4833 1035,4833 1080,4836 1125,4836 1170,4833 1215,4833 1259,4836 1286,4839 1291,4839"/>
               <TextEquiv>
                  <Unicode>der Höfe, nach Persien gelangten, fanden sie staunend,</Unicode>
               </TextEquiv>
            </TextLine>
            <TextLine id="r_2_tl_5" custom="readingOrder {index:4;}">
               <Coords points="364,4882 1288,4881 1288,4853 1183,4841 364,4847"/>
               <Baseline points="370,4874 414,4874 459,4874 504,4874 549,4872 594,4874 638,4872 683,4872 728,4872 773,4872 817,4872 862,4872 907,4872 952,4872 997,4869 1041,4869 1086,4869 1131,4869 1176,4869 1220,4869 1265,4874 1280,4874 1291,4874"/>
               <TextEquiv>
                  <Unicode>daß ein nicht geringer Teil heimischer Gewohnheiten,</Unicode>
               </TextEquiv>
            </TextLine>
            <TextLine id="r_2_tl_6" custom="readingOrder {index:5;}">
               <Coords points="358,4919 1288,4928 1288,4881 1250,4877 358,4881"/>
               <Baseline points="364,4910 376,4910 420,4907 465,4907 510,4907 555,4907 600,4907 644,4907 689,4907 734,4907 779,4907 823,4907 868,4910 913,4910 958,4907 1003,4907 1047,4904 1092,4907 1137,4904 1182,4904 1226,4904 1271,4907 1291,4909"/>
               <TextEquiv>
                  <Unicode>vor allem aber ritterliche Sitte, Jagd und Reiterspiele,</Unicode>
               </TextEquiv>
            </TextLine>
            <TextLine id="r_2_tl_7" custom="readingOrder {index:6;}">
               <Coords points="358,4953 1288,4951 1255,4913 358,4925"/>
               <Baseline points="364,4943 376,4946 420,4943 465,4943 510,4946 555,4943 600,4943 644,4943 689,4943 734,4943 779,4943 823,4943 868,4943 913,4943 958,4943 1003,4943 1047,4943 1092,4940 1137,4940 1182,4940 1226,4940 1271,4940 1291,4945"/>
               <TextEquiv>
                  <Unicode>eiserne Rüstung des Mittelalters, in diesem entfernten</Unicode>
               </TextEquiv>
            </TextLine>
            <TextLine id="r_2_tl_8" custom="readingOrder {index:7;}">
               <Coords points="358,4990 1288,4991 1288,4952 1109,4944 358,4960"/>
               <Baseline points="364,4982 385,4979 429,4979 474,4979 519,4979 564,4979 609,4979 653,4979 698,4979 743,4979 788,4979 832,4979 877,4979 922,4979 967,4979 1012,4979 1056,4979 1101,4979 1146,4976 1191,4976 1235,4976 1280,4979 1291,4980"/>
               <TextEquiv>
                  <Unicode>asiatischen Reich seinen Ursprung hatte. Man jagte</Unicode>
               </TextEquiv>
            </TextLine>
            <TextLine id="r_2_tl_9" custom="readingOrder {index:8;}">
               <Coords points="364,5028 1288,5018 1280,4989 1083,4982 364,4992"/>
               <Baseline points="370,5018 373,5018 417,5015 462,5015 507,5015 552,5015 597,5015 641,5015 686,5015 731,5015 776,5015 820,5018 865,5015 910,5015 955,5015 1000,5015 1044,5015 1089,5015 1134,5012 1179,5012 1223,5012 1268,5015 1291,5017"/>
               <TextEquiv>
                  <Unicode>mit Falken und Hunden, spielte Polo auf dem Mei¬</Unicode>
               </TextEquiv>
            </TextLine>
            <TextLine id="r_2_tl_10" custom="readingOrder {index:9;}">
               <Coords points="364,5060 1288,5054 1281,5017 364,5023"/>
               <Baseline points="370,5054 414,5051 459,5051 504,5051 549,5051 594,5051 638,5051 683,5051 728,5051 773,5051 817,5051 862,5051 907,5051 952,5051 997,5051 1041,5051 1086,5051 1131,5051 1176,5051 1220,5048 1265,5051 1291,5051"/>
               <TextEquiv>
                  <Unicode>dan-i-Schah, dem großen Platz im Herzen der Stadt</Unicode>
               </TextEquiv>
            </TextLine>
            <TextLine id="r_2_tl_11" custom="readingOrder {index:10;}">
               <Coords points="370,5098 1223,5101 1204,5058 370,5064"/>
               <Baseline points="376,5089 420,5086 465,5086 510,5086 555,5086 600,5086 644,5086 689,5086 734,5086 779,5086 823,5086 868,5086 913,5086 958,5086 1003,5086 1047,5086 1092,5086 1137,5083 1182,5083 1226,5092"/>
               <TextEquiv>
                  <Unicode>Isfahan, unter den Augen verschleierter Damen, –</Unicode>
               </TextEquiv>
            </TextLine>
            <TextLine id="r_2_tl_12" custom="readingOrder {index:11;}">
               <Coords points="370,5129 1288,5136 1288,5096 1235,5092 370,5096"/>
               <Baseline points="376,5125 391,5122 435,5122 480,5122 525,5122 570,5122 614,5119 659,5122 704,5122 749,5122 794,5122 838,5122 883,5122 928,5122 973,5119 1017,5119 1062,5119 1107,5122 1152,5119 1197,5119 1241,5119 1286,5122 1291,5122"/>
               <TextEquiv>
                  <Unicode>den orientalischen Schleier trugen auch die christlichen</Unicode>
               </TextEquiv>
            </TextLine>
            <TextLine id="r_2_tl_13" custom="readingOrder {index:12;}">
               <Coords points="370,5168 1288,5168 1255,5125 370,5132"/>
               <Baseline points="376,5161 420,5158 465,5158 510,5158 555,5158 600,5158 644,5158 689,5158 734,5158 779,5158 823,5158 868,5158 913,5155 958,5158 1003,5155 1047,5155 1092,5155 1137,5155 1182,5155 1226,5155 1271,5155 1291,5156"/>
               <TextEquiv>
                  <Unicode>Frauen der Kreuzritter-Städte, von ihnen übernahmen</Unicode>
               </TextEquiv>
            </TextLine>
            <TextLine id="r_2_tl_14" custom="readingOrder {index:13;}">
               <Coords points="364,5202 1288,5202 1288,5168 1211,5163 364,5165"/>
               <Baseline points="370,5197 391,5194 435,5194 480,5194 525,5194 570,5194 614,5194 659,5194 704,5194 749,5194 794,5194 838,5194 883,5194 928,5194 973,5194 1017,5191 1062,5191 1107,5191 1152,5191 1197,5191 1241,5194 1286,5194 1291,5194"/>
               <TextEquiv>
                  <Unicode>ihn, als eine Modeangelegenheit, die maskenfreudigen</Unicode>
               </TextEquiv>
            </TextLine>
            <TextLine id="r_2_tl_15" custom="readingOrder {index:14;}">
               <Coords points="372,5239 1260,5235 1260,5201 372,5205"/>
               <Baseline points="379,5233 411,5227 456,5230 501,5230 546,5230 591,5230 635,5227 680,5230 725,5230 770,5230 814,5230 859,5230 904,5230 949,5227 994,5227 1038,5227 1083,5227 1128,5227 1173,5227 1218,5230 1262,5227"/>
               <TextEquiv>
                  <Unicode>Venezianerinnen ... Das erste Buch über das „mo¬</Unicode>
               </TextEquiv>
            </TextLine>
            <TextLine id="r_2_tl_16" custom="readingOrder {index:15;}">
               <Coords points="370,5271 1288,5274 1253,5237 370,5240"/>
               <Baseline points="376,5266 420,5263 465,5263 510,5263 555,5263 600,5263 644,5263 689,5266 734,5266 779,5266 823,5266 868,5266 913,5263 958,5266 1003,5266 1047,5263 1092,5266 1137,5263 1182,5263 1226,5263 1265,5266 1291,5267"/>
               <TextEquiv>
                  <Unicode>derne“ Persien schrieb der deutsche Junker Jobst Man¬</Unicode>
               </TextEquiv>
            </TextLine>
            <TextLine id="r_2_tl_17" custom="readingOrder {index:16;}">
               <Coords points="370,5306 1288,5302 1225,5270 370,5271"/>
               <Baseline points="376,5301 420,5298 465,5301 510,5298 555,5298 600,5298 644,5298 689,5298 734,5301 779,5301 823,5301 868,5298 913,5298 958,5298 1003,5301 1047,5298 1092,5298 1137,5298 1182,5298 1226,5298 1271,5301 1280,5301 1291,5301"/>
               <TextEquiv>
                  <Unicode>delslo, seither sind nahezu 300 Jahre vergangen. Man</Unicode>
               </TextEquiv>
            </TextLine>
            <TextLine id="r_2_tl_18" custom="readingOrder {index:17;}">
               <Coords points="370,5347 1263,5351 1250,5310 370,5310"/>
               <Baseline points="376,5337 420,5334 465,5334 510,5334 555,5334 600,5334 644,5334 689,5334 734,5334 779,5334 823,5337 868,5337 913,5337 958,5337 1003,5337 1047,5334 1092,5334 1137,5334 1182,5334 1226,5334 1265,5337"/>
               <TextEquiv>
                  <Unicode>kennt ritterliches Gewand, Turnier, Jagd und Wind¬</Unicode>
               </TextEquiv>
            </TextLine>
            <TextLine id="r_2_tl_19" custom="readingOrder {index:18;}">
               <Coords points="366,5380 1289,5373 1289,5347 1084,5337 366,5347"/>
               <Baseline points="373,5376 414,5370 459,5370 504,5370 549,5370 594,5370 638,5370 683,5370 728,5370 773,5370 817,5370 862,5373 907,5370 952,5370 997,5370 1041,5370 1086,5370 1131,5370 1176,5370 1220,5370 1265,5370 1291,5372"/>
               <TextEquiv>
                  <Unicode>spiele aus den köstlichen Miniaturen des 16. und des</Unicode>
               </TextEquiv>
            </TextLine>
            <TextLine id="r_2_tl_20" custom="readingOrder {index:19;}">
               <Coords points="372,5415 1289,5413 1289,5373 372,5383"/>
               <Baseline points="379,5412 382,5409 426,5409 471,5406 516,5406 561,5406 606,5406 650,5406 695,5406 740,5406 785,5406 829,5406 874,5406 919,5406 964,5406 1009,5406 1053,5406 1098,5406 1143,5406 1188,5406 1232,5406 1277,5406 1291,5407"/>
               <TextEquiv>
                  <Unicode>17. Jahrhunderts — sie werden selten, in Persien selbst</Unicode>
               </TextEquiv>
            </TextLine>
            <TextLine id="r_2_tl_21" custom="readingOrder {index:20;}">
               <Coords points="372,5453 1289,5452 1289,5418 1238,5412 372,5415"/>
               <Baseline points="379,5448 423,5442 468,5442 513,5442 558,5442 603,5442 647,5442 692,5442 737,5442 782,5442 826,5442 871,5442 916,5442 961,5442 1006,5442 1050,5442 1095,5442 1140,5442 1185,5442 1229,5442 1274,5442 1291,5445"/>
               <TextEquiv>
                  <Unicode>findet man sie kaum bei den Händlern, eher in Häu¬</Unicode>
               </TextEquiv>
            </TextLine>
            <TextLine id="r_2_tl_22" custom="readingOrder {index:21;}">
               <Coords points="370,5496 1272,5487 1272,5451 1142,5443 370,5453"/>
               <Baseline points="376,5481 379,5481 423,5478 468,5478 513,5478 558,5478 603,5478 647,5478 692,5478 737,5478 782,5478 826,5478 871,5478 916,5478 961,5478 1006,5478 1050,5478 1095,5478 1140,5478 1185,5478 1229,5478 1274,5478"/>
               <TextEquiv>
                  <Unicode>sern alter Familien, die ein wundervoll illustriertes</Unicode>
               </TextEquiv>
            </TextLine>
            <TextLine id="r_2_tl_23" custom="readingOrder {index:22;}">
               <Coords points="366,5529 1289,5514 1289,5478 1200,5506 366,5496"/>
               <Baseline points="373,5519 376,5519 420,5513 465,5513 510,5513 555,5513 600,5513 644,5513 689,5513 734,5513 779,5513 823,5513 868,5516 913,5513 958,5513 1003,5513 1047,5513 1092,5513 1137,5513 1182,5513 1226,5513 1271,5513 1291,5515"/>
               <TextEquiv>
                  <Unicode>„Schahname“ des Dichters Firduzi aufbewahren. Es</Unicode>
               </TextEquiv>
            </TextLine>
            <TextLine id="r_2_tl_24" custom="readingOrder {index:23;}">
               <Coords points="364,5560 1288,5554 1288,5526 1215,5517 364,5534"/>
               <Baseline points="370,5555 379,5552 423,5549 468,5549 513,5546 558,5549 603,5549 647,5549 692,5549 737,5549 782,5549 826,5549 871,5549 916,5549 961,5549 1006,5549 1050,5549 1095,5549 1140,5549 1185,5546 1229,5549 1274,5552 1291,5551"/>
               <TextEquiv>
                  <Unicode>gibt noch kein malerisches Persien, kein Touristenland,</Unicode>
               </TextEquiv>
            </TextLine>
            <TextLine id="r_2_tl_25" custom="readingOrder {index:24;}">
               <Coords points="364,5592 1266,5598 1266,5565 1212,5555 364,5562"/>
               <Baseline points="370,5585 414,5585 459,5582 504,5582 549,5585 594,5585 638,5585 683,5585 728,5585 773,5585 817,5585 862,5585 907,5585 952,5585 997,5585 1041,5585 1086,5585 1131,5585 1176,5585 1220,5582 1265,5585 1268,5585"/>
               <TextEquiv>
                  <Unicode>wo man alte Trachten, ländliche Sitten, Spezialitäten</Unicode>
               </TextEquiv>
            </TextLine>
            <TextLine id="r_2_tl_26" custom="readingOrder {index:25;}">
               <Coords points="370,5631 1288,5624 1253,5592 370,5592"/>
               <Baseline points="376,5621 420,5621 465,5618 510,5621 555,5621 600,5618 644,5618 689,5621 734,5621 779,5621 823,5621 868,5621 913,5621 958,5621 1003,5621 1047,5621 1092,5621 1137,5621 1182,5621 1226,5621 1271,5621 1280,5621 1291,5621"/>
               <TextEquiv>
                  <Unicode>des Kunsthandwerkes zur Schau stellte. Perserteppiche</Unicode>
               </TextEquiv>
            </TextLine>
            <TextLine id="r_2_tl_27" custom="readingOrder {index:26;}">
               <Coords points="364,5664 1288,5663 1288,5625 364,5633"/>
               <Baseline points="370,5657 414,5654 459,5654 504,5654 549,5654 594,5654 638,5657 683,5657 728,5657 773,5657 817,5657 862,5657 907,5657 952,5657 997,5657 1041,5654 1086,5657 1131,5657 1176,5657 1220,5657 1265,5657 1271,5660 1291,5658"/>
               <TextEquiv>
                  <Unicode>kauft man nach einer verbreiteten Ansicht besser in</Unicode>
               </TextEquiv>
            </TextLine>
            <TextLine id="r_2_tl_28" custom="readingOrder {index:27;}">
               <Coords points="366,5705 1289,5699 1266,5664 366,5664"/>
               <Baseline points="373,5695 382,5692 426,5689 471,5689 516,5689 561,5692 606,5689 650,5692 695,5692 740,5692 785,5692 829,5692 874,5692 919,5692 964,5692 1009,5692 1053,5689 1098,5692 1143,5692 1188,5692 1232,5692 1277,5689 1291,5691"/>
               <TextEquiv>
                  <Unicode>Damaskus als in Teheran, die schönsten Miniaturen</Unicode>
               </TextEquiv>
            </TextLine>
            <TextLine id="r_2_tl_29" custom="readingOrder {index:28;}">
               <Coords points="364,5732 1288,5735 1258,5699 364,5705"/>
               <Baseline points="370,5728 414,5725 459,5725 504,5725 549,5725 594,5725 638,5725 683,5725 728,5725 773,5728 817,5728 862,5728 907,5728 952,5728 997,5728 1041,5728 1086,5725 1131,5728 1176,5728 1220,5728 1265,5731 1271,5728 1291,5728"/>
               <TextEquiv>
                  <Unicode>befinden sich längst in ausländischen Sammlungen, die</Unicode>
               </TextEquiv>
            </TextLine>
            <TextLine id="r_2_tl_30" custom="readingOrder {index:29;}">
               <Coords points="364,5772 1288,5766 1228,5735 364,5737"/>
               <Baseline points="370,5764 414,5761 459,5761 504,5761 549,5764 594,5761 638,5761 683,5761 728,5761 773,5764 817,5764 862,5764 907,5764 952,5764 997,5764 1041,5764 1086,5764 1131,5761 1176,5761 1220,5761 1265,5764 1280,5764 1291,5764"/>
               <TextEquiv>
                  <Unicode>kostbarsten Keramiken von Rhages und Sultanabad</Unicode>
               </TextEquiv>
            </TextLine>
            <TextLine id="r_2_tl_31" custom="readingOrder {index:30;}">
               <Coords points="370,5808 1288,5806 1288,5767 370,5775"/>
               <Baseline points="376,5800 420,5797 465,5797 510,5797 555,5797 600,5797 644,5797 689,5797 734,5800 779,5800 823,5800 868,5800 913,5800 958,5797 1003,5797 1047,5800 1092,5797 1137,5797 1182,5797 1226,5797 1271,5803 1280,5800 1291,5800"/>
               <TextEquiv>
                  <Unicode>vielleicht in Rußland. Heute kommen Geschäftsleute</Unicode>
               </TextEquiv>
            </TextLine>
            <TextLine id="r_2_tl_32" custom="readingOrder {index:31;}">
               <Coords points="364,5837 1222,5853 1288,5840 1287,5806 363,5805"/>
               <Baseline points="370,5836 414,5833 459,5836 504,5833 549,5836 594,5833 638,5833 683,5833 728,5833 773,5836 817,5836 862,5836 907,5836 952,5836 997,5833 1041,5836 1086,5836 1131,5836 1176,5833 1220,5833 1265,5836 1271,5836 1291,5836"/>
               <TextEquiv>
                  <Unicode>nach Iran, Vertreter europäischer und amerikanischer</Unicode>
               </TextEquiv>
            </TextLine>
            <TextLine id="r_2_tl_33" custom="readingOrder {index:32;}">
               <Coords points="366,5875 1289,5880 1289,5840 366,5841"/>
               <Baseline points="373,5875 382,5872 426,5869 471,5869 516,5869 561,5869 606,5869 650,5869 695,5869 740,5869 785,5872 829,5872 874,5872 919,5872 964,5869 1009,5869 1053,5869 1098,5869 1143,5869 1188,5869 1232,5872 1277,5869 1291,5871"/>
               <TextEquiv>
                  <Unicode>Firmen, welche Radioapparate und Schienenmaterial</Unicode>
               </TextEquiv>
            </TextLine>
            <TextLine id="r_2_tl_34" custom="readingOrder {index:33;}">
               <Coords points="364,5910 1288,5912 1219,5876 364,5880"/>
               <Baseline points="370,5907 414,5904 459,5904 504,5904 549,5904 594,5904 638,5904 683,5907 728,5907 773,5907 817,5907 862,5907 907,5907 952,5907 997,5907 1041,5904 1086,5904 1131,5907 1176,5904 1220,5904 1265,5907 1277,5910 1291,5909"/>
               <TextEquiv>
                  <Unicode>verkaufen wollen, Ingenieure für den Bahnbau,</Unicode>
               </TextEquiv>
            </TextLine>
            <TextLine id="r_2_tl_35" custom="readingOrder {index:34;}">
               <Coords points="370,5951 1288,5953 1253,5913 370,5912"/>
               <Baseline points="376,5943 420,5940 465,5940 510,5940 555,5940 600,5940 644,5940 689,5940 734,5940 779,5940 823,5943 868,5943 913,5940 958,5943 1003,5940 1047,5940 1092,5940 1137,5940 1182,5943 1226,5940 1271,5943 1274,5943 1291,5943"/>
               <TextEquiv>
                  <Unicode>Instruktoren für die Armee. Iran gehört in die Reihe</Unicode>
               </TextEquiv>
            </TextLine>
            <TextLine id="r_2_tl_36" custom="readingOrder {index:35;}">
               <Coords points="364,5980 1288,5983 1248,5950 364,5952"/>
               <Baseline points="370,5979 414,5976 459,5973 504,5973 549,5976 594,5976 638,5976 683,5973 728,5976 773,5979 817,5976 862,5979 907,5979 952,5979 997,5976 1041,5976 1086,5976 1131,5976 1176,5976 1220,5976 1265,5979 1274,5979 1291,5979"/>
               <TextEquiv>
                  <Unicode>der Länder, die dem Beispiel der Türkei folgend, west¬</Unicode>
               </TextEquiv>
            </TextLine>
            <TextLine id="r_2_tl_37" custom="readingOrder {index:36;}">
               <Coords points="364,6016 1288,6021 1288,5983 364,5985"/>
               <Baseline points="370,6012 414,6009 459,6012 504,6012 549,6012 594,6012 638,6009 683,6009 728,6012 773,6012 817,6012 862,6012 907,6012 952,6012 997,6012 1041,6012 1086,6012 1131,6012 1176,6012 1220,6015 1265,6015 1280,6015 1291,6015"/>
               <TextEquiv>
                  <Unicode>liche Zivilisation um jeden Preis und auf jeden Fall</Unicode>
               </TextEquiv>
            </TextLine>
            <TextLine id="r_2_tl_38" custom="readingOrder {index:37;}">
               <Coords points="364,6054 1288,6060 1288,6021 364,6025"/>
               <Baseline points="370,6051 385,6045 429,6045 474,6048 519,6045 564,6045 609,6045 653,6048 698,6045 743,6045 788,6048 832,6048 877,6048 922,6048 967,6048 1012,6051 1056,6048 1101,6048 1146,6051 1191,6048 1235,6051 1280,6048 1291,6049"/>
               <TextEquiv>
                  <Unicode>rasch einführen, — und sie tun dies gestützt auf ein</Unicode>
               </TextEquiv>
            </TextLine>
            <TextLine id="r_2_tl_39" custom="readingOrder {index:38;}">
               <Coords points="366,6107 1289,6100 1289,6058 1221,6052 366,6055"/>
               <Baseline points="373,6084 417,6081 462,6081 507,6084 552,6084 597,6084 641,6084 686,6084 731,6084 776,6084 820,6084 865,6087 910,6087 955,6087 1000,6084 1044,6084 1089,6084 1134,6084 1179,6087 1223,6090 1268,6090 1291,6090"/>
               <TextEquiv>
                  <Unicode>ebenfalls westliches Produkt, den Nationalismus. Ihr</Unicode>
               </TextEquiv>
            </TextLine>
            <TextEquiv>
               <Unicode/>
            </TextEquiv>
         </TextRegion>
         <TextRegion id="r_3" custom="readingOrder {index:1;}">
            <Coords points="2226,6162 1291,6162 1291,4615 2226,4615"/>
            <TextLine id="r_3_tl_1" custom="readingOrder {index:0;}">
               <Coords points="1304,4665 2223,4677 2214,4626 1304,4635"/>
               <Baseline points="1310,4663 1355,4660 1400,4660 1444,4660 1489,4657 1534,4657 1579,4660 1624,4657 1668,4660 1713,4660 1758,4660 1803,4660 1847,4660 1892,4660 1937,4660 1982,4660 2027,4663 2071,4660 2116,4660 2161,4663 2206,4663 2226,4661"/>
               <TextEquiv>
                  <Unicode>Selbstgefühl wächst und mißt sich an den Kilometer¬</Unicode>
               </TextEquiv>
            </TextLine>
            <TextLine id="r_3_tl_2" custom="readingOrder {index:1;}">
               <Coords points="1300,4707 2223,4706 2205,4669 2036,4664 1300,4681"/>
               <Baseline points="1307,4695 1352,4695 1397,4695 1441,4695 1486,4695 1531,4695 1576,4695 1621,4695 1665,4695 1710,4695 1755,4695 1800,4695 1844,4695 1889,4695 1934,4695 1979,4695 2024,4695 2068,4698 2113,4695 2158,4698 2203,4698 2212,4698 2226,4698"/>
               <TextEquiv>
                  <Unicode>zahlen der gewaltigen transpersischen Bahn, an der</Unicode>
               </TextEquiv>
            </TextLine>
            <TextLine id="r_3_tl_3" custom="readingOrder {index:2;}">
               <Coords points="1307,4742 2223,4745 2223,4703 1307,4708"/>
               <Baseline points="1313,4734 1358,4731 1403,4728 1447,4731 1492,4731 1537,4731 1582,4731 1626,4731 1671,4731 1716,4731 1761,4731 1806,4731 1850,4731 1895,4731 1940,4731 1985,4731 2030,4731 2074,4731 2119,4731 2164,4731 2209,4737 2212,4734 2226,4734"/>
               <TextEquiv>
                  <Unicode>Zahl der Lastwagen, der Zuckerfabriken, der Soldaten.</Unicode>
               </TextEquiv>
            </TextLine>
            <TextLine id="r_3_tl_4" custom="readingOrder {index:3;}">
               <Coords points="1304,4777 2195,4779 2195,4748 2146,4740 1304,4741"/>
               <Baseline points="1310,4770 1355,4767 1400,4767 1444,4767 1489,4764 1534,4767 1579,4767 1624,4767 1668,4767 1713,4767 1758,4767 1803,4767 1847,4767 1892,4767 1937,4767 1982,4767 2027,4767 2071,4767 2116,4767 2161,4767 2197,4770"/>
               <TextEquiv>
                  <Unicode>Es ist verboten, einen Derwisch oder eine Kamelkara¬</Unicode>
               </TextEquiv>
            </TextLine>
            <TextLine id="r_3_tl_5" custom="readingOrder {index:4;}">
               <Coords points="1285,4818 2223,4812 2190,4777 1285,4777"/>
               <Baseline points="1291,4802 1301,4803 1346,4803 1391,4803 1435,4803 1480,4803 1525,4803 1570,4803 1615,4803 1659,4803 1704,4803 1749,4803 1794,4803 1838,4803 1883,4803 1928,4803 1973,4803 2018,4803 2062,4803 2107,4803 2152,4803 2197,4806 2200,4806 2226,4806"/>
               <TextEquiv>
                  <Unicode>wane zu photographieren, gleichzeitig existiert Kinder¬</Unicode>
               </TextEquiv>
            </TextLine>
            <TextLine id="r_3_tl_6" custom="readingOrder {index:5;}">
               <Coords points="1285,4856 2223,4862 2223,4818 2152,4811 1285,4809"/>
               <Baseline points="1291,4839 1307,4839 1352,4836 1397,4839 1441,4839 1486,4839 1531,4836 1576,4839 1621,4836 1665,4839 1710,4839 1755,4839 1800,4839 1844,4839 1889,4839 1934,4839 1979,4839 2024,4839 2068,4839 2113,4839 2158,4839 2203,4842 2215,4839 2226,4839"/>
               <TextEquiv>
                  <Unicode>arbeit, und man ist dabei, einen neuen Strafkodex von</Unicode>
               </TextEquiv>
            </TextLine>
            <TextLine id="r_3_tl_7" custom="readingOrder {index:6;}">
               <Coords points="1285,4896 2223,4896 2223,4862 2103,4845 1285,4850"/>
               <Baseline points="1291,4874 1301,4874 1346,4872 1391,4872 1435,4872 1480,4872 1525,4874 1570,4874 1615,4874 1659,4874 1704,4874 1749,4874 1794,4874 1838,4874 1883,4874 1928,4874 1973,4874 2018,4874 2062,4874 2107,4874 2152,4874 2197,4877 2212,4877 2226,4876"/>
               <TextEquiv>
                  <Unicode>barbarischer Härte abzufassen. Man baut nicht nur</Unicode>
               </TextEquiv>
            </TextLine>
            <TextLine id="r_3_tl_8" custom="readingOrder {index:7;}">
               <Coords points="1285,4918 2223,4920 2196,4885 1839,4877 1285,4900"/>
               <Baseline points="1291,4909 1307,4910 1352,4907 1397,4907 1441,4907 1486,4910 1531,4907 1576,4910 1621,4910 1665,4910 1710,4910 1755,4910 1800,4910 1844,4910 1889,4910 1934,4910 1979,4910 2024,4910 2068,4910 2113,4913 2158,4910 2203,4913 2215,4913 2226,4913"/>
               <TextEquiv>
                  <Unicode>eine Bahn, sondern Häfen am Kaspischen Meer, und</Unicode>
               </TextEquiv>
            </TextLine>
            <TextLine id="r_3_tl_9" custom="readingOrder {index:8;}">
               <Coords points="1285,4951 2223,4960 2223,4920 2148,4917 1285,4928"/>
               <Baseline points="1291,4945 1310,4949 1355,4943 1400,4943 1444,4943 1489,4943 1534,4946 1579,4943 1624,4946 1668,4946 1713,4946 1758,4946 1803,4946 1847,4946 1892,4946 1937,4946 1982,4946 2027,4946 2071,4946 2116,4946 2161,4946 2206,4949 2215,4949 2226,4948"/>
               <TextEquiv>
                  <Unicode>ganze Städte in den fruchtbaren Provinzen jenes</Unicode>
               </TextEquiv>
            </TextLine>
            <TextLine id="r_3_tl_10" custom="readingOrder {index:9;}">
               <Coords points="1285,4989 2223,4996 2201,4960 2119,4952 1285,4966"/>
               <Baseline points="1291,4980 1301,4982 1346,4979 1391,4979 1435,4979 1480,4979 1525,4979 1570,4982 1615,4979 1659,4982 1704,4979 1749,4982 1794,4982 1838,4982 1883,4982 1928,4982 1973,4982 2018,4982 2062,4982 2107,4985 2152,4982 2197,4982 2206,4982 2226,4982"/>
               <TextEquiv>
                  <Unicode>Küstenstriches. Man baut, gründet, führt ein: Stra¬</Unicode>
               </TextEquiv>
            </TextLine>
            <TextLine id="r_3_tl_11" custom="readingOrder {index:10;}">
               <Coords points="1285,5022 2208,5032 2179,4991 1285,5002"/>
               <Baseline points="1291,5017 1301,5018 1346,5015 1391,5015 1435,5015 1480,5015 1525,5015 1570,5018 1615,5015 1659,5015 1704,5018 1749,5018 1794,5018 1838,5018 1883,5018 1928,5018 1973,5018 2018,5018 2062,5018 2107,5018 2152,5018 2197,5021 2209,5021"/>
               <TextEquiv>
                  <Unicode>ßen, Hospitäler, Schulen, Fabriken, Kasernen, Hotels,</Unicode>
               </TextEquiv>
            </TextLine>
            <TextLine id="r_3_tl_12" custom="readingOrder {index:11;}">
               <Coords points="1285,5072 2223,5075 2223,5032 2171,5026 1285,5040"/>
               <Baseline points="1291,5051 1310,5051 1355,5051 1400,5051 1444,5051 1489,5051 1534,5051 1579,5051 1624,5051 1668,5051 1713,5054 1758,5054 1803,5051 1847,5054 1892,5054 1937,5054 1982,5054 2027,5054 2071,5054 2116,5054 2161,5057 2206,5057 2212,5057 2226,5057"/>
               <TextEquiv>
                  <Unicode>Gefängnisse, landwirtschaftliche Versuchsanstalten [corr: .] Die</Unicode>
               </TextEquiv>
            </TextLine>
            <TextLine id="r_3_tl_13" custom="readingOrder {index:12;}">
               <Coords points="1294,5091 2224,5104 2185,5062 1294,5060"/>
               <Baseline points="1301,5086 1346,5083 1391,5083 1435,5086 1480,5086 1525,5086 1570,5086 1615,5086 1659,5086 1704,5086 1749,5089 1794,5089 1838,5089 1883,5089 1928,5089 1973,5089 2018,5089 2062,5089 2107,5089 2152,5089 2197,5092 2209,5089 2226,5089"/>
               <TextEquiv>
                  <Unicode>neuen Städte: ein weiter Platz, ein Dutzend moderner</Unicode>
               </TextEquiv>
            </TextLine>
            <TextLine id="r_3_tl_14" custom="readingOrder {index:13;}">
               <Coords points="1285,5129 2223,5139 2223,5104 2050,5093 1285,5113"/>
               <Baseline points="1291,5122 1307,5122 1352,5119 1397,5119 1441,5122 1486,5122 1531,5122 1576,5122 1621,5122 1665,5125 1710,5125 1755,5122 1800,5125 1844,5125 1889,5125 1934,5125 1979,5125 2024,5125 2068,5122 2113,5125 2158,5125 2203,5128 2218,5128 2226,5126"/>
               <TextEquiv>
                  <Unicode>Häuser ringsherum gruppiert, ein Stück asphaltierter</Unicode>
               </TextEquiv>
            </TextLine>
            <TextLine id="r_3_tl_15" custom="readingOrder {index:14;}">
               <Coords points="1285,5176 2224,5174 2223,5139 2164,5132 1285,5141"/>
               <Baseline points="1291,5156 1313,5158 1358,5155 1403,5155 1447,5155 1492,5155 1537,5158 1582,5158 1626,5158 1671,5158 1716,5161 1761,5161 1806,5158 1850,5161 1895,5161 1940,5161 1985,5161 2030,5161 2074,5161 2119,5161 2164,5161 2209,5164 2215,5161 2226,5159"/>
               <TextEquiv>
                  <Unicode>Straße — erinnern an Filmkulissen, die über Nacht</Unicode>
               </TextEquiv>
            </TextLine>
            <TextLine id="r_3_tl_16" custom="readingOrder {index:15;}">
               <Coords points="1285,5222 1447,5191 2223,5209 2223,5182 2103,5168 1285,5174"/>
               <Baseline points="1291,5194 1313,5194 1358,5194 1403,5191 1447,5191 1492,5191 1537,5194 1582,5191 1626,5194 1671,5194 1716,5194 1761,5194 1806,5194 1850,5194 1895,5197 1940,5197 1985,5197 2030,5197 2074,5197 2119,5197 2164,5197 2209,5200 2215,5197 2226,5197"/>
               <TextEquiv>
                  <Unicode>für eine Aufnahme erstellt wurden. In diesem neuen</Unicode>
               </TextEquiv>
            </TextLine>
            <TextLine id="r_3_tl_17" custom="readingOrder {index:16;}">
               <Coords points="1301,5235 2214,5255 2223,5210 1300,5209"/>
               <Baseline points="1307,5230 1352,5227 1397,5230 1441,5227 1486,5230 1531,5227 1576,5230 1621,5230 1665,5230 1710,5230 1755,5230 1800,5230 1844,5230 1889,5233 1934,5233 1979,5233 2024,5233 2068,5230 2113,5233 2158,5233 2203,5236 2215,5236 2226,5234"/>
               <TextEquiv>
                  <Unicode>Staat, der von Amerika und der Sowjetunion lernt,</Unicode>
               </TextEquiv>
            </TextLine>
            <TextLine id="r_3_tl_18" custom="readingOrder {index:17;}">
               <Coords points="1285,5285 2223,5286 2189,5240 1285,5226"/>
               <Baseline points="1291,5267 1307,5269 1352,5266 1397,5263 1441,5266 1486,5266 1531,5266 1576,5266 1621,5266 1665,5266 1710,5266 1755,5266 1800,5266 1844,5266 1889,5266 1934,5269 1979,5269 2024,5269 2068,5266 2113,5269 2158,5269 2203,5272 2209,5269 2226,5269"/>
               <TextEquiv>
                  <Unicode>ist keine Zeit mehr für Tausendundeine Nacht, und</Unicode>
               </TextEquiv>
            </TextLine>
            <TextLine id="r_3_tl_19" custom="readingOrder {index:18;}">
               <Coords points="1285,5304 2134,5314 2134,5280 2061,5274 1285,5286"/>
               <Baseline points="1291,5301 1301,5301 1346,5298 1391,5301 1435,5298 1480,5298 1525,5298 1570,5301 1615,5298 1659,5301 1704,5301 1749,5301 1794,5301 1838,5301 1883,5301 1928,5304 1973,5301 2018,5304 2062,5304 2107,5304 2137,5304"/>
               <TextEquiv>
                  <Unicode>kein Raum mehr für die Weinlauben der Dichter.\:p\</Unicode>
               </TextEquiv>
            </TextLine>
            <TextLine id="r_3_tl_20" custom="readingOrder {index:19;}">
               <Coords points="1349,5346 2224,5350 2224,5314 2150,5305 1349,5314"/>
               <Baseline points="1355,5337 1400,5337 1444,5337 1489,5337 1534,5337 1579,5337 1624,5337 1668,5337 1713,5337 1758,5340 1803,5337 1847,5337 1892,5340 1937,5340 1982,5340 2027,5337 2071,5337 2116,5337 2161,5340 2206,5340 2215,5340 2226,5338"/>
               <TextEquiv>
                  <Unicode>\p\Der Weltkrieg war der Anstoß zur Selbständigkeit</Unicode>
               </TextEquiv>
            </TextLine>
            <TextLine id="r_3_tl_21" custom="readingOrder {index:20;}">
               <Coords points="1285,5379 2223,5378 2223,5349 2127,5343 1285,5355"/>
               <Baseline points="1291,5372 1307,5373 1352,5370 1397,5370 1441,5373 1486,5370 1531,5370 1576,5370 1621,5373 1665,5370 1710,5373 1755,5376 1800,5376 1844,5373 1889,5376 1934,5376 1979,5376 2024,5376 2068,5373 2113,5373 2158,5376 2203,5379 2212,5379 2226,5377"/>
               <TextEquiv>
                  <Unicode>Irans, welches vorher, ein in mittelalterlicher</Unicode>
               </TextEquiv>
            </TextLine>
            <TextLine id="r_3_tl_22" custom="readingOrder {index:21;}">
               <Coords points="1285,5407 2223,5437 2222,5391 1283,5381"/>
               <Baseline points="1291,5407 1307,5409 1352,5406 1397,5406 1441,5406 1486,5406 1531,5406 1576,5406 1621,5406 1665,5409 1710,5406 1755,5406 1800,5409 1844,5409 1889,5412 1934,5412 1979,5412 2024,5412 2068,5412 2113,5409 2158,5412 2203,5412 2212,5412 2226,5412"/>
               <TextEquiv>
                  <Unicode>Feudalität steckengebliebenes Land, in die Interessen¬</Unicode>
               </TextEquiv>
            </TextLine>
            <TextLine id="r_3_tl_23" custom="readingOrder {index:22;}">
               <Coords points="1285,5453 2161,5464 2161,5426 2087,5418 1285,5420"/>
               <Baseline points="1291,5445 1307,5448 1352,5442 1397,5442 1441,5442 1486,5442 1531,5442 1576,5442 1621,5442 1665,5445 1710,5445 1755,5445 1800,5445 1844,5445 1889,5448 1934,5448 1979,5448 2024,5448 2068,5448 2113,5445 2158,5448 2164,5448"/>
               <TextEquiv>
                  <Unicode>sphären der Russen und Engländer aufgeteilt war.</Unicode>
               </TextEquiv>
            </TextLine>
            <TextLine id="r_3_tl_24" custom="readingOrder {index:23;}">
               <Coords points="1343,5483 2193,5500 2223,5466 1341,5459"/>
               <Baseline points="1349,5478 1394,5478 1438,5478 1483,5478 1528,5478 1573,5481 1618,5481 1662,5481 1707,5481 1752,5481 1797,5481 1841,5483 1886,5481 1931,5481 1976,5481 2021,5481 2065,5481 2110,5483 2155,5483 2200,5483 2212,5486 2226,5484"/>
               <TextEquiv>
                  <Unicode>Es versteht sich, daß die Neuankömmlinge, die</Unicode>
               </TextEquiv>
            </TextLine>
            <TextLine id="r_3_tl_25" custom="readingOrder {index:24;}">
               <Coords points="1285,5545 2223,5526 2222,5491 1339,5478 1285,5504"/>
               <Baseline points="1291,5515 1307,5516 1352,5513 1397,5513 1441,5513 1486,5513 1531,5513 1576,5513 1621,5513 1665,5516 1710,5516 1755,5516 1800,5516 1844,5516 1889,5519 1934,5519 1979,5516 2024,5519 2068,5516 2113,5516 2158,5519 2203,5522 2212,5522 2226,5522"/>
               <TextEquiv>
                  <Unicode>Ingenieure und Vertreter, sich die Frage nicht stellen</Unicode>
               </TextEquiv>
            </TextLine>
            <TextLine id="r_3_tl_26" custom="readingOrder {index:25;}">
               <Coords points="1285,5552 2223,5573 2223,5524 1285,5519"/>
               <Baseline points="1291,5551 1307,5549 1352,5549 1397,5549 1441,5549 1486,5549 1531,5549 1576,5549 1621,5549 1665,5549 1710,5549 1755,5552 1800,5552 1844,5552 1889,5555 1934,5552 1979,5555 2024,5552 2068,5552 2113,5552 2158,5555 2203,5555 2218,5555 2226,5555"/>
               <TextEquiv>
                  <Unicode>nach den Beziehungen des neuen Iran, welches ihnen</Unicode>
               </TextEquiv>
            </TextLine>
            <TextLine id="r_3_tl_27" custom="readingOrder {index:26;}">
               <Coords points="1309,5597 2223,5599 2178,5561 1309,5562"/>
               <Baseline points="1316,5585 1361,5582 1406,5585 1450,5585 1495,5585 1540,5585 1585,5585 1629,5585 1674,5585 1719,5585 1764,5588 1809,5588 1853,5588 1898,5591 1943,5591 1988,5588 2032,5591 2077,5588 2122,5588 2167,5591 2212,5591 2215,5591 2226,5591"/>
               <TextEquiv>
                  <Unicode>zu verdienen gibt, und dem alten Persien, welches sie</Unicode>
               </TextEquiv>
            </TextLine>
            <TextLine id="r_3_tl_28" custom="readingOrder {index:27;}">
               <Coords points="1285,5628 2153,5647 2223,5601 1283,5596"/>
               <Baseline points="1291,5621 1313,5621 1358,5618 1403,5618 1447,5621 1492,5621 1537,5621 1582,5621 1626,5621 1671,5621 1716,5621 1761,5621 1806,5624 1850,5624 1895,5624 1940,5624 1985,5627 2030,5624 2074,5624 2119,5627 2164,5627 2209,5630 2215,5627 2226,5629"/>
               <TextEquiv>
                  <Unicode>Archäologen und Sammlern überlassen. Für sie ist es</Unicode>
               </TextEquiv>
            </TextLine>
            <TextLine id="r_3_tl_29" custom="readingOrder {index:28;}">
               <Coords points="1285,5668 2134,5668 2120,5637 1980,5626 1285,5633"/>
               <Baseline points="1291,5658 1307,5657 1352,5657 1397,5657 1441,5657 1486,5657 1531,5654 1576,5657 1621,5657 1665,5657 1710,5657 1755,5660 1800,5660 1844,5660 1889,5660 1934,5660 1979,5660 2024,5663 2068,5660 2113,5660 2137,5660"/>
               <TextEquiv>
                  <Unicode>Neuland, und sie haben mit sehr realen Dingen</Unicode>
               </TextEquiv>
            </TextLine>
            <TextLine id="r_3_tl_30" custom="readingOrder {index:29;}">
               <Coords points="1285,5693 2223,5706 2202,5670 1285,5668"/>
               <Baseline points="1291,5691 1307,5692 1352,5692 1397,5692 1441,5692 1486,5692 1531,5692 1576,5692 1621,5692 1665,5692 1710,5692 1755,5692 1800,5695 1844,5695 1889,5695 1934,5695 1979,5698 2024,5698 2068,5695 2113,5695 2158,5698 2203,5698 2226,5697"/>
               <TextEquiv>
                  <Unicode>kämpfen: mit dem schlechten Gelände des Firuskuh, wo</Unicode>
               </TextEquiv>
            </TextLine>
            <TextLine id="r_3_tl_31" custom="readingOrder {index:30;}">
               <Coords points="1285,5729 2223,5739 2119,5703 1285,5694"/>
               <Baseline points="1291,5728 1307,5728 1352,5725 1397,5725 1441,5728 1486,5728 1531,5728 1576,5728 1621,5728 1665,5728 1710,5728 1755,5728 1800,5731 1844,5731 1889,5731 1934,5731 1979,5731 2024,5734 2068,5734 2113,5734 2158,5731 2203,5734 2212,5734 2226,5734"/>
               <TextEquiv>
                  <Unicode>Tunnels gebaut werden müssen, und mit der Mala¬</Unicode>
               </TextEquiv>
            </TextLine>
            <TextLine id="r_3_tl_32" custom="readingOrder {index:31;}">
               <Coords points="1285,5783 2223,5779 2223,5748 2173,5741 1285,5751"/>
               <Baseline points="1291,5764 1307,5764 1352,5764 1397,5764 1441,5761 1486,5764 1531,5764 1576,5764 1621,5764 1665,5764 1710,5767 1755,5767 1800,5767 1844,5770 1889,5767 1934,5770 1979,5770 2024,5767 2068,5770 2113,5767 2158,5770 2203,5773 2218,5773 2226,5772"/>
               <TextEquiv>
                  <Unicode>ria. Aber schon wer Isfahan sieht, beginnt, an der</Unicode>
               </TextEquiv>
            </TextLine>
            <TextLine id="r_3_tl_33" custom="readingOrder {index:32;}">
               <Coords points="1285,5808 2223,5812 2203,5778 1285,5784"/>
               <Baseline points="1291,5800 1313,5800 1358,5797 1403,5797 1447,5797 1492,5797 1537,5797 1582,5800 1626,5800 1671,5800 1716,5803 1761,5803 1806,5803 1850,5803 1895,5806 1940,5803 1985,5806 2030,5803 2074,5803 2119,5806 2164,5806 2209,5806 2215,5809 2226,5807"/>
               <TextEquiv>
                  <Unicode>Integrität des Begriffes „Persien" zu zweifeln. Das</Unicode>
               </TextEquiv>
            </TextLine>
            <TextLine id="r_3_tl_34" custom="readingOrder {index:33;}">
               <Coords points="1285,5859 2223,5859 2223,5817 2166,5812 1285,5801"/>
               <Baseline points="1291,5836 1301,5836 1346,5836 1391,5833 1435,5836 1480,5833 1525,5836 1570,5836 1615,5836 1659,5836 1704,5836 1749,5839 1794,5836 1838,5839 1883,5839 1928,5839 1973,5842 2018,5839 2062,5839 2107,5839 2152,5842 2197,5842 2218,5845 2226,5842"/>
               <TextEquiv>
                  <Unicode>ist keine Museums-Stadt, trotz ihrer Moscheen und</Unicode>
               </TextEquiv>
            </TextLine>
            <TextLine id="r_3_tl_35" custom="readingOrder {index:34;}">
               <Coords points="1285,5878 2223,5886 2150,5847 1285,5859"/>
               <Baseline points="1291,5871 1307,5875 1352,5869 1397,5869 1441,5869 1486,5869 1531,5869 1576,5872 1621,5872 1665,5872 1710,5872 1755,5875 1800,5875 1844,5875 1889,5875 1934,5875 1979,5875 2024,5878 2068,5875 2113,5878 2158,5878 2203,5881 2215,5878 2226,5879"/>
               <TextEquiv>
                  <Unicode>zierlichen Paläste, das ist durchaus lebendig, eine Stadt</Unicode>
               </TextEquiv>
            </TextLine>
            <TextLine id="r_3_tl_36" custom="readingOrder {index:35;}">
               <Coords points="1285,5929 2223,5932 2223,5886 1285,5876"/>
               <Baseline points="1291,5909 1301,5907 1346,5904 1391,5907 1435,5907 1480,5907 1525,5904 1570,5907 1615,5907 1659,5907 1704,5907 1749,5910 1794,5910 1838,5910 1883,5910 1928,5910 1973,5910 2018,5913 2062,5913 2107,5910 2152,5913 2197,5913 2215,5913 2226,5913"/>
               <TextEquiv>
                  <Unicode>und eine Bevölkerung von heute, — deren Bazar mit</Unicode>
               </TextEquiv>
            </TextLine>
            <TextLine id="r_3_tl_37" custom="readingOrder {index:36;}">
               <Coords points="1285,5950 2223,5961 2223,5933 2144,5916 1285,5921"/>
               <Baseline points="1291,5943 1313,5943 1358,5940 1403,5940 1447,5940 1492,5940 1537,5943 1582,5943 1626,5943 1671,5943 1716,5943 1761,5946 1806,5946 1850,5946 1895,5946 1940,5946 1985,5946 2030,5946 2074,5949 2119,5946 2164,5949 2209,5952 2212,5952 2226,5952"/>
               <TextEquiv>
                  <Unicode>Händlern und Handwerkern, Lackmalern und Kupfer¬</Unicode>
               </TextEquiv>
            </TextLine>
            <TextLine id="r_3_tl_38" custom="readingOrder {index:37;}">
               <Coords points="1285,5989 2197,5994 2188,5957 1285,5951"/>
               <Baseline points="1291,5979 1307,5979 1352,5976 1397,5976 1441,5979 1486,5979 1531,5979 1576,5979 1621,5979 1665,5979 1710,5979 1755,5982 1800,5982 1844,5982 1889,5982 1934,5982 1979,5982 2024,5982 2068,5982 2113,5982 2158,5985 2200,5985"/>
               <TextEquiv>
                  <Unicode>schmieden, sich doch in nichts von der Residenz unter</Unicode>
               </TextEquiv>
            </TextLine>
            <TextLine id="r_3_tl_39" custom="readingOrder {index:38;}">
               <Coords points="1285,6029 2223,6028 2223,5990 1285,5993"/>
               <Baseline points="1291,6015 1301,6015 1346,6012 1391,6012 1435,6015 1480,6012 1525,6015 1570,6015 1615,6015 1659,6015 1704,6018 1749,6018 1794,6018 1838,6018 1883,6018 1928,6018 1973,6018 2018,6018 2062,6018 2107,6018 2152,6021 2197,6021 2224,6024 2226,6023"/>
               <TextEquiv>
                  <Unicode>scheidet, die Gobineau gekannt hat. Und in einem</Unicode>
               </TextEquiv>
            </TextLine>
            <TextLine id="r_3_tl_40" custom="readingOrder {index:39;}">
               <Coords points="1285,6064 2223,6067 2215,6026 1285,6028"/>
               <Baseline points="1291,6049 1301,6051 1346,6048 1391,6048 1435,6048 1480,6048 1525,6051 1570,6051 1615,6051 1659,6051 1704,6051 1749,6054 1794,6051 1838,6054 1883,6054 1928,6054 1973,6054 2018,6054 2062,6054 2107,6054 2152,6057 2197,6057 2226,6057"/>
               <TextEquiv>
                  <Unicode>alten Haus sitzt ein „moderner“ Künstler, der an der</Unicode>
               </TextEquiv>
            </TextLine>
            <TextLine id="r_3_tl_41" custom="readingOrder {index:40;}">
               <Coords points="1285,6100 2223,6111 2223,6066 2178,6062 1285,6067"/>
               <Baseline points="1291,6090 1313,6090 1358,6087 1403,6087 1447,6087 1492,6087 1537,6087 1582,6090 1626,6087 1671,6090 1716,6090 1761,6090 1806,6092 1850,6092 1895,6092 1940,6092 1985,6092 2030,6092 2074,6090 2119,6092 2164,6092 2209,6098 2226,6096"/>
               <TextEquiv>
                  <Unicode>Herstellung einer Miniatur für die Königin von Eng¬</Unicode>
               </TextEquiv>
            </TextLine>
            <TextEquiv>
               <Unicode/>
            </TextEquiv>
         </TextRegion>
         <TextRegion id="r_4" custom="readingOrder {index:2;}">
            <Coords points="3169,6162 2226,6162 2226,4615 3169,4615"/>
            <TextLine id="r_4_tl_1" custom="readingOrder {index:0;}">
               <Coords points="2220,4681 3166,4665 3166,4632 3107,4626 2220,4633"/>
               <Baseline points="2226,4661 2250,4660 2295,4660 2340,4660 2385,4663 2430,4660 2474,4660 2519,4663 2564,4660 2609,4660 2653,4660 2698,4663 2743,4663 2788,4663 2833,4663 2877,4663 2922,4663 2967,4663 3012,4660 3056,4663 3101,4663 3146,4666 3152,4663 3164,4663 3169,4663"/>
               <TextEquiv>
                  <Unicode>land ein halbes Jahr lang gearbeitet hat. Dann trifft</Unicode>
               </TextEquiv>
            </TextLine>
            <TextLine id="r_4_tl_2" custom="readingOrder {index:1;}">
               <Coords points="2220,4708 3166,4716 3166,4668 2220,4688"/>
               <Baseline points="2226,4698 2233,4698 2277,4695 2322,4698 2367,4698 2412,4698 2456,4698 2501,4698 2546,4695 2591,4698 2636,4698 2680,4695 2725,4698 2770,4698 2815,4698 2859,4698 2904,4698 2949,4698 2994,4695 3039,4698 3083,4698 3128,4701 3140,4701 3169,4698"/>
               <TextEquiv>
                  <Unicode>man Perser, die in der Schweiz oder in Paris erzogen,</Unicode>
               </TextEquiv>
            </TextLine>
            <TextLine id="r_4_tl_3" custom="readingOrder {index:2;}">
               <Coords points="2220,4749 3089,4751 3089,4715 3006,4701 2220,4709"/>
               <Baseline points="2226,4734 2241,4734 2286,4734 2331,4731 2376,4731 2421,4731 2465,4731 2510,4731 2555,4731 2600,4731 2644,4731 2689,4731 2734,4734 2779,4734 2824,4734 2868,4734 2913,4734 2958,4734 3003,4731 3047,4734 3092,4734"/>
               <TextEquiv>
                  <Unicode>20 Jahre ihres Lebens in Europa zugebracht haben –</Unicode>
               </TextEquiv>
            </TextLine>
            <TextLine id="r_4_tl_4" custom="readingOrder {index:3;}">
               <Coords points="2237,4786 3166,4780 3146,4729 2864,4763 2237,4741"/>
               <Baseline points="2244,4770 2289,4767 2334,4767 2379,4767 2424,4770 2468,4770 2513,4767 2558,4767 2603,4767 2647,4767 2692,4770 2737,4770 2782,4770 2827,4770 2871,4770 2916,4767 2961,4767 3006,4767 3050,4770 3095,4770 3140,4770 3155,4770 3169,4770"/>
               <TextEquiv>
                  <Unicode>zurückgekehrt, sind sie wieder Perser, und haben nicht</Unicode>
               </TextEquiv>
            </TextLine>
            <TextLine id="r_4_tl_5" custom="readingOrder {index:4;}">
               <Coords points="2220,4811 3166,4808 3149,4778 2869,4772 2220,4796"/>
               <Baseline points="2226,4806 2233,4806 2277,4803 2322,4803 2367,4806 2412,4803 2456,4806 2501,4803 2546,4803 2591,4803 2636,4803 2680,4803 2725,4803 2770,4803 2815,4806 2859,4803 2904,4803 2949,4803 2994,4806 3039,4806 3083,4806 3128,4806 3137,4806 3169,4806"/>
               <TextEquiv>
                  <Unicode>einmal ihre einfachsten täglichen Gewohnheiten ge¬</Unicode>
               </TextEquiv>
            </TextLine>
            <TextLine id="r_4_tl_6" custom="readingOrder {index:5;}">
               <Coords points="2220,4866 3166,4863 3149,4812 2220,4811"/>
               <Baseline points="2226,4839 2233,4839 2277,4839 2322,4839 2367,4839 2412,4839 2456,4839 2501,4839 2546,4839 2591,4839 2636,4839 2680,4839 2725,4839 2770,4842 2815,4839 2859,4842 2904,4842 2949,4839 2994,4839 3039,4842 3083,4842 3128,4842 3143,4845 3169,4840"/>
               <TextEquiv>
                  <Unicode>ändert. Was sich hierin manifestiert, ist nicht so sehr</Unicode>
               </TextEquiv>
            </TextLine>
            <TextLine id="r_4_tl_7" custom="readingOrder {index:6;}">
               <Coords points="2220,4879 3166,4876 3022,4849 2220,4862"/>
               <Baseline points="2226,4876 2238,4874 2283,4874 2328,4874 2373,4874 2418,4874 2462,4874 2507,4874 2552,4874 2597,4874 2641,4874 2686,4874 2731,4874 2776,4874 2821,4874 2865,4874 2910,4874 2955,4874 3000,4874 3045,4877 3089,4874 3134,4877 3146,4874 3169,4877"/>
               <TextEquiv>
                  <Unicode>Konservativismus, sondern der Ausdruck einer innern</Unicode>
               </TextEquiv>
            </TextLine>
            <TextLine id="r_4_tl_8" custom="readingOrder {index:7;}">
               <Coords points="2220,4918 3166,4920 3166,4890 3038,4881 2220,4901"/>
               <Baseline points="2226,4913 2247,4913 2250,4910 2295,4910 2340,4910 2385,4910 2430,4910 2474,4910 2519,4910 2564,4910 2609,4910 2653,4910 2698,4910 2743,4910 2788,4910 2833,4910 2877,4910 2922,4910 2967,4913 3012,4910 3056,4910 3101,4913 3146,4910 3169,4913"/>
               <TextEquiv>
                  <Unicode>Sicherheit und Gelassenheit, die alle echte Kultur mit</Unicode>
               </TextEquiv>
            </TextLine>
            <TextLine id="r_4_tl_9" custom="readingOrder {index:8;}">
               <Coords points="2220,4964 3146,4960 3139,4920 2220,4927"/>
               <Baseline points="2226,4948 2244,4946 2289,4946 2334,4946 2379,4946 2424,4946 2468,4946 2513,4946 2558,4946 2603,4946 2647,4946 2692,4949 2737,4949 2782,4949 2827,4949 2871,4949 2916,4949 2961,4946 3006,4949 3050,4946 3095,4949 3140,4952 3149,4952 3169,4976"/>
               <TextEquiv>
                  <Unicode>sich bringt. Und nun entdeckt, wer Muße und Lust dazu</Unicode>
               </TextEquiv>
            </TextLine>
            <TextLine id="r_4_tl_10" custom="readingOrder {index:9;}">
               <Coords points="2220,5005 2645,4986 2707,5001 2707,4964 2673,4957 2220,4953"/>
               <Baseline points="2226,4982 2241,4982 2286,4982 2331,4982 2376,4982 2421,4982 2465,4982 2510,4982 2555,4982 2600,4982 2644,4982 2689,4985 2710,4988"/>
               <TextEquiv>
                  <Unicode>hat, das andere Persien ...\:p\</Unicode>
               </TextEquiv>
            </TextLine>
            <TextLine id="r_4_tl_11" custom="readingOrder {index:10;}">
               <Coords points="2286,5027 3126,5034 3126,4984 3072,4969 2760,5010 2286,4997"/>
               <Baseline points="2292,5018 2337,5018 2382,5018 2427,5018 2471,5018 2516,5018 2561,5018 2606,5018 2650,5018 2695,5018 2740,5018 2785,5018 2830,5018 2874,5018 2919,5018 2964,5018 3009,5021 3053,5018 3098,5018 3128,5021"/>
               <TextEquiv>
                  <Unicode>\p\Die persischen Windhunde gleichen den „Slugis"</Unicode>
               </TextEquiv>
            </TextLine>
            <TextLine id="r_4_tl_12" custom="readingOrder {index:11;}">
               <Coords points="2220,5078 3166,5073 3054,5027 2220,5017"/>
               <Baseline points="2226,5057 2233,5057 2277,5054 2322,5051 2367,5051 2412,5054 2456,5051 2501,5054 2546,5054 2591,5054 2636,5054 2680,5054 2725,5054 2770,5054 2815,5054 2859,5054 2904,5054 2949,5054 2994,5054 3039,5054 3083,5054 3128,5057 3143,5060 3169,5057"/>
               <TextEquiv>
                  <Unicode>Iraks und Syriens, sind wie jene grau oder rehfarben,</Unicode>
               </TextEquiv>
            </TextLine>
            <TextLine id="r_4_tl_13" custom="readingOrder {index:12;}">
               <Coords points="2220,5098 3125,5104 3125,5062 2220,5079"/>
               <Baseline points="2226,5089 2233,5089 2277,5089 2322,5089 2367,5089 2412,5089 2456,5089 2501,5089 2546,5089 2591,5089 2636,5089 2680,5089 2725,5089 2770,5089 2815,5089 2859,5089 2904,5089 2949,5089 2994,5089 3039,5089 3083,5092 3128,5092"/>
               <TextEquiv>
                  <Unicode>aber größer, mit kräftigem Brustkorb, und angriff¬</Unicode>
               </TextEquiv>
            </TextLine>
            <TextLine id="r_4_tl_14" custom="readingOrder {index:13;}">
               <Coords points="2220,5139 3166,5138 3133,5100 2220,5106"/>
               <Baseline points="2226,5126 2235,5122 2280,5122 2325,5125 2370,5122 2415,5122 2459,5122 2504,5122 2549,5125 2594,5125 2639,5125 2683,5125 2728,5125 2773,5125 2818,5125 2862,5125 2907,5125 2952,5125 2997,5125 3042,5125 3086,5125 3131,5128 3143,5131 3169,5127"/>
               <TextEquiv>
                  <Unicode>lustig: man sieht sie leicht mit einem Leoparden im</Unicode>
               </TextEquiv>
            </TextLine>
            <TextLine id="r_4_tl_15" custom="readingOrder {index:14;}">
               <Coords points="2220,5173 3128,5177 3102,5130 2220,5139"/>
               <Baseline points="2226,5159 2233,5158 2277,5158 2322,5158 2367,5161 2412,5158 2456,5161 2501,5158 2546,5158 2591,5161 2636,5161 2680,5161 2725,5161 2770,5161 2815,5161 2859,5161 2904,5161 2949,5161 2994,5161 3039,5161 3083,5161 3128,5164 3131,5164"/>
               <TextEquiv>
                  <Unicode>Kampf. In Europa ist Jagd fast immer mit dem Be¬</Unicode>
               </TextEquiv>
            </TextLine>
            <TextLine id="r_4_tl_16" custom="readingOrder {index:15;}">
               <Coords points="2220,5210 3166,5212 3166,5154 2220,5173"/>
               <Baseline points="2226,5197 2233,5197 2277,5197 2322,5197 2367,5194 2412,5194 2456,5194 2501,5194 2546,5194 2591,5194 2636,5194 2680,5197 2725,5197 2770,5197 2815,5197 2859,5197 2904,5197 2949,5197 2994,5197 3039,5197 3083,5197 3128,5197 3143,5197 3169,5205"/>
               <TextEquiv>
                  <Unicode>griff „Wald“ verbunden — die Perser aber sind Män¬</Unicode>
               </TextEquiv>
            </TextLine>
            <TextLine id="r_4_tl_17" custom="readingOrder {index:16;}">
               <Coords points="2220,5237 3168,5250 3166,5207 2220,5208"/>
               <Baseline points="2226,5234 2233,5233 2277,5230 2322,5230 2367,5230 2412,5230 2456,5230 2501,5230 2546,5230 2591,5230 2636,5233 2680,5233 2725,5233 2770,5233 2815,5233 2859,5233 2904,5236 2949,5233 2994,5236 3039,5233 3083,5236 3128,5236 3140,5233 3169,5241"/>
               <TextEquiv>
                  <Unicode>ner der Hochebene und des Gebirges. Sie jagen zu</Unicode>
               </TextEquiv>
            </TextLine>
            <TextLine id="r_4_tl_18" custom="readingOrder {index:17;}">
               <Coords points="2220,5276 3166,5273 3166,5246 3109,5244 2220,5255"/>
               <Baseline points="2226,5269 2238,5269 2283,5266 2328,5269 2373,5269 2418,5266 2462,5269 2507,5266 2552,5266 2597,5269 2641,5269 2686,5269 2731,5269 2776,5269 2821,5269 2865,5269 2910,5269 2955,5269 3000,5269 3045,5269 3089,5269 3134,5272 3143,5272 3169,5275"/>
               <TextEquiv>
                  <Unicode>Pferd, in der Ebene mit Pferden arabischer und turk¬</Unicode>
               </TextEquiv>
            </TextLine>
            <TextLine id="r_4_tl_19" custom="readingOrder {index:18;}">
               <Coords points="2229,5312 3166,5310 3166,5272 2229,5270"/>
               <Baseline points="2235,5304 2280,5301 2325,5301 2370,5301 2415,5304 2459,5301 2504,5304 2549,5304 2594,5304 2639,5304 2683,5304 2728,5304 2773,5304 2818,5304 2862,5304 2907,5304 2952,5304 2997,5304 3042,5307 3086,5307 3131,5307 3143,5307 3169,5312"/>
               <TextEquiv>
                  <Unicode>menischer Zucht, im Gebirge mit den kleinern, un¬</Unicode>
               </TextEquiv>
            </TextLine>
            <TextLine id="r_4_tl_20" custom="readingOrder {index:19;}">
               <Coords points="2220,5356 3166,5351 3151,5317 3077,5312 2220,5311"/>
               <Baseline points="2226,5338 2233,5337 2277,5337 2322,5337 2367,5337 2412,5337 2456,5337 2501,5340 2546,5340 2591,5340 2636,5340 2680,5340 2725,5340 2770,5340 2815,5340 2859,5340 2904,5340 2949,5340 2994,5340 3039,5343 3083,5343 3128,5343 3149,5343 3169,5347"/>
               <TextEquiv>
                  <Unicode>gemein harten Pferden der Bakhtiari-Nomaden. Man</Unicode>
               </TextEquiv>
            </TextLine>
            <TextLine id="r_4_tl_21" custom="readingOrder {index:20;}">
               <Coords points="2220,5378 3166,5388 3159,5349 2220,5340"/>
               <Baseline points="2226,5377 2233,5376 2277,5373 2322,5373 2367,5373 2412,5373 2456,5373 2501,5376 2546,5376 2591,5376 2636,5376 2680,5376 2725,5376 2770,5376 2815,5376 2859,5376 2904,5376 2949,5376 2994,5376 3039,5376 3083,5379 3128,5379 3140,5376 3169,5385"/>
               <TextEquiv>
                  <Unicode>hört, daß vor 20 Jahren der Gouverneur von Schiras</Unicode>
               </TextEquiv>
            </TextLine>
            <TextLine id="r_4_tl_22" custom="readingOrder {index:21;}">
               <Coords points="2220,5427 3166,5425 3119,5383 2220,5378"/>
               <Baseline points="2226,5412 2238,5412 2283,5409 2328,5409 2373,5409 2418,5409 2462,5409 2507,5409 2552,5412 2597,5412 2641,5412 2686,5412 2731,5412 2776,5412 2821,5412 2865,5412 2910,5412 2955,5412 3000,5412 3045,5415 3089,5415 3134,5415 3140,5412 3169,5418"/>
               <TextEquiv>
                  <Unicode>Jagden für einen englischen Gast veranstaltete, wofür</Unicode>
               </TextEquiv>
            </TextLine>
            <TextLine id="r_4_tl_23" custom="readingOrder {index:22;}">
               <Coords points="2227,5456 3160,5478 3168,5433 2225,5413"/>
               <Baseline points="2233,5448 2277,5445 2322,5445 2367,5445 2412,5445 2456,5445 2501,5445 2546,5448 2591,5448 2636,5448 2680,5448 2725,5448 2770,5448 2815,5448 2859,5448 2904,5448 2949,5448 2994,5451 3039,5451 3083,5451 3128,5451 3137,5451 3169,5453"/>
               <TextEquiv>
                  <Unicode>die Bakhtiari im Gebirge aufgeboten wurden: sie trie¬</Unicode>
               </TextEquiv>
            </TextLine>
            <TextLine id="r_4_tl_24" custom="readingOrder {index:23;}">
               <Coords points="2221,5494 3168,5492 3106,5457 2220,5458"/>
               <Baseline points="2226,5484 2233,5483 2277,5481 2322,5481 2367,5481 2412,5481 2456,5481 2501,5483 2546,5483 2591,5483 2636,5483 2680,5483 2725,5483 2770,5483 2815,5486 2859,5483 2904,5486 2949,5483 2994,5483 3039,5483 3083,5483 3128,5489 3143,5486 3169,5493"/>
               <TextEquiv>
                  <Unicode>ben das Wild der ganzen Umgegend in eine Eng¬</Unicode>
               </TextEquiv>
            </TextLine>
            <TextLine id="r_4_tl_25" custom="readingOrder {index:24;}">
               <Coords points="2220,5535 3166,5548 3166,5490 2220,5490"/>
               <Baseline points="2226,5522 2241,5522 2286,5516 2331,5516 2376,5519 2421,5519 2465,5519 2510,5519 2555,5519 2600,5519 2644,5519 2689,5519 2734,5519 2779,5519 2824,5519 2868,5519 2913,5519 2958,5519 3003,5519 3047,5519 3092,5522 3137,5525 3143,5522 3169,5528"/>
               <TextEquiv>
                  <Unicode>schlucht, den Jägern entgegen — und man erlegte</Unicode>
               </TextEquiv>
            </TextLine>
            <TextLine id="r_4_tl_26" custom="readingOrder {index:25;}">
               <Coords points="2220,5560 3166,5562 3089,5529 2220,5533"/>
               <Baseline points="2226,5555 2233,5555 2277,5552 2322,5552 2367,5552 2412,5552 2456,5552 2501,5552 2546,5555 2591,5555 2636,5555 2680,5555 2725,5555 2770,5555 2815,5555 2859,5555 2904,5555 2949,5555 2994,5555 3039,5555 3083,5555 3128,5558 3140,5561 3169,5563"/>
               <TextEquiv>
                  <Unicode>dann in wenigen Stunden hunderte von Steinböcken,</Unicode>
               </TextEquiv>
            </TextLine>
            <TextLine id="r_4_tl_27" custom="readingOrder {index:26;}">
               <Coords points="2220,5605 3166,5598 3166,5561 2220,5566"/>
               <Baseline points="2226,5591 2238,5591 2283,5588 2328,5588 2373,5591 2418,5591 2462,5591 2507,5588 2552,5588 2597,5591 2641,5591 2686,5594 2731,5591 2776,5591 2821,5594 2865,5591 2910,5591 2955,5594 3000,5591 3045,5594 3089,5594 3134,5594 3149,5594 3169,5600"/>
               <TextEquiv>
                  <Unicode>Mufflons, Wildschweinen, Füchsen und Gazellen. Man</Unicode>
               </TextEquiv>
            </TextLine>
            <TextLine id="r_4_tl_28" custom="readingOrder {index:27;}">
               <Coords points="2220,5639 3166,5643 3166,5599 2220,5609"/>
               <Baseline points="2226,5629 2233,5630 2277,5624 2322,5624 2367,5624 2412,5627 2456,5624 2501,5627 2546,5627 2591,5627 2636,5627 2680,5627 2725,5630 2770,5627 2815,5627 2859,5630 2904,5630 2949,5627 2994,5630 3039,5630 3083,5630 3128,5633 3143,5633 3169,5635"/>
               <TextEquiv>
                  <Unicode>hört von den Jagdlagern großer Herren, die ihre</Unicode>
               </TextEquiv>
            </TextLine>
            <TextLine id="r_4_tl_29" custom="readingOrder {index:28;}">
               <Coords points="2227,5663 3168,5670 3118,5638 2227,5633"/>
               <Baseline points="2233,5663 2277,5660 2322,5660 2367,5660 2412,5663 2456,5663 2501,5663 2546,5663 2591,5663 2636,5663 2680,5663 2725,5663 2770,5663 2815,5669 2859,5663 2904,5666 2949,5666 2994,5666 3039,5663 3083,5666 3128,5666 3143,5669 3169,5671"/>
               <TextEquiv>
                  <Unicode>prachtvollen, doppelt gefütterten Zelte irgendwo im</Unicode>
               </TextEquiv>
            </TextLine>
            <TextLine id="r_4_tl_30" custom="readingOrder {index:29;}">
               <Coords points="2220,5702 3166,5718 3159,5669 2220,5682"/>
               <Baseline points="2226,5697 2247,5695 2292,5695 2337,5695 2382,5698 2427,5698 2471,5695 2516,5698 2561,5698 2606,5701 2650,5698 2695,5698 2740,5701 2785,5698 2830,5698 2874,5698 2919,5698 2964,5701 3009,5701 3053,5698 3098,5701 3143,5701 3169,5705"/>
               <TextEquiv>
                  <Unicode>Gebirge aufschlugen, Pferde, Hunde und Falken hin¬</Unicode>
               </TextEquiv>
            </TextLine>
            <TextLine id="r_4_tl_31" custom="readingOrder {index:30;}">
               <Coords points="2220,5757 3166,5756 3166,5716 2218,5702"/>
               <Baseline points="2226,5734 2233,5734 2277,5734 2322,5734 2367,5734 2412,5734 2456,5734 2501,5734 2546,5734 2591,5734 2636,5734 2680,5737 2725,5737 2770,5737 2815,5737 2859,5737 2904,5737 2949,5737 2994,5737 3039,5737 3083,5737 3128,5740 3143,5737 3169,5742"/>
               <TextEquiv>
                  <Unicode>aufbringen ließen, und in großartiger Ungebundenheit</Unicode>
               </TextEquiv>
            </TextLine>
            <TextLine id="r_4_tl_32" custom="readingOrder {index:31;}">
               <Coords points="2220,5783 3166,5786 3134,5747 2220,5747"/>
               <Baseline points="2226,5772 2238,5770 2283,5770 2328,5770 2373,5770 2418,5770 2462,5770 2507,5770 2552,5770 2597,5770 2641,5770 2686,5770 2731,5773 2776,5773 2821,5773 2865,5773 2910,5773 2955,5773 3000,5773 3045,5773 3089,5773 3134,5776 3137,5776 3169,5778"/>
               <TextEquiv>
                  <Unicode>zu leben verstanden. Aber man glaube doch nicht,</Unicode>
               </TextEquiv>
            </TextLine>
            <TextLine id="r_4_tl_33" custom="readingOrder {index:32;}">
               <Coords points="2221,5833 2810,5809 3168,5837 3166,5786 3054,5775 2220,5783"/>
               <Baseline points="2226,5807 2233,5806 2277,5806 2322,5806 2367,5806 2412,5806 2456,5806 2501,5806 2546,5806 2591,5806 2636,5806 2680,5806 2725,5809 2770,5809 2815,5809 2859,5809 2904,5809 2949,5809 2994,5809 3039,5809 3083,5809 3128,5812 3143,5812 3169,5817"/>
               <TextEquiv>
                  <Unicode>daß dies alles verschwunden und aufgegeben sei! Wir</Unicode>
               </TextEquiv>
            </TextLine>
            <TextLine id="r_4_tl_34" custom="readingOrder {index:33;}">
               <Coords points="2220,5852 3166,5853 3127,5821 2808,5809 2220,5827"/>
               <Baseline points="2226,5842 2233,5839 2277,5842 2322,5842 2367,5842 2412,5842 2456,5842 2501,5842 2546,5842 2591,5842 2636,5842 2680,5842 2725,5845 2770,5845 2815,5845 2859,5845 2904,5848 2949,5845 2994,5845 3039,5845 3083,5848 3128,5848 3143,5845 3169,5849"/>
               <TextEquiv>
                  <Unicode>wurden kürzlich von einem persischen Prinzen ein¬</Unicode>
               </TextEquiv>
            </TextLine>
            <TextLine id="r_4_tl_35" custom="readingOrder {index:34;}">
               <Coords points="2221,5900 3102,5900 3166,5886 3166,5853 2220,5857"/>
               <Baseline points="2226,5879 2235,5881 2280,5878 2325,5878 2370,5878 2415,5878 2459,5878 2504,5878 2549,5878 2594,5878 2639,5878 2683,5881 2728,5881 2773,5881 2818,5881 2862,5881 2907,5878 2952,5881 2997,5884 3042,5881 3086,5881 3131,5884 3143,5884 3169,5888"/>
               <TextEquiv>
                  <Unicode>geladen, ihn im Gebirge zu besuchen — er erwartete</Unicode>
               </TextEquiv>
            </TextLine>
            <TextLine id="r_4_tl_36" custom="readingOrder {index:35;}">
               <Coords points="2220,5918 3166,5919 3166,5886 2220,5893"/>
               <Baseline points="2226,5913 2233,5913 2277,5913 2322,5913 2367,5913 2412,5913 2456,5913 2501,5913 2546,5913 2591,5913 2636,5916 2680,5913 2725,5916 2770,5916 2815,5916 2859,5916 2904,5916 2949,5916 2994,5916 3039,5916 3083,5916 3128,5919 3143,5919 3169,5921"/>
               <TextEquiv>
                  <Unicode>uns an einem Punkt der Paßstraße, der nach dem</Unicode>
               </TextEquiv>
            </TextLine>
            <TextLine id="r_4_tl_37" custom="readingOrder {index:36;}">
               <Coords points="2220,5964 3061,5980 3149,5970 3165,5927 2218,5924"/>
               <Baseline points="2226,5952 2238,5952 2283,5949 2328,5949 2373,5949 2418,5949 2462,5949 2507,5952 2552,5949 2597,5952 2641,5952 2686,5949 2731,5952 2776,5955 2821,5952 2865,5955 2910,5955 2955,5952 3000,5952 3045,5952 3089,5952 3134,5955 3149,5955 3169,5957"/>
               <TextEquiv>
                  <Unicode>Zusammenfluß zweier Bäche „Doab“, das bedeutet:</Unicode>
               </TextEquiv>
            </TextLine>
            <TextLine id="r_4_tl_38" custom="readingOrder {index:37;}">
               <Coords points="2237,5995 3166,6001 3166,5957 2237,5962"/>
               <Baseline points="2244,5988 2289,5985 2334,5985 2379,5985 2424,5985 2468,5985 2513,5985 2558,5985 2603,5985 2647,5985 2692,5988 2737,5988 2782,5985 2827,5988 2871,5988 2916,5988 2961,5988 3006,5988 3050,5988 3095,5991 3140,5991 3143,5991 3169,5995"/>
               <TextEquiv>
                  <Unicode>„Zwei Wasser“ genannt ist. Dort ließen wir den</Unicode>
               </TextEquiv>
            </TextLine>
            <TextLine id="r_4_tl_39" custom="readingOrder {index:38;}">
               <Coords points="2220,6029 3166,6030 3166,6001 3112,5996 2220,6010"/>
               <Baseline points="2226,6023 2238,6021 2283,6021 2328,6021 2373,6021 2418,6021 2462,6021 2507,6021 2552,6021 2597,6021 2641,6021 2686,6021 2731,6027 2776,6024 2821,6024 2865,6024 2910,6024 2955,6024 3000,6024 3045,6024 3089,6024 3134,6027 3149,6030 3169,6030"/>
               <TextEquiv>
                  <Unicode>Wagen zurück, unser Gepäck, Feldbetten und Decken,</Unicode>
               </TextEquiv>
            </TextLine>
            <TextLine id="r_4_tl_40" custom="readingOrder {index:39;}">
               <Coords points="2220,6075 3166,6067 3099,6033 2220,6029"/>
               <Baseline points="2226,6057 2241,6057 2286,6054 2331,6057 2376,6057 2421,6057 2465,6057 2510,6057 2555,6057 2600,6057 2644,6057 2689,6057 2734,6060 2779,6060 2824,6060 2868,6060 2913,6060 2958,6060 3003,6060 3047,6060 3092,6060 3137,6063 3149,6063 3169,6065"/>
               <TextEquiv>
                  <Unicode>wurden auf Maultiere geladen, und wir ritten in der</Unicode>
               </TextEquiv>
            </TextLine>
            <TextLine id="r_4_tl_41" custom="readingOrder {index:40;}">
               <Coords points="2220,6116 3166,6125 3166,6089 3087,6065 2220,6077"/>
               <Baseline points="2226,6096 2253,6092 2298,6092 2343,6092 2388,6092 2433,6095 2477,6095 2522,6095 2567,6095 2612,6095 2656,6095 2701,6095 2746,6095 2791,6095 2836,6095 2880,6095 2925,6098 2970,6095 3015,6098 3059,6098 3104,6098 3149,6104 3169,6103"/>
               <TextEquiv>
                  <Unicode>Dämmerung das enge Tal hinauf. Es war Septem¬</Unicode>
               </TextEquiv>
            </TextLine>
            <TextEquiv>
               <Unicode/>
            </TextEquiv>
         </TextRegion>
         <TextRegion id="r_1" custom="readingOrder {index:3;}">
            <Coords points="3169,4615 4121,4615 4121,6162 3169,6162"/>
            <TextLine id="r_1_tl_1" custom="readingOrder {index:0;}">
               <Coords points="3163,4665 4080,4678 4080,4638 4025,4627 3163,4636"/>
               <Baseline points="3169,4663 3209,4663 3253,4663 3298,4663 3343,4663 3388,4663 3433,4663 3477,4663 3522,4660 3567,4663 3612,4660 3656,4663 3701,4660 3746,4660 3791,4663 3836,4663 3880,4660 3925,4660 3970,4660 4015,4663 4060,4663 4083,4663"/>
               <TextEquiv>
                  <Unicode>ber, und wir befanden uns schon auf einer Höhe von</Unicode>
               </TextEquiv>
            </TextLine>
            <TextLine id="r_1_tl_2" custom="readingOrder {index:1;}">
               <Coords points="3163,4708 4084,4712 4084,4678 4028,4668 3163,4668"/>
               <Baseline points="3169,4698 3170,4698 3215,4695 3259,4698 3304,4698 3349,4698 3394,4698 3439,4698 3483,4695 3528,4698 3573,4698 3618,4698 3662,4698 3707,4698 3752,4698 3797,4698 3842,4698 3886,4698 3931,4698 3976,4698 4021,4698 4065,4698 4086,4704"/>
               <TextEquiv>
                  <Unicode>2000 Metern, es war eisig kalt. Unter Felsvorsprüngen</Unicode>
               </TextEquiv>
            </TextLine>
            <TextLine id="r_1_tl_3" custom="readingOrder {index:2;}">
               <Coords points="3164,4745 4078,4744 4078,4713 4004,4706 3164,4709"/>
               <Baseline points="3170,4734 3215,4734 3259,4734 3304,4734 3349,4734 3394,4734 3439,4734 3483,4734 3528,4734 3573,4734 3618,4734 3662,4734 3707,4734 3752,4734 3797,4734 3842,4734 3886,4731 3931,4734 3976,4734 4021,4734 4065,4734 4080,4734"/>
               <TextEquiv>
                  <Unicode>wärmten sich an kleinern Feuern Nomaden, die von</Unicode>
               </TextEquiv>
            </TextLine>
            <TextLine id="r_1_tl_4" custom="readingOrder {index:3;}">
               <Coords points="3163,4778 4080,4783 4070,4742 3163,4740"/>
               <Baseline points="3169,4770 3176,4770 3221,4767 3265,4770 3310,4767 3355,4770 3400,4767 3445,4767 3489,4767 3534,4767 3579,4770 3624,4770 3668,4770 3713,4770 3758,4767 3803,4770 3848,4770 3892,4770 3937,4767 3982,4770 4027,4767 4071,4767 4083,4770"/>
               <TextEquiv>
                  <Unicode>den Sommerweiden herabzogen. — Als es schon dun¬</Unicode>
               </TextEquiv>
            </TextLine>
            <TextLine id="r_1_tl_5" custom="readingOrder {index:4;}">
               <Coords points="3163,4817 4080,4815 4065,4776 3163,4780"/>
               <Baseline points="3169,4806 3170,4806 3215,4803 3259,4803 3304,4806 3349,4803 3394,4803 3439,4806 3483,4806 3528,4806 3573,4806 3618,4806 3662,4806 3707,4803 3752,4806 3797,4806 3842,4803 3886,4806 3931,4803 3976,4806 4021,4806 4065,4806 4083,4806"/>
               <TextEquiv>
                  <Unicode>kel war, blieb der Himmel immer noch schwefelgelb,</Unicode>
               </TextEquiv>
            </TextLine>
            <TextLine id="r_1_tl_6" custom="readingOrder {index:5;}">
               <Coords points="3163,4851 4080,4854 4060,4812 3163,4818"/>
               <Baseline points="3169,4840 3173,4839 3218,4839 3262,4842 3307,4842 3352,4842 3397,4842 3442,4842 3486,4842 3531,4842 3576,4842 3621,4839 3665,4842 3710,4839 3755,4842 3800,4842 3845,4842 3889,4842 3934,4842 3979,4842 4024,4842 4068,4839 4083,4839"/>
               <TextEquiv>
                  <Unicode>und die tausend Formen der schwarzen Berggipfel bil¬</Unicode>
               </TextEquiv>
            </TextLine>
            <TextLine id="r_1_tl_7" custom="readingOrder {index:6;}">
               <Coords points="3163,4890 4074,4901 4074,4858 4029,4850 3163,4851"/>
               <Baseline points="3169,4877 3170,4877 3215,4877 3259,4877 3304,4877 3349,4877 3394,4877 3439,4877 3483,4877 3528,4877 3573,4877 3618,4877 3662,4877 3707,4877 3752,4877 3797,4877 3842,4877 3886,4877 3931,4877 3976,4877 4021,4877 4065,4880 4077,4877"/>
               <TextEquiv>
                  <Unicode>deten darin eine außerordentlich phantastische Sze¬</Unicode>
               </TextEquiv>
            </TextLine>
            <TextLine id="r_1_tl_8" custom="readingOrder {index:7;}">
               <Coords points="3164,4927 3183,4931 3194,4922 3213,4925 3227,4920 3237,4925 3242,4920 3247,4924 3255,4921 3261,4927 3272,4925 3269,4885 3231,4887 3213,4894 3162,4885"/>
               <Baseline points="3169,4913 3170,4913 3215,4913 3259,4919 3274,4916"/>
               <TextEquiv>
                  <Unicode>nerie.\:p\</Unicode>
               </TextEquiv>
            </TextLine>
            <TextLine id="r_1_tl_10" custom="readingOrder {index:8;}">
               <Coords points="3217,4958 4078,4971 4078,4928 4003,4909 3882,4940 3217,4922"/>
               <Baseline points="3224,4958 3230,4958 3274,4955 3319,4955 3364,4955 3409,4955 3453,4955 3498,4955 3543,4955 3588,4955 3633,4958 3677,4955 3722,4955 3767,4958 3812,4958 3857,4955 3901,4958 3946,4958 3991,4955 4036,4955 4080,4955"/>
               <TextEquiv>
                  <Unicode>\p\Wir ritten durch leere Winterdörfer, — die Bewoh¬</Unicode>
               </TextEquiv>
            </TextLine>
            <TextLine id="r_1_tl_9" custom="readingOrder {index:9;}">
               <Coords points="3163,4992 4078,5003 4056,4963 3163,4964"/>
               <Baseline points="3169,4976 3176,4985 3221,4988 3265,4988 3310,4991 3355,4988 3400,4988 3445,4988 3489,4991 3534,4991 3579,4991 3624,4991 3668,4991 3713,4991 3758,4994 3803,4991 3848,4991 3892,4991 3937,4991 3982,4991 4027,4991 4071,4991 4080,4991"/>
               <TextEquiv>
                  <Unicode>ner waren noch auf den Alpen —, durchquerten mehr¬</Unicode>
               </TextEquiv>
            </TextLine>
            <TextLine id="r_1_tl_11" custom="readingOrder {index:10;}">
               <Coords points="3170,5033 4084,5036 4041,4997 3169,4998"/>
               <Baseline points="3176,5024 3221,5024 3265,5024 3310,5024 3355,5027 3400,5024 3445,5024 3489,5024 3534,5024 3579,5024 3624,5024 3668,5024 3713,5024 3758,5024 3803,5024 3848,5024 3892,5024 3937,5024 3982,5024 4027,5024 4071,5027 4086,5030"/>
               <TextEquiv>
                  <Unicode>mals den Fluß, trabten einen schmalen Pfad entlang,</Unicode>
               </TextEquiv>
            </TextLine>
            <TextLine id="r_1_tl_12" custom="readingOrder {index:11;}">
               <Coords points="3163,5071 4078,5071 4050,5033 3163,5036"/>
               <Baseline points="3169,5057 3179,5057 3224,5057 3268,5057 3313,5057 3358,5057 3403,5060 3448,5060 3492,5060 3537,5057 3582,5060 3627,5060 3671,5060 3716,5057 3761,5060 3806,5057 3851,5060 3895,5060 3940,5060 3985,5060 4030,5060 4074,5060 4080,5060"/>
               <TextEquiv>
                  <Unicode>wo man in der Dunkelheit unnatürlich laut das Auf¬</Unicode>
               </TextEquiv>
            </TextLine>
            <TextLine id="r_1_tl_13" custom="readingOrder {index:12;}">
               <Coords points="3178,5104 4089,5104 4076,5068 3178,5067"/>
               <Baseline points="3185,5095 3230,5092 3274,5092 3319,5092 3364,5092 3409,5092 3453,5092 3498,5092 3543,5092 3588,5092 3633,5095 3677,5095 3722,5092 3767,5095 3812,5095 3857,5095 3901,5092 3946,5092 3991,5092 4036,5092 4080,5095 4092,5095"/>
               <TextEquiv>
                  <Unicode>schlagen der Hufe auf den Steinen vernahm — und</Unicode>
               </TextEquiv>
            </TextLine>
            <TextLine id="r_1_tl_14" custom="readingOrder {index:13;}">
               <Coords points="3163,5131 3671,5144 3655,5094 3617,5109 3163,5111"/>
               <Baseline points="3169,5127 3176,5125 3221,5125 3265,5125 3310,5125 3355,5125 3400,5125 3445,5128 3489,5128 3534,5128 3579,5125 3624,5128 3668,5128 3674,5131"/>
               <TextEquiv>
                  <Unicode>langten endlich im Lager an:\:p\</Unicode>
               </TextEquiv>
            </TextLine>
            <TextLine id="r_1_tl_15" custom="readingOrder {index:14;}">
               <Coords points="3223,5178 4087,5181 4069,5137 3223,5136"/>
               <Baseline points="3230,5173 3239,5170 3283,5167 3328,5170 3373,5170 3418,5170 3462,5170 3507,5170 3552,5170 3597,5170 3642,5170 3686,5170 3731,5170 3776,5170 3821,5170 3865,5170 3910,5170 3955,5170 4000,5170 4045,5170 4089,5170"/>
               <TextEquiv>
                  <Unicode>\p\Man sah im Schein der Feuer die großen Bäume</Unicode>
               </TextEquiv>
            </TextLine>
            <TextLine id="r_1_tl_16" custom="readingOrder {index:15;}">
               <Coords points="3163,5212 4080,5223 4080,5187 3964,5171 3242,5191 3163,5159"/>
               <Baseline points="3169,5205 3170,5206 3215,5206 3259,5206 3304,5206 3349,5206 3394,5206 3439,5206 3483,5206 3528,5206 3573,5206 3618,5206 3662,5206 3707,5206 3752,5206 3797,5206 3842,5206 3886,5206 3931,5206 3976,5206 4021,5206 4065,5209 4083,5212"/>
               <TextEquiv>
                  <Unicode>mit feuchtglänzendem Laub, die niedrigen Schlafzelte</Unicode>
               </TextEquiv>
            </TextLine>
            <TextLine id="r_1_tl_17" custom="readingOrder {index:16;}">
               <Coords points="3163,5248 4084,5252 4084,5222 4035,5216 3163,5225"/>
               <Baseline points="3169,5241 3170,5242 3215,5239 3259,5242 3304,5242 3349,5242 3394,5242 3439,5242 3483,5242 3528,5242 3573,5242 3618,5242 3662,5242 3707,5242 3752,5242 3797,5242 3842,5242 3886,5242 3931,5245 3976,5245 4021,5245 4065,5245 4086,5245"/>
               <TextEquiv>
                  <Unicode>ein paar große Jagdhunde, die unter gestreiften</Unicode>
               </TextEquiv>
            </TextLine>
            <TextLine id="r_1_tl_18" custom="readingOrder {index:17;}">
               <Coords points="3163,5296 4084,5290 4076,5250 3163,5258"/>
               <Baseline points="3169,5275 3182,5278 3227,5275 3271,5278 3316,5275 3361,5278 3406,5275 3451,5275 3495,5278 3540,5278 3585,5278 3630,5278 3674,5278 3719,5278 3764,5278 3809,5278 3854,5278 3898,5278 3943,5278 3988,5278 4033,5280 4077,5280 4086,5280"/>
               <TextEquiv>
                  <Unicode>Nomadendecken schliefen, in zärtlichen Positionen, den</Unicode>
               </TextEquiv>
            </TextLine>
            <TextLine id="r_1_tl_19" custom="readingOrder {index:18;}">
               <Coords points="3163,5327 4078,5323 4062,5289 3163,5297"/>
               <Baseline points="3169,5312 3176,5313 3221,5313 3265,5313 3310,5313 3355,5313 3400,5313 3445,5313 3489,5313 3534,5313 3579,5313 3624,5313 3668,5313 3713,5313 3758,5313 3803,5313 3848,5313 3892,5316 3937,5313 3982,5313 4027,5313 4071,5316 4080,5316"/>
               <TextEquiv>
                  <Unicode>Kopf auf den Rücken des Nachbarn gelegt. Diener lie¬</Unicode>
               </TextEquiv>
            </TextLine>
            <TextLine id="r_1_tl_20" custom="readingOrder {index:19;}">
               <Coords points="3163,5356 4089,5363 4089,5321 3163,5329"/>
               <Baseline points="3169,5347 3179,5349 3224,5346 3268,5349 3313,5349 3358,5349 3403,5349 3448,5349 3492,5349 3537,5349 3582,5352 3627,5352 3671,5349 3716,5352 3761,5349 3806,5349 3851,5349 3895,5349 3940,5349 3985,5349 4030,5349 4074,5352 4092,5355"/>
               <TextEquiv>
                  <Unicode>fen mit Lampen herbei. In der Mitte des Platzes lag</Unicode>
               </TextEquiv>
            </TextLine>
            <TextLine id="r_1_tl_21" custom="readingOrder {index:20;}">
               <Coords points="3163,5393 4086,5395 4068,5360 3163,5355"/>
               <Baseline points="3169,5385 3170,5385 3215,5382 3259,5382 3304,5385 3349,5382 3394,5382 3439,5385 3483,5385 3528,5385 3573,5388 3618,5388 3662,5385 3707,5385 3752,5388 3797,5385 3842,5388 3886,5385 3931,5385 3976,5385 4021,5388 4065,5388 4089,5391"/>
               <TextEquiv>
                  <Unicode>erleuchtet das Wohnzelt, geräumig, der Fußboden mit</Unicode>
               </TextEquiv>
            </TextLine>
            <TextLine id="r_1_tl_22" custom="readingOrder {index:21;}">
               <Coords points="3163,5436 4089,5432 4065,5393 3163,5393"/>
               <Baseline points="3169,5418 3182,5421 3227,5421 3271,5421 3316,5421 3361,5421 3406,5421 3451,5421 3495,5424 3540,5421 3585,5421 3630,5424 3674,5424 3719,5424 3764,5424 3809,5424 3854,5421 3898,5424 3943,5424 3988,5424 4033,5424 4077,5424 4092,5427"/>
               <TextEquiv>
                  <Unicode>Teppichen bedeckt, Flinten, Kartentaschen, Feldstecher</Unicode>
               </TextEquiv>
            </TextLine>
            <TextLine id="r_1_tl_23" custom="readingOrder {index:22;}">
               <Coords points="3163,5471 4086,5466 4063,5432 3907,5427 3163,5440"/>
               <Baseline points="3169,5453 3179,5454 3224,5457 3268,5457 3313,5457 3358,5457 3403,5457 3448,5457 3492,5457 3537,5457 3582,5457 3627,5460 3671,5460 3716,5460 3761,5457 3806,5457 3851,5457 3895,5460 3940,5457 3985,5457 4030,5460 4074,5460 4089,5463"/>
               <TextEquiv>
                  <Unicode>hingen an den Wänden. Wir saßen dort, und sahen</Unicode>
               </TextEquiv>
            </TextLine>
            <TextLine id="r_1_tl_24" custom="readingOrder {index:23;}">
               <Coords points="3163,5497 4089,5503 4089,5472 3989,5464 3163,5474"/>
               <Baseline points="3169,5493 3179,5495 3224,5492 3268,5492 3313,5492 3358,5492 3403,5492 3448,5492 3492,5492 3537,5492 3582,5492 3627,5492 3671,5492 3716,5495 3761,5495 3806,5492 3851,5495 3895,5495 3940,5492 3985,5495 4030,5495 4074,5495 4092,5495"/>
               <TextEquiv>
                  <Unicode>auf den dunklen Fluß hinunter, hörten die Maultiere</Unicode>
               </TextEquiv>
            </TextLine>
            <TextLine id="r_1_tl_25" custom="readingOrder {index:24;}">
               <Coords points="3164,5535 4082,5548 4088,5510 3355,5519 3247,5492 3163,5517"/>
               <Baseline points="3169,5528 3170,5528 3215,5525 3259,5528 3304,5528 3349,5528 3394,5528 3439,5528 3483,5528 3528,5528 3573,5528 3618,5528 3662,5528 3707,5528 3752,5528 3797,5531 3842,5531 3886,5531 3931,5531 3976,5531 4021,5531 4065,5531 4092,5534"/>
               <TextEquiv>
                  <Unicode>ankommen, der Schein der Lampen glitt auf und ab,</Unicode>
               </TextEquiv>
            </TextLine>
            <TextLine id="r_1_tl_26" custom="readingOrder {index:25;}">
               <Coords points="3163,5567 4086,5573 4061,5539 3163,5535"/>
               <Baseline points="3169,5563 3176,5564 3221,5564 3265,5561 3310,5564 3355,5561 3400,5564 3445,5564 3489,5564 3534,5564 3579,5564 3624,5567 3668,5567 3713,5564 3758,5567 3803,5567 3848,5567 3892,5567 3937,5564 3982,5567 4027,5567 4071,5567 4089,5570"/>
               <TextEquiv>
                  <Unicode>es war ein phantastisches Treiben. Es gav spät zu</Unicode>
               </TextEquiv>
            </TextLine>
            <TextLine id="r_1_tl_27" custom="readingOrder {index:26;}">
               <Coords points="3163,5604 4084,5611 4074,5575 3163,5567"/>
               <Baseline points="3169,5600 3179,5603 3224,5600 3268,5600 3313,5600 3358,5600 3403,5600 3448,5600 3492,5600 3537,5600 3582,5600 3627,5600 3671,5600 3716,5603 3761,5600 3806,5600 3851,5600 3895,5603 3940,5603 3985,5603 4030,5603 4074,5603 4086,5603"/>
               <TextEquiv>
                  <Unicode>essen: Rebhühner und Forellen, dazu allerlei persische</Unicode>
               </TextEquiv>
            </TextLine>
            <TextLine id="r_1_tl_28" custom="readingOrder {index:27;}">
               <Coords points="3163,5637 4089,5652 4089,5620 4011,5610 3163,5607"/>
               <Baseline points="3169,5635 3176,5636 3221,5636 3265,5636 3310,5636 3355,5636 3400,5636 3445,5636 3489,5639 3534,5636 3579,5636 3624,5636 3668,5636 3713,5639 3758,5636 3803,5639 3848,5636 3892,5639 3937,5639 3982,5639 4027,5639 4071,5639 4092,5642"/>
               <TextEquiv>
                  <Unicode>Gerichte, Pistazien, saure Milch, dünnblättriges Brot,</Unicode>
               </TextEquiv>
            </TextLine>
            <TextLine id="r_1_tl_29" custom="readingOrder {index:28;}">
               <Coords points="3163,5673 4086,5681 4086,5650 3993,5638 3163,5651"/>
               <Baseline points="3169,5671 3179,5672 3224,5672 3268,5672 3313,5672 3358,5672 3403,5672 3448,5672 3492,5672 3537,5675 3582,5675 3627,5672 3671,5675 3716,5675 3761,5672 3806,5675 3851,5675 3895,5675 3940,5675 3985,5675 4030,5675 4074,5675 4089,5672"/>
               <TextEquiv>
                  <Unicode>eine große Honigwabe, trüben, gelben Wein aus Schi¬</Unicode>
               </TextEquiv>
            </TextLine>
            <TextLine id="r_1_tl_30" custom="readingOrder {index:29;}">
               <Coords points="3163,5711 4086,5724 4066,5683 3991,5679 3163,5688"/>
               <Baseline points="3169,5705 3182,5707 3227,5707 3271,5707 3316,5707 3361,5707 3406,5707 3451,5707 3495,5707 3540,5710 3585,5707 3630,5710 3674,5710 3719,5710 3764,5710 3809,5710 3854,5710 3898,5710 3943,5710 3988,5710 4033,5710 4077,5710 4089,5707"/>
               <TextEquiv>
                  <Unicode>ras. Nachher lernten wir, daß nicht nur Schach, son¬</Unicode>
               </TextEquiv>
            </TextLine>
            <TextLine id="r_1_tl_31" custom="readingOrder {index:30;}">
               <Coords points="3163,5750 4084,5763 4055,5715 3162,5715"/>
               <Baseline points="3169,5742 3176,5743 3221,5740 3265,5743 3310,5743 3355,5743 3400,5743 3445,5743 3489,5743 3534,5746 3579,5746 3624,5746 3668,5743 3713,5746 3758,5746 3803,5746 3848,5746 3892,5746 3937,5746 3982,5746 4027,5746 4071,5746 4086,5746"/>
               <TextEquiv>
                  <Unicode>dern auch Tricktrack ein persisches Spiel sei, und unter¬</Unicode>
               </TextEquiv>
            </TextLine>
            <TextLine id="r_1_tl_32" custom="readingOrder {index:31;}">
               <Coords points="3163,5789 4086,5797 4063,5753 3163,5767"/>
               <Baseline points="3169,5778 3176,5779 3221,5779 3265,5779 3310,5779 3355,5779 3400,5779 3445,5779 3489,5779 3534,5779 3579,5779 3624,5782 3668,5782 3713,5779 3758,5782 3803,5785 3848,5782 3892,5779 3937,5782 3982,5782 4027,5782 4071,5782 4089,5782"/>
               <TextEquiv>
                  <Unicode>hielten uns mit unserm Gastgeber, — nicht über die</Unicode>
               </TextEquiv>
            </TextLine>
            <TextLine id="r_1_tl_33" custom="readingOrder {index:32;}">
               <Coords points="3163,5818 4084,5836 4084,5797 3162,5792"/>
               <Baseline points="3169,5817 3176,5818 3221,5815 3265,5818 3310,5815 3355,5815 3400,5815 3445,5815 3489,5815 3534,5818 3579,5818 3624,5818 3668,5818 3713,5818 3758,5818 3803,5818 3848,5818 3892,5815 3937,5818 3982,5818 4027,5818 4071,5818 4086,5818"/>
               <TextEquiv>
                  <Unicode>Jagd, sondern über das alte Persien, dem er an¬</Unicode>
               </TextEquiv>
            </TextLine>
            <TextLine id="r_1_tl_34" custom="readingOrder {index:33;}">
               <Coords points="3163,5866 4089,5868 4089,5831 4036,5824 3163,5833"/>
               <Baseline points="3169,5849 3179,5851 3224,5851 3268,5851 3313,5854 3358,5851 3403,5854 3448,5851 3492,5854 3537,5851 3582,5854 3627,5851 3671,5854 3716,5854 3761,5854 3806,5854 3851,5854 3895,5854 3940,5854 3985,5854 4030,5854 4074,5854 4092,5857"/>
               <TextEquiv>
                  <Unicode>gehörte, und das neue, dem seine Kinder angehören</Unicode>
               </TextEquiv>
            </TextLine>
            <TextLine id="r_1_tl_35" custom="readingOrder {index:34;}">
               <Coords points="3163,5888 4086,5900 4075,5863 3918,5856 3163,5868"/>
               <Baseline points="3169,5888 3179,5889 3224,5887 3268,5887 3313,5887 3358,5884 3403,5887 3448,5887 3492,5889 3537,5889 3582,5889 3627,5889 3671,5889 3716,5889 3761,5889 3806,5889 3851,5889 3895,5889 3940,5889 3985,5889 4030,5889 4074,5892 4089,5895"/>
               <TextEquiv>
                  <Unicode>würden, — über Oelpolitik, den Einfluß Englands,</Unicode>
               </TextEquiv>
            </TextLine>
            <TextLine id="r_1_tl_36" custom="readingOrder {index:35;}">
               <Coords points="3163,5930 4086,5934 4070,5897 3163,5901"/>
               <Baseline points="3169,5921 3179,5922 3224,5922 3268,5922 3313,5922 3358,5922 3403,5922 3448,5922 3492,5925 3537,5925 3582,5925 3627,5925 3671,5925 3716,5925 3761,5925 3806,5925 3851,5925 3895,5925 3940,5925 3985,5925 4030,5925 4074,5925 4089,5928"/>
               <TextEquiv>
                  <Unicode>das Beispiel Sowjetrußlands und seiner nationalen</Unicode>
               </TextEquiv>
            </TextLine>
            <TextLine id="r_1_tl_37" custom="readingOrder {index:36;}">
               <Coords points="3163,5962 4086,5969 4086,5934 3999,5929 3163,5942"/>
               <Baseline points="3169,5957 3179,5958 3224,5958 3268,5958 3313,5958 3358,5958 3403,5961 3448,5958 3492,5961 3537,5961 3582,5961 3627,5961 3671,5961 3716,5961 3761,5961 3806,5961 3851,5961 3895,5961 3940,5961 3985,5961 4030,5961 4074,5961 4089,5964"/>
               <TextEquiv>
                  <Unicode>Republiken drüben in Azerbeidjan und Turkestan.</Unicode>
               </TextEquiv>
            </TextLine>
            <TextLine id="r_1_tl_38" custom="readingOrder {index:37;}">
               <Coords points="3163,6003 4080,6004 4080,5976 3908,5963 3163,5983"/>
               <Baseline points="3169,5995 3182,5997 3188,5997 3233,5994 3277,5994 3322,5994 3367,5994 3412,5994 3456,5994 3501,5997 3546,5997 3591,5997 3636,5997 3680,5997 3725,5997 3770,5997 3815,5997 3859,5994 3904,5997 3949,5997 3994,5994 4039,5994 4083,5994"/>
               <TextEquiv>
                  <Unicode>Wir schliefen spät, ritten am nächsten Morgen bis</Unicode>
               </TextEquiv>
            </TextLine>
            <TextLine id="r_1_tl_39" custom="readingOrder {index:38;}">
               <Coords points="3163,6053 4084,6039 4055,6002 3163,6003"/>
               <Baseline points="3169,6030 3179,6030 3224,6030 3268,6030 3313,6030 3358,6030 3403,6030 3448,6030 3492,6030 3537,6030 3582,6030 3627,6030 3671,6033 3716,6030 3761,6030 3806,6030 3851,6030 3895,6030 3940,6030 3985,6030 4030,6030 4074,6033 4086,6033"/>
               <TextEquiv>
                  <Unicode>zur Quelle des Flusses hinauf, wo, in völliger Einöde</Unicode>
               </TextEquiv>
            </TextLine>
            <TextLine id="r_1_tl_40" custom="readingOrder {index:39;}">
               <Coords points="3163,6066 4084,6074 4084,6040 3965,6035 3163,6054"/>
               <Baseline points="3169,6065 3179,6066 3224,6063 3268,6063 3313,6066 3358,6063 3403,6063 3448,6063 3492,6063 3537,6066 3582,6066 3627,6066 3671,6066 3716,6066 3761,6066 3806,6066 3851,6066 3895,6066 3940,6066 3985,6069 4030,6066 4074,6066 4086,6066"/>
               <TextEquiv>
                  <Unicode>am Fuß des dunklen Tauschal, die Ruine eines Jagd¬</Unicode>
               </TextEquiv>
            </TextLine>
            <TextLine id="r_1_tl_41" custom="readingOrder {index:40;}">
               <Coords points="3163,6124 4095,6116 4081,6073 3163,6068"/>
               <Baseline points="3169,6103 3194,6101 3239,6098 3283,6098 3328,6101 3373,6098 3418,6101 3462,6101 3507,6098 3552,6101 3597,6101 3642,6101 3686,6101 3731,6101 3776,6101 3821,6101 3865,6101 3910,6101 3955,6101 4000,6101 4045,6101 4089,6107 4098,6107"/>
               <TextEquiv>
                  <Unicode>schlosses der Kadjaren liegt. Man sah im Bereich\fml\\:p\</Unicode>
               </TextEquiv>
            </TextLine>
            <TextEquiv>
               <Unicode/>
            </TextEquiv>
         </TextRegion>
      </Page>
   </PcGts>
   <PcGts xmlns="http://schema.primaresearch.org/PAGE/gts/pagecontent/2013-07-15"
          xmlns:xsi="http://www.w3.org/2001/XMLSchema-instance"
          xsi:schemaLocation="http://schema.primaresearch.org/PAGE/gts/pagecontent/2013-07-15 http://schema.primaresearch.org/PAGE/gts/pagecontent/2013-07-15/pagecontent.xsd">
      <Metadata>
         <Creator>prov=READ-COOP:name=PyLaia@TranskribusPlatform:version=2.23.0:model_id=39995:lm=none:date=20_02_2025_22:55</Creator>
         <Created>2025-02-20T22:13:36.857+01:00</Created>
         <LastChange>2025-02-26T17:59:32.190+01:00</LastChange>
         <TranskribusMetadata docId="7026094"
                              pageId="91963674"
                              pageNr="2"
                              tsid="230470130"
                              status="IN_PROGRESS"
                              userId="194245"
                              imgUrl="https://files.transkribus.eu/Get?id=HOYPASBXUNVUUUTXORBDFFNP&amp;fileType=view"
                              xmlUrl="https://files.transkribus.eu/Get?id=NXZHBZBVFFVQJTDUUWQKFHZF"
                              imageId="76758559"/>
      </Metadata>
      <Page imageFilename="smallform_0164_002.jpg"
            imageWidth="4305"
            imageHeight="7169">
         <ReadingOrder>
            <OrderedGroup id="ro_1740589172191" caption="Regions reading order">
               <RegionRefIndexed index="0" regionRef="r"/>
            </OrderedGroup>
         </ReadingOrder>
         <TextRegion id="r" custom="readingOrder {index:0;}">
            <Coords points="252,4691 1182,4691 1182,5336 252,5336"/>
            <TextLine id="r_tl_1" custom="readingOrder {index:0;}">
               <Coords points="253,4738 1180,4744 1162,4705 253,4711"/>
               <Baseline points="259,4736 304,4733 349,4730 393,4730 438,4733 483,4730 528,4733 573,4733 617,4733 662,4733 707,4733 752,4733 796,4730 841,4733 886,4730 931,4730 975,4730 1020,4730 1065,4730 1110,4733 1155,4730 1182,4730"/>
               <TextEquiv>
                  <Unicode>\p\\fml\eines zerfallenen Mauervierecks Gartenanlagen, ein</Unicode>
               </TextEquiv>
            </TextLine>
            <TextLine id="r_tl_2" custom="readingOrder {index:1;}">
               <Coords points="253,4779 1180,4771 1155,4738 253,4739"/>
               <Baseline points="259,4769 262,4769 307,4769 352,4769 396,4766 441,4766 486,4769 531,4766 576,4769 620,4769 665,4766 710,4769 755,4766 799,4769 844,4769 889,4766 934,4766 978,4766 1023,4766 1068,4766 1113,4766 1158,4766 1182,4768"/>
               <TextEquiv>
                  <Unicode>Wasserbecken, flache, breite, Treppen, ein Pavillon mit</Unicode>
               </TextEquiv>
            </TextLine>
            <TextLine id="r_tl_3" custom="readingOrder {index:2;}">
               <Coords points="253,4815 1163,4813 1163,4778 1105,4772 253,4778"/>
               <Baseline points="259,4802 304,4802 349,4802 393,4805 438,4802 483,4802 528,4802 573,4802 617,4802 662,4802 707,4802 752,4802 796,4802 841,4802 886,4802 931,4802 975,4802 1020,4802 1065,4802 1110,4802 1155,4802 1166,4805"/>
               <TextEquiv>
                  <Unicode>blinden Fensterscheiben und einem Dach über geneigten</Unicode>
               </TextEquiv>
            </TextLine>
            <TextLine id="r_tl_4" custom="readingOrder {index:3;}">
               <Coords points="258,4846 1180,4855 1168,4808 258,4813"/>
               <Baseline points="265,4843 307,4838 352,4838 396,4835 441,4838 486,4838 531,4838 576,4838 620,4838 665,4838 710,4838 755,4838 799,4835 844,4838 889,4838 934,4835 978,4835 1023,4835 1068,4835 1113,4835 1158,4835 1182,4835"/>
               <TextEquiv>
                  <Unicode>Holzsäulen, mit Resten von Mosaik und Kacheln an</Unicode>
               </TextEquiv>
            </TextLine>
            <TextLine id="r_tl_5" custom="readingOrder {index:4;}">
               <Coords points="249,4889 1181,4874 1111,4838 249,4851"/>
               <Baseline points="256,4873 301,4870 346,4873 390,4870 435,4870 480,4870 525,4873 570,4873 614,4870 659,4870 704,4870 749,4870 793,4870 838,4867 883,4870 928,4870 972,4870 1017,4867 1062,4867 1107,4867 1152,4867 1182,4872"/>
               <TextEquiv>
                  <Unicode>den Wänden. Der Prinz betrachtete all dies beküm¬</Unicode>
               </TextEquiv>
            </TextLine>
            <TextLine id="r_tl_6" custom="readingOrder {index:5;}">
               <Coords points="249,4918 1181,4921 1181,4876 249,4888"/>
               <Baseline points="256,4906 262,4906 307,4903 352,4903 396,4906 441,4903 486,4903 531,4903 576,4903 620,4906 665,4903 710,4906 755,4903 799,4903 844,4903 889,4903 934,4903 978,4903 1023,4903 1068,4903 1113,4903 1158,4903 1182,4906"/>
               <TextEquiv>
                  <Unicode>mert. „Vor ein paar Jahren hätte ich es der Regie¬</Unicode>
               </TextEquiv>
            </TextLine>
            <TextLine id="r_tl_7" custom="readingOrder {index:6;}">
               <Coords points="256,4948 1180,4955 1180,4920 1139,4912 256,4918"/>
               <Baseline points="262,4939 265,4939 310,4936 355,4939 399,4939 444,4939 489,4939 534,4939 579,4939 623,4939 668,4939 713,4939 758,4939 802,4936 847,4939 892,4939 937,4939 981,4936 1026,4939 1071,4936 1116,4939 1161,4936 1182,4941"/>
               <TextEquiv>
                  <Unicode>rung noch abgekauft,“ sagte er, — „nur um es zu ret¬</Unicode>
               </TextEquiv>
            </TextLine>
            <TextLine id="r_tl_8" custom="readingOrder {index:7;}">
               <Coords points="253,4981 1180,5000 1145,4946 253,4948"/>
               <Baseline points="259,4975 268,4972 313,4972 358,4972 402,4972 447,4972 492,4972 537,4972 581,4972 626,4972 671,4975 716,4972 761,4975 805,4972 850,4975 895,4972 940,4972 984,4972 1029,4972 1074,4972 1119,4972 1163,4972 1182,4975"/>
               <TextEquiv>
                  <Unicode>ten. Aber heute — ich bin froh, wenn ich nur die</Unicode>
               </TextEquiv>
            </TextLine>
            <TextLine id="r_tl_9" custom="readingOrder {index:8;}">
               <Coords points="258,5015 1180,5034 1180,4999 1114,4978 258,4984"/>
               <Baseline points="265,5011 310,5005 355,5005 399,5008 444,5008 489,5008 534,5008 579,5008 623,5005 668,5008 713,5008 758,5008 802,5005 847,5008 892,5005 937,5005 981,5005 1026,5005 1071,5005 1116,5005 1161,5008 1182,5010"/>
               <TextEquiv>
                  <Unicode>Möglichkeit behalte, nach meinem Geschmack zu leben.</Unicode>
               </TextEquiv>
            </TextLine>
            <TextLine id="r_tl_10" custom="readingOrder {index:9;}">
               <Coords points="253,5056 1110,5054 1089,5013 253,5013"/>
               <Baseline points="259,5040 304,5040 349,5040 393,5040 438,5040 483,5040 528,5040 573,5040 617,5040 662,5040 707,5040 752,5043 796,5046 841,5043 886,5043 931,5040 975,5040 1020,5040 1065,5040 1110,5043 1113,5043"/>
               <TextEquiv>
                  <Unicode>Es ist ja nichts als ein Luxus, den ich mir gönne, –</Unicode>
               </TextEquiv>
            </TextLine>
            <TextLine id="r_tl_11" custom="readingOrder {index:10;}">
               <Coords points="249,5094 513,5080 749,5086 791,5104 790,5052 249,5058"/>
               <Baseline points="256,5076 301,5073 346,5073 390,5073 435,5073 480,5073 525,5076 570,5076 614,5076 659,5076 704,5076 749,5076 793,5079"/>
               <TextEquiv>
                  <Unicode>aber ich werde ihn verteidigen.“\:p\</Unicode>
               </TextEquiv>
            </TextLine>
            <TextLine id="r_tl_12" custom="readingOrder {index:11;}">
               <Coords points="307,5119 1181,5130 1181,5098 1114,5067 778,5102 307,5086"/>
               <Baseline points="313,5112 352,5109 396,5109 441,5109 486,5109 531,5109 576,5112 620,5109 665,5109 710,5109 755,5109 799,5109 844,5109 889,5109 934,5109 978,5109 1023,5109 1068,5109 1113,5109 1158,5106 1181,5115 1182,5115"/>
               <TextEquiv>
                  <Unicode>\p\Als wir später aufbrachen, um über die neue Ge¬</Unicode>
               </TextEquiv>
            </TextLine>
            <TextLine id="r_tl_13" custom="readingOrder {index:12;}">
               <Coords points="256,5151 1180,5152 1149,5118 459,5130 256,5102"/>
               <Baseline points="262,5142 307,5142 352,5142 396,5142 441,5142 486,5142 531,5142 576,5142 620,5145 665,5142 710,5145 755,5142 799,5145 844,5145 889,5142 934,5142 978,5142 1023,5142 1068,5142 1113,5142 1158,5145 1161,5145 1182,5152"/>
               <TextEquiv>
                  <Unicode>birgsstraße ans Kaspische Meer hinunter zu fahren</Unicode>
               </TextEquiv>
            </TextLine>
            <TextLine id="r_tl_14" custom="readingOrder {index:13;}">
               <Coords points="249,5188 1181,5191 1181,5155 1145,5149 249,5153"/>
               <Baseline points="256,5178 301,5178 346,5178 390,5178 435,5178 480,5178 525,5178 570,5178 614,5178 659,5178 704,5178 749,5178 793,5178 838,5178 883,5178 928,5178 972,5178 1017,5178 1062,5178 1107,5175 1152,5178 1161,5178 1181,5187 1182,5187"/>
               <TextEquiv>
                  <Unicode>und dort den neuen Hafen Deno und die Bahnbauten</Unicode>
               </TextEquiv>
            </TextLine>
            <TextLine id="r_tl_15" custom="readingOrder {index:14;}">
               <Coords points="249,5228 1181,5226 1156,5184 249,5192"/>
               <Baseline points="256,5214 262,5214 307,5214 352,5211 396,5214 441,5214 486,5214 531,5214 576,5211 620,5214 665,5211 710,5214 755,5214 799,5214 844,5214 889,5211 934,5211 978,5211 1023,5211 1068,5211 1113,5211 1158,5211 1182,5219"/>
               <TextEquiv>
                  <Unicode>zu sehen, fragten wir den Prinzen, ob er uns beglei¬</Unicode>
               </TextEquiv>
            </TextLine>
            <TextLine id="r_tl_16" custom="readingOrder {index:15;}">
               <Coords points="262,5256 1180,5263 1168,5219 262,5226"/>
               <Baseline points="268,5246 313,5243 358,5246 402,5246 447,5246 492,5246 537,5243 581,5246 626,5246 671,5246 716,5246 761,5246 805,5243 850,5246 895,5246 940,5243 984,5246 1029,5243 1074,5243 1119,5249 1155,5249 1181,5258 1182,5258"/>
               <TextEquiv>
                  <Unicode>ten wolle. Er tat es, verließ uns aber vor Deno, ge¬</Unicode>
               </TextEquiv>
            </TextLine>
            <TextLine id="r_tl_17" custom="readingOrder {index:16;}">
               <Coords points="253,5285 1152,5295 1152,5256 1088,5251 253,5255"/>
               <Baseline points="259,5282 304,5279 349,5279 393,5279 438,5279 483,5282 528,5279 573,5279 617,5282 662,5279 707,5282 752,5282 796,5282 841,5279 886,5279 931,5279 975,5279 1020,5282 1065,5279 1110,5279 1155,5279"/>
               <TextEquiv>
                  <Unicode>lockt von der Aussicht, im Bergwald ein paar Fasanen</Unicode>
               </TextEquiv>
            </TextLine>
            <TextLine id="r_tl_18" custom="readingOrder {index:17;}">
               <Coords points="253,5337 317,5326 330,5336 344,5329 363,5335 372,5326 417,5333 443,5323 477,5335 495,5331 495,5306 457,5307 431,5291 407,5298 331,5287 308,5302 278,5289 253,5294"/>
               <Baseline points="259,5318 304,5315 349,5315 393,5315 438,5315 483,5318 498,5318"/>
               <TextEquiv>
                  <Unicode>zu schießen ...\:p\</Unicode>
               </TextEquiv>
            </TextLine>
            <TextEquiv>
               <Unicode/>
            </TextEquiv>
         </TextRegion>
      </Page>
   </PcGts>
</validation-wrapper>
