3602 4565
904 374 1954 458 Annemarie Clarac-Schwarzenbach:
1130 550 2604 637 Die Tätigkeit des Roten Kreuzes in Lissabon.
1109 822 3171 921 \p\[space horizontal]Es wurde oft geäussert, die mehr oder minder offene Einmischung
841 931 3195 1021 in den Bürgerkrieg in Spanien habe den Armeestäben verschiedener Länder
844 1033 3132 1122 eine Gelegenheit geboten, die Wirksamkeit moderner Kriegsmittel in der
841 1137 3138 1227 blutigen Praxis auszuprobieren. Weniger bekannt wurde es, dass auch das
850 1241 3126 1328 Internationale Rote Kreuz damals zum ersten Mal die Grundsätze seiner
835 1348 3195 1432 neuen Konvention vom Jahre 1928 erproben konnte. Zwischen den Armeen des
847 1446 3189 1530 Generals Franco und denen der Royalisten wurden sechs Millionen Mittei¬
838 1561 2231 1640 lungen, Briefe,und Postkarten ausgetauscht.\:p\
841 1656 3135 1747 \p\Ebenfalls auf den "Code de Frisonniers de Guerre" der 1928-Konvention
847 1767 2944 1845 gestützt, konnte das Internationale Rote Kreuz die Tätigkeit der
856 1856 3129 1949 "Agence pour les Frisonniers de Guerre" vorbereiten,die, wenige Monate
841 1965 3070 2056 vor Kriegsausbruch zustande gekommen, von den kriegführenden Staaten
835 2077 3067 2159 anerkannt wurde. Um einen Begriff vom Umfang der sofort eingesetzten
838 2172 3195 2263 Vermittlertätigkeit dieser Agentur zu geben, sei nur erwähnt, dass durch
835 2280 3135 2370 schnittlich 60'000 Briefe täglich im Durchschnitt 60 000 Briefe durch
835 2387 3186 2471 die Genfer Bureaus gegangen sind, und etwa 30 000 Familien von Kriegsge¬
832 2488 2103 2576 fangenen Nachrichten erhalten konnten.\:p\
835 2592 3270 2689 \p\Ein anderer, in der Konvention von 1928 vorgesehener Zweig der Rotes Kreuz-
835 2697 3126 2790 Aktivität ist die Inspektion von Gefangenenlagern. Um sie wirkungsvoll
832 2803 3132 2894 durch zu führen, ist die Zusammenarbeit verschiedener Stellen nötig. In
835 2906 3258 2999 jedem Lager gibt es einen Vertrauensmann, der von seinen Kameraden gewählt
868 3011 3123 3104 oder ernannt wird. Für dieses Amt sind weder Alter noch militärischer
832 3122 3079 3206 Rang ausschlaggebend, sondern einzig das Vertrauen der Mitgefangenen.\:p\
895 3248 3159 3342 \p\– Ferner ernennt das Genfer "Comité International de la Croix Rouge" in
838 3350 3159 3447 jedem Land mit Gefangenen- oder Interniertenlagern einen Delegierten. In
832 3457 3252 3551 den Vereinigten Staaten zum Beispiel wird diese Stelle von dem ehemaligen
826 3560 2885 3653 Schweizer Gesandten in Washington, Herrn Marc Peter, ausgefüllt.
820 3664 3153 3754 Endlich machen Mitglieder des Internationalen Comités von Zeit zu Zeit
817 3769 3153 3861 ausgedehnte Inspektionsreisen, um die Lager in verschiedenen Ländern zu
817 3870 1136 3954 besuchen.\:p\
1692 221 2621 311 –2–(Rotes Kreuz in Lissabon)
788 472 3021 550 \p\Die Möglichkeit, dass eine internationale und über-nationale Instanz
794 575 3018 653 für den Austausch von Nachrichten sorgen, und eine gewisse Kontrolle
791 679 2994 759 über den Zustand der Lager ausüben kann, ist sicher für das Los der
794 785 3128 860 Gefangenen von grossem Segen. Aber um für ihre nötigsten Bedürfnisse zu
797 890 3209 977 sorgen, musste das Internationale Rote Kreuz eine dritte Instanz schaffen,
797 994 3027 1072 die sich mit der Expedition von Paketen befasst, und deren Tätigkeit
791 1093 3146 1177 heute wegen der wachsenden Lebensmittelnot und des beinahe unüberwind¬
794 1203 3057 1281 lichen Transportproblems immer wichtiger, und immer schwieriger wird.\:p\
1749 1305 3176 1383 \p\[space horizontal]In diesem Zusammenhang wurde seit dem letz¬
794 1409 2997 1490 ten Herbst Lissabon zum ersten Mal ein Zentrum der Aktivitäten des
797 1514 3182 1592 Internationalen Roten Kreuzes. Das Comité International wurde hier zuerst
794 1618 3090 1696 vom Schweizerischen Geschäftsträger, Herrn Redard, repräsentiert, der an
797 1720 3155 1798 das Portugiesische Rote Kreuz appellierte,und das Prinzip der Zusammen¬
797 1827 3194 1905 arbeit zwischen dem Genfer Comité und den nationalen Stellen erfolgreich
791 1932 3224 2010 zu verwirklichen wusste. Als die eintreffenden Pakete, besonders aus Kanada
794 2036 3227 2114 und den U.S.A., immer zahlreicher wurden, entsandte das Genfer Comité einen
797 2138 3125 2216 Herrn Oberst Iselin als besonderen Vertreter nach Lissabon, – und er hat
806 2240 3087 2325 seit seiner Ankunft im Oktober eine bewundernswerte Arbeit geleistet.
788 2347 3215 2422 Zeitenweise kamen wöchentlich nicht weniger als 10 000 Pakete mit Lebens¬
788 2451 3188 2529 mitteln und Kleidern aus New York in Lissabon an, – und mussten von diesem
794 2556 3149 2637 neuen Verkehrspunkt am äussersten Rand Europas weiter expediert werden!
785 2657 3188 2738 Die Stellen des Internationalen Comités und des englischen Roten Kreuzes
791 2765 3087 2846 arbeiteten zusammen, um das Transportproblem zu lösen. Der Landweg über
797 2869 3158 2953 Spanien ist heute aus mehreren Gründen, vor allem wegen der Knappheit an
797 2971 3063 3055 Eisenbahnwagen, für die Sendungen des Roten Kreuzes ausgeschlossen. Es
791 3075 3212 3162 bleibt nur noch der Seeweg über Gibraltar und das Mittelmeer. Während aber
797 3189 3152 3262 gemäss den französisch-italienischen Waffenstillstands-Bestimmungen die
791 3284 3179 3363 Handelsschiffe unter Schweizer Flagge nur in Genua anlegen dürfen, landen
797 3386 3182 3473 die Schiffe des Roten Kreuzes in Marseille, von wo die Sendungen nach Genf
791 3487 3149 3574 weitergehen. Das erste, kleine "Rotkreuz-Schiff" ging am 22. Dezember 1940
788 3592 3248 3670 von Lissabon nach Marseille ab. Dieser Weg würde heute reibungslos funktio¬
785 3699 3158 3783 nieren, nur herrscht Mangel an Schiffen. Inzwischen wachsen die Sendungen
782 3804 2054 3885 aus Nord- und Südamerika immer noch an.\:p\
1539 271 1667 306 –3–
990 473 3249 552 \p\Oberst Chapuisat, der kürzlich als Delegierter des Comité Internatio¬
883 583 3153 656 nal aus Amerika zurückkehrend in Lissabon eintraf, berichtete von der
907 688 3159 752 "Conférence Panaméricaine des Croix Rouges" in Santiago di Chile, und
895 795 3189 865 der spontanen Antwort, die sein Appell "Europa hungert!" dort gefunden
889 896 3192 972 hatte. Sofort wurden Comités gegründet, die für die Sendung von Paketen
898 1004 3258 1077 mit dem C.I.C.R. zusammenarbeiten, – in Peru, Cuba, Venezuela mit besonderem
895 1105 3189 1175 Erfolg. Auch das noch unter den entsetzlichen Schäden des letzten Erd¬
898 1213 3174 1286 bebens leidende Chile unterstützte die Aktion für das vom Krieg heim¬
904 1317 3216 1396 gesuchte Europa, – und als der europäische Delegierte seine Rede beendet
892 1427 2554 1497 hatte, erhob sich die ganze Versammlung schweigend.\:p\
901 1532 3210 1599 \p\Natürlich ist der Beitrag des amerikanischen Roten Kreuzes [add above: der USA ] sehr gross,
898 1633 3073 1703 an dessen Spitze Präsident Roosevelt als Chairman und Norman Davis
895 1753 3189 1792 als Chairman steht, und das seit vielen Jahren von Norman Davis präsi¬
898 1857 3192 1902 diert wird. Die Sache des Roten Kreuzes [add above: und verwandter Organisationen] ist in den Vereinigten Staaten
904 1962 3177 2004 besonders unter den Frauen ungemein populär. Ich habe hier eine Ameri¬
895 2065 3132 2111 kanerin getroffen, die mit dem [add above: privaten] Ambulanzkorps von Miss Anne Morgan in
904 2147 3216 2217 Frankreich war, mit der "Croix de guerre" ausgezeichnet wurde, und jetzt
904 2248 3174 2327 in Lissabon auf nichts anderes wartet, als auf einen neuen Kriegschau¬
904 2358 3222 2425 platz entsandt zu werden. Ich weiss nicht, ob ihre Enttäuschung, oder ihr
907 2460 3207 2524 Vergnügen über den trockenen britischen Humor grösser war, als sie mir
901 2567 3264 2631 kürzlich ein Antworttelegramm aus London zeigte, welches folgendermassen
904 2666 3255 2745 lautete: "Können Ihnen nur eintönige Stelle als Ambulanzfahrerin während
898 2770 3103 2843 Luftangriffen anbieten". Als mir ein anderes Mal der uniformmässige
901 2878 3288 2954 Schnitt eines Khakikostüms eines jungen amerikanischen Mädchens auffiel,
904 2985 3225 3052 sagte sie mir: "Es ist eine Uniform, ich habe nur die Abzeichen wegge¬
901 3092 3171 3156 trennt. Ich war sieben Monate mit einer Ambulanz des Roten Kreuzes in
904 3197 1205 3261 Syrien." –\:p\
901 3298 3234 3362 \p\Die Kollaboration des Internationalen Comités mit dem nationalen Roten
895 3403 3219 3470 Kreuz Englands, Amerikas, Portugals und anderer Länder ist heute in Lis¬
901 3505 3106 3574 sabon erfolgreich und von geradezu symbolischer Bedeutung. Aber die
901 3615 3261 3672 Aufgaben des Roten Kreuzes sind in diesem Weltkrieg ungeheuer angewach¬
910 3739 3288 3769 sen, – und die [add above: alten] Begriffe, sie zu umschreiben, die [add above: bisherigen] Organisationen, um ihnen sie
904 3820 2694 3890 gerecht zu zu bewältigen,reichen heute nicht mehr aus.\:p\
1605 228 1679 309 –4–
1059 470 3180 560 \p\[space horizontal]Im letzten Weltkrieg galt eine der Hauptsorgen des Roten Kreuzes
856 577 3165 661 den Schwerverwundeten, die man auszutauschen, oder in neutralen Ländern
859 685 3061 762 wie der Schweiz zu internieren suchte. In diesem Weltkrieg sind die
859 789 3222 864 Schwerverwundeten nicht so zahlreich, dafür gibt es ungeheure Massen von
859 887 3341 968 Gefangenen. Und es gibt nicht nur Kriegsgefangene, es gibt zivile Internierte
859 1019 3037 1059 Frauen, Kinder und Greise in grosser Zahl. Allein in einem Lager in
856 1129 3115 1169 Besancon sind[add above: waren zeitweilig] mindestens viertausend Frauen, meistens Engländerinnen,
859 1213 3141 1288 untergebracht, und die Berichte, die ich von dort gehört habe, sind ein¬
868 1311 3129 1389 drucksvoll genug. Aber es gibt nicht nur Gefangene und Internierte in
868 1416 3159 1493 diesem Krieg, – es gibt die Flüchtlinge, Vertriebenen, und die Exilierten
862 1526 2625 1598 aus einer Reihe von Ländern,– und es gibt Deportierte.\:p\
862 1621 3156 1699 \p\Aus einer einzigen Stadt in Polen gelangten im Zeitraum von zwei bis
874 1729 3159 1804 drei Tagen 2000 Telegramme an das Genfer Comité. Die Zahl der
868 1833 3189 1905 Deportierten aus dem von Sovietrussland besetzten Teil Polens wird von
874 1938 3070 2010 wohl informierter Seite auf 800 000 bis eine Million geschätzt. Die
865 2039 3138 2111 Intellektuellen und anderen Oberschichten polnischer Städte befinden
871 2141 3282 2219 sich darunter. Die Mehrzahl dieser Unglücklichen wurden nach Zentralasien,
865 2245 3168 2323 Turkestan, Kasakstan, den Altai verbracht. Die dem Roten Kreuz ähnlichen
868 2352 3147 2427 Organisationen der Sovietunion arbeiten aber mit Genf nicht zusammen.\:p\
1721 2457 3162 2529 \p\[space horiziontal]Da nicht nur die Pakete aus aller Welt,son¬
874 2585 3174 2628 dern jeder Brief, jede Notiz zur Auffindung von Vermissten, heute ihren
862 2666 3294 2744 meistens sehr langen Weg über Lissabon nehmen muss, haben die Roten Kreuze
865 2773 3294 2845 aller Länder, vor allem Belgiens, Norwegens, Polens, Hollands, jetzt in dieser
877 2872 3285 2944 Stadt ihre Vertreter. Da die meisten Flüchtlinge und Auswanderer nach bei¬
874 2979 3231 3051 den Amerikas, Australien und allen Teilen der Welt sich in Lissabon ein¬
874 3080 3225 3158 schiffen mu[add inline: ü]ss[add above: en], befindet sich jetzt hier auch ein Kommissar für Flücht¬
871 3191 3135 3263 lingsfragen.Die kleine portugiesische Kapitale, von der aus einst die
871 3328 3297 3406 grossen Seefahrer in den unbekannten Atlantik vorstiessen,vereinigt heute
871 3433 3201 3505 die Fäden jener Organisationen im Dienste der leidenden Menschheit, für
868 3537 2664 3612 \:p\die das in Genf gegründete Rote Kreuz das Symbol ist. –
