4252 5669
999 1935 1685 2059 \f\ Hund\:f\
1174 3578 2193 3633 KEINEN PLATZ FÜR TYRAS
578 3656 1636 3694 \p\An einem Pier des altmodischen Hafens von Lissabon liegt ein Hund von
571 3690 1636 3746 dem amerikanischen Dampfer «Siboney» und bewacht eine Kajüten¬
569 3729 1635 3777 luke, hinter welcher das Gesicht seines Herrn soeben verschwunden
566 3769 1632 3815 ist. Der Herr gehört zu den 350 Menschen, die auf dem kleinen, für
569 3810 1634 3853 die Unterbringung von höchstens der Hälfte dieser Zahl von Passa¬
569 3840 1638 3892 gieren eingerichteten Schiff die Reise über den Atlantischen Ozean
569 3886 1640 3935 antreten, für den Hund gab es keinen Platz. — Die Dampfer der
569 3929 1638 3970 «American Export Lines» sind die einzigen, die noch in diesem letzten
566 3963 1632 4002 freien Hafen der europäischen Atlantik-Küste anlegen, um den Passa¬
566 3997 1638 4052 gier-Verkehr zwischen der Alten und der Neuen Welt aufrecht zu
571 4041 1638 4084 erhalten. Außer ihnen gibt es nur die Clipper-Flugzeuge, auf denen
566 4079 1632 4127 die Plätze auf Monate im voraus gebucht sind. Auch auf einen Schiffs¬
566 4118 1638 4169 platz muß man in Lissabon oft wochenlang warten. Jeden Freitag, dem
569 4155 1640 4199 Abfahrtstag der «Export-Liners», spielen sich am Hafen schmerzliche
574 4195 1640 4236 Szenen der Trennung ab. Denn die meisten Menschen, die sich heute
571 4230 1636 4273 in Lissabon einschiffen, sind Flüchtlinge, Emignanten, unfreiwillige
1742 3647 2811 3702 Auswanderer, Heimatlose aus den in diesem Krieg geschlagenen Län¬
1742 3694 2807 3739 dern Europas, und wieviele von ihnen werden ihre Heimat nie wieder¬
1742 3731 2809 3781 sehen! Aber sie, die ein amerikanisches Visum und eine Fahrkarte
1742 3769 2818 3816 nach New York besitzen, sind beneidenswert, verglichen mit den
1745 3810 2818 3849 Tausenden, die gezwungen sind, Europa zu verlassen und die in
1742 3847 2809 3892 Lissabon auf einen Paß, auf Geld, eine Reisemöglichkeit warten. Sie
1742 3887 2809 3930 füllen die Hotels, Pensionen, billigen Mietzimmer, die Cafés, Reise¬
1742 3930 2818 3975 bureaux, die Wartezimmer der Konsulate in Lissabon und geben der
1753 3969 2811 4018 vor kurzem noch idyllisch stillen Hauptstadt Portugals ein inter¬
1745 4010 2811 4048 nationales Gepräge, eine hektische Betriebsamkeit, die seltsam und
1745 4041 2817 4084 traurig eindrucksvolle Atmosphäre eines letzten Postens am Rande
1738 4081 2817 4123 des fürchterlich heimgesuchten europäischen Kontinents. Vom gleichen
1745 4116 2818 4157 Hafen fuhren einst die Schiffe Heinrichs des Seefahrers, von Welt¬
1744 4170 2817 4216 umseglern und Eroberern aus. Jetzt blicken von hier aus besiegte
1750 4197 2560 4241 Menschen mit kummervoller Hoffnung nach Westen.\:p\
2318 4236 2819 4293 Annemarie Clarac-Schwarzenbach.
