4276 7128
185 4373 1096 4452 Die neue landwirtschaftliche Hochschule
500 4433 761 4504 in Ankara.
226 4490 1096 4538 \p\Unter den mannigfachen Reformen, welche in den 10
179 4535 1086 4577 Jahren des Bestehens der Republik in der Türkei
178 4570 1080 4613 durchgeführt wurden, hat die agrarpolitische immer
178 4610 1093 4657 größere Bedeutung erlangt. Die türkische Wirtschaft
173 4639 1093 4671 kann sich nur auf der Basis der Landwirtschaft ent¬
173 4672 1092 4719 wickeln, aus der Türkei einen vorzüglichen Agrarstaat
175 4709 1093 4758 zu machen, ist daher heute eine der vornehmsten Sor¬
175 4750 1093 4798 gen der Regierung. Diese Regierung ist der Ansicht,
175 4783 1072 4823 daß der Boden des Landes, selbst seines ärmsten Tei¬
175 4815 1092 4850 les — des anatolischen Hochlandes — fruchtbar ge¬
173 4850 1092 4890 macht werden könnte, durch eine sachkundige Behand¬
172 4884 1090 4934 lung. Bisher war Anatolien ein Agrarland ohne
175 4915 1090 4966 planmäßige Bewirtschaftung, und deshalb ein armes
178 4954 1090 5001 Agrarland —, jetzt wird man die Bedingungen des
173 4986 1090 5029 Bodens erforschen, die Produktion und die Viehzucht
175 5023 1067 5075 planmäßig betreiben, und auf diese Weise die gesamte
172 5059 632 5101 nationale Wirtschaft heben.\:p\
232 5101 1087 5146 \p\Dafür braucht man in erster Linie ein Zentral¬
174 5132 1087 5192 institut, welches dem dreifachen Zwecke dient: erstens
168 5179 1066 5232 die wissenschaftliche Erforschung des Landes durchzu¬
173 5208 1086 5253 führen — zweitens einen Stab von jungen Landwir¬
173 5247 1073 5307 ten auszubilden — drittens eine allgemein beratende
173 5274 529 5338 Funktion zu erfüllen.\:p\
219 5329 1084 5378 \p\Dies werden die wichtigsten Aufgaben der \g\neuen
173 5356 1084 5435 landwirtschaftlichen Hochschule in An¬
172 5396 356 5452 kara\:g\ sein.\:p\
225 5440 1084 5506 \p\Diese Schule ist nicht ohne Vorgängerin: seit einer
170 5488 1083 5525 Reihe von Jahren existierte in Ankara eine landwirt¬
173 5522 1082 5564 schaftliche Schule, deren deutsche Professoren mit ihren
172 5559 1081 5618 Assistenten bereits wertvolle Pionierarbeit geleistet
173 5591 280 5641 haben.\:p\
219 5646 1081 5685 \p\An die Spitze der neuen Hochschule hat die tür¬
173 5661 1081 5725 kische Regierung Professor \g\Falke\:g\ als Rektor be¬
168 5712 1081 5760 rufen. Auch die übrigen Professoren sind \g\deutsche\:g\
166 5752 1080 5797 Gelehrte, so daß die Schule einen einheitlichen Lehr¬
170 5780 386 5835 körper besitzt.\:p\
219 5823 1079 5876 \p\Man hat diejenigen Fakultäten eingerichtet, welche
173 5867 1079 5919 für die Aufgaben der Schule die unentbehrlichsten sind,
166 5911 1066 5948 nämlich eine naturwissenschaftliche, eine landwirtschaft¬
166 5936 1079 5981 liche, eine veterinär-medizinische, und eine techno¬
170 5969 1077 6017 logisch-technische. Eine Anzahl praktischer Versuchs¬
166 6009 1077 6056 anstalten und wissenschaftlicher Laboratorien, sowie ein
1084 4373 2029 4427 landwirtschaftlicher Musterbetrieb vervollständigen die
1109 4419 2029 4464 Schule, deren Einrichtung in jeder Beziehung vor¬
1102 4447 2029 4507 bildlich ist. Damit ist eine Anstalt geschaffen, die die
1084 4497 1890 4551 neuorganisierte Istambuler Universität ergänzt.\:p\
1157 4533 2029 4591 \p\Die landwirtschaftliche Hochschule verdankt ihre
1120 4564 2028 4629 Fertigstellung vor allem dem Verständnis und der
1083 4619 2025 4668 Energie des Landwirtschaftsministers Mühlis Bey.
1083 4642 2026 4702 Der Schule ist ein Internat angegliedert, wo in die¬
1084 4673 2009 4732 sem ersten Semester über 250 Schüler auf Staatskosten
1083 4711 2026 4763 untergebracht werden. Die Zahl der Studenten soll
1083 4745 1632 4810 bis auf 1000 gesteigert werden.\:p\
1161 4791 2008 4847 \p\Sicher besitzt die Türkei in dieser Hochschule eine
1083 4837 2026 4875 Anstalt, die sich neben den besten ihrer Art behaupten
1083 4867 2025 4909 wird. Sie wurde unter den günstigsten Voraussetzun¬
1082 4887 2025 4956 gen geschaffen — nämlich durch die direkte Initiative
1082 4947 2025 4990 eines Staates, der keine anderen Rücksichten zu neh¬
1083 4978 2025 5027 men braucht als die, die ihm sein Interesse und da¬
1083 5004 1617 5056 mit das seines Volkes diktiert.\:p\
1153 5054 2024 5117 \p\So sind alle äußeren Vorbedingungen für eine
1106 5092 2024 5146 fruchtbare Tätigkeit erfüllt. Aber diese Tätigkeit wird
1082 5127 2024 5169 andererseits mit Schwierigkeiten zu rechnen haben, die
1082 5169 2001 5212 man zwar benennen und voraussehen kann, von deren
1109 5197 2023 5246 Bedeutung aber nur der sich einen Begriff macht, der
1081 5214 1961 5299 die Türkei und ihre besonderen Bedingungen kennt.\:p\
1152 5280 2023 5334 \p\Da ist einmal das Problem der Sprache. Die
1103 5309 2022 5365 deutschen Professoren sind nicht in der Lage, ihre Vor¬
1082 5343 2022 5400 lesungen und Uebungen auf türkisch abzuhalten. Aber
1081 5393 2023 5440 selbst wenn sie in kurzer Zeit dazu bereit wären, so
1097 5425 2021 5467 müßte doch die deutsche oder eine andere europäische
1080 5454 2022 5514 Hauptsprache als Grundlage des Unterrichts beibehal¬
1081 5500 2022 5534 ten werden, weil eine türkische Fachliteratur noch voll¬
1081 5525 2022 5570 ständig fehlt. Man wird die Schüler also zwingen
1081 5565 2021 5604 müssen, mindestens eine unserer Kultursprachen so zu
1096 5597 2021 5648 beherrschen, daß sie auch die Literatur selbständig be¬
1103 5627 2021 5671 nützen können. Diesem Ziel dient auch die Bibliothek,
1081 5668 2019 5710 deren Grundstock von 20,000 Bänden ein Geschenk der
1080 5701 2019 5756 deutschen Regierung, der Buchhändlerschaft und der
1080 5723 2019 5786 Notgemeinschaft deutscher Wissenschaft an die Hoch¬
1081 5776 2019 5812 schule ist. Zusammen mit den nationalen natur¬
1097 5799 2018 5850 wissenschaftlichen Museen soll die Bibliothek einem
1081 5840 2018 5884 weiteren Publikum offenstehen und so eine Brücke
1081 5871 1664 5939 zwischen Schule und Volk bilden.\:p\
1145 5917 2018 5953 \p\Die größte Schwierigkeit aber liegt in der Ver¬
1081 5933 2017 5993 schiedenheit der türkischen Mentalität von der west¬
1081 5989 1990 6030 europäischen. Sie zu definieren wäre eine Aufgabe,
1081 6026 2018 6096 die über den Rahmen dieses Artikels hinausgeht.
2028 4390 2950 4444 Jedenfalls wäre es falsch, anzunehmen, daß die jun¬
2026 4425 2940 4484 gen Türken, aus welchen Landesteilen sie auch stam¬
2028 4469 2951 4515 men mögen, geistig unbegabter seien als eine Schüler¬
2046 4498 2960 4543 schaft bei uns. Aber sie sind unter anderen Voraus¬
2026 4536 2960 4589 setzungen aufgewachsen; nicht nur das, ihre Vorfah¬
2026 4577 2959 4617 ren haben seit Jahrhunderten unter anderen Bedin¬
2046 4602 2959 4652 gungen gelebt als die unsrigen. Geistige Aktivität,
2026 4652 2957 4691 selbständiges Denken, planmäßiges Arbeiten, dies alles
2026 4675 2958 4718 muß ihnen erst beigebracht werden. Der junge Türke
2042 4705 2958 4762 ist bis jetzt vor allem rezeptiv, aber er besitzt die
2026 4750 2956 4799 grundlegende Eigenschaft für jede geistige Bildung:
2035 4772 2453 4828 er ist begeisterungsfähig.\:p\
2083 4818 2956 4880 \p\Natürlich kann man sich fragen, ob es überhaupt
2024 4860 2956 4914 möglich ist, und ob es richtig ist, einem bis jetzt orien¬
2025 4905 2957 4956 talisch empfindenden Volk die westliche Mentalität aufzu¬
2025 4940 2956 4993 zwingen. Ob es möglich ist, darüber wird man erst
2025 4970 2956 5024 nach den Erfolgen der Erziehungsarbeit urteilen kön¬
2025 5009 2956 5057 nen. Berechtigt ist es, weil ohne diesen Zwang das
2037 5040 2956 5088 ganze Reformwerk Mustafa Kemals hinfällig würde.
2023 5084 2936 5129 Er will sein Land — bis vor kurzem ein orientalisches
2024 5119 2954 5173 Land — der Lethargie, der Armut und dem Stillstand
2024 5130 2195 5193 entreißen.\:p\
2082 5192 2953 5249 \p\Das ist ein Fortschrittsglaube, und ihn hat ein
2022 5234 2952 5283 einziger Erdteil besessen und ausgebildet: Europa.
2034 5261 2952 5316 Deshalb muß die Türkei sich der europäischen Mittel
2023 5307 2951 5343 bedienen, und seine junge Generation lehren, davon
2022 5340 2952 5384 Gebrauch zu machen. Erst wenn die Türkei eine wis¬
2022 5376 2950 5422 senschaftlich befähigte und ausgebildete Schicht besitzt,
2023 5405 2931 5451 wird es möglich sein, eine türkische Wissenschaft zu be¬
2023 5441 2950 5487 gründen, die sich ihren Platz neben der der anderen
2022 5466 2928 5526 Nationen erobern wird. Solange die Türken auf
2023 5514 2930 5559 europäische Mentoren angewiesen sind, solange ist das
2022 5548 2948 5597 Werk der Revolution unvollständig und steht auf
2023 5575 2950 5626 schwachen Füßen. Das alte osmanische Reich hat
2023 5605 2948 5650 deutsche Offiziere gebraucht, um sein Heer auszubil¬
2022 5633 2948 5692 den. Die neue Türkei bietet der Generation, die ein¬
2022 5681 2947 5729 mal ihr Träger sein soll, geistige Lehrer. So stellt
2021 5712 2947 5767 sich für die in die Türkei berufenen Träger
2022 5751 2946 5796 europäischer Kultur und Wissenschaft die rühmliche
2022 5779 2947 5830 Aufgabe, einem begabten Volk diese Kultur zu ver¬
2022 5819 2946 5862 mitteln und noch einmal ihre Lebensfähigkeit und
2021 5847 2945 5900 Lebensnähe zu beweisen. Denn die nächsten und
2023 5885 2945 5940 praktischsten Bedürfnisse des türkischen Staates sind
2021 5925 2945 5979 zugleich geistige, und keines läßt sich ohne das andere
2021 5955 2167 6009 erfüllen.\:p\
2270 5992 2879 6075 Dr. Annemarie \g\Schwarzenbach\:g\.
