<?xml version="1.0" encoding="UTF-8"?>
<validation-wrapper>
   <PcGts xmlns="http://schema.primaresearch.org/PAGE/gts/pagecontent/2013-07-15">
      <Metadata>
         <Creator>prov=READ-COOP:name=PyLaia@TranskribusPlatform:version=2.44.0:model_id=39995:lm=none:date=16_06_2026_17:29</Creator>
         <Created>2026-06-16T17:27:40.446+02:00</Created>
         <LastChange>2026-06-16T17:39:43.979+02:00</LastChange>
         <TranskribusMetadata docId="16901735"
                              pageId="122510936"
                              pageNr="1"
                              userId="194245"
                              imgUrl="https://files.transkribus.eu/Get?fileType=view&amp;id=UXRGUDRKUDDFXVAUYLWNKIEH"
                              imageId="104112949"/>
      </Metadata>
      <Page imageFilename="smallform_0536_001.jpg"
            imageWidth="3593"
            imageHeight="4511">
         <TextRegion orientation="0.0" id="tr_1" custom="readingOrder {index:0;}">
            <Coords points="516,383 516,4167 3415,4167 3415,383"/>
            <TextLine id="tr_1_tl_1" custom="readingOrder {index:0;}">
               <Coords points="516,491 1755,494 1755,389 516,386"/>
               <Baseline points="516,456 581,456 646,456 711,456 776,456 842,456 907,456 972,455 1037,455 1102,453 1168,453 1233,453 1298,454 1363,456 1428,456 1494,456 1559,456 1624,456 1689,456 1755,459"/>
               <TextEquiv>
                  <Unicode>Annemarie Clarac-Schwarzenbach:</Unicode>
               </TextEquiv>
            </TextLine>
            <TextLine id="tr_1_tl_2" custom="readingOrder {index:1;}">
               <Coords points="1179,706 2468,709 2468,604 1179,601"/>
               <Baseline points="1179,671 1243,671 1307,671 1372,674 1436,674 1501,674 1565,674 1630,671 1694,672 1759,671 1823,671 1887,673 1952,674 2016,674 2081,674 2145,672 2210,674 2274,674 2339,671 2403,673 2468,674"/>
               <TextEquiv>
                  <Unicode>Die versäumte Reise zum Escorial</Unicode>
               </TextEquiv>
            </TextLine>
            <TextLine id="tr_1_tl_3" custom="readingOrder {index:2;}">
               <Coords points="1038,927 3167,924 3167,819 1038,822"/>
               <Baseline points="1038,892 1144,889 1250,889 1357,892 1463,889 1570,892 1676,891 1783,889 1889,889 1996,889 2102,891 2208,889 2315,889 2421,889 2528,891 2634,889 2741,889 2847,886 2954,888 3060,886 3167,889"/>
               <TextEquiv>
                  <Unicode>\p\Je mehr Reisen ich unter immer schwierigeren Umständen</Unicode>
               </TextEquiv>
            </TextLine>
            <TextLine id="tr_1_tl_4"
                      custom="readingOrder {index:3;} textStyle {offset:48;length:13;strikethrough:true;}">
               <Coords points="537,1076 3224,1079 3224,974 3089,965 537,971"/>
               <Baseline points="537,1041 671,1041 805,1041 940,1041 1074,1041 1208,1041 1343,1038 1477,1038 1611,1038 1746,1038 1880,1038 2014,1038 2149,1038 2283,1038 2417,1038 2552,1035 2686,1035 2820,1035 2955,1035 3089,1035 3224,1044"/>
               <TextEquiv>
                  <Unicode>unternehme, und je mehr ich mich an den Zustand des Unterwegs gewöhne,</Unicode>
               </TextEquiv>
            </TextLine>
            <TextLine id="tr_1_tl_5" custom="readingOrder {index:4;}">
               <Coords points="531,1220 3236,1211 3236,1106 531,1115"/>
               <Baseline points="531,1185 666,1185 801,1185 936,1185 1072,1185 1207,1185 1342,1182 1477,1182 1613,1182 1748,1181 1883,1182 2018,1182 2154,1182 2289,1179 2424,1182 2559,1179 2695,1179 2830,1179 2965,1176 3100,1176 3236,1176"/>
               <TextEquiv>
                  <Unicode>unterwegs zu sein, umso deutlicher wird es mir, dass wir in hohem Grade</Unicode>
               </TextEquiv>
            </TextLine>
            <TextLine id="tr_1_tl_6" custom="readingOrder {index:5;}">
               <Coords points="537,1365 3203,1362 3203,1259 3069,1253 537,1262"/>
               <Baseline points="537,1331 670,1331 803,1331 936,1328 1070,1328 1203,1328 1336,1328 1470,1328 1603,1328 1736,1328 1870,1328 2003,1329 2136,1328 2269,1328 2403,1325 2536,1325 2669,1325 2803,1325 2936,1325 3069,1322 3203,1328"/>
               <TextEquiv>
                  <Unicode>von jenen Kombinationen fremden und eigenen Willens abhängen, die wir</Unicode>
               </TextEquiv>
            </TextLine>
            <TextLine id="tr_1_tl_7" custom="readingOrder {index:6;}">
               <Coords points="528,1505 3283,1496 3283,1393 528,1402"/>
               <Baseline points="528,1471 665,1474 803,1472 941,1471 1079,1471 1216,1472 1354,1471 1492,1474 1630,1471 1767,1471 1905,1471 2043,1474 2181,1473 2318,1471 2456,1471 2594,1468 2732,1468 2869,1468 3007,1468 3145,1468 3283,1462"/>
               <TextEquiv>
                  <Unicode>als Zufälle bezeichnen. Natürlich ist es nicht so mit uns bestellt, dass</Unicode>
               </TextEquiv>
            </TextLine>
            <TextLine id="tr_1_tl_8" custom="readingOrder {index:7;}">
               <Coords points="534,1656 3307,1641 3307,1536 534,1551"/>
               <Baseline points="534,1621 672,1621 811,1618 949,1616 1088,1618 1227,1618 1365,1618 1504,1618 1643,1618 1781,1618 1920,1618 2059,1618 2197,1618 2336,1617 2475,1618 2613,1615 2752,1612 2891,1612 3029,1612 3168,1612 3307,1606"/>
               <TextEquiv>
                  <Unicode>wir allerletzten Endes über unser Schicksal nicht mindestens mitbestim¬</Unicode>
               </TextEquiv>
            </TextLine>
            <TextLine id="tr_1_tl_9" custom="readingOrder {index:8;}">
               <Coords points="522,1796 3206,1793 3206,1688 522,1691"/>
               <Baseline points="522,1761 656,1764 790,1764 924,1761 1058,1761 1193,1761 1327,1761 1461,1761 1595,1761 1729,1761 1864,1761 1998,1761 2132,1761 2266,1761 2400,1764 2534,1761 2669,1758 2803,1755 2937,1758 3071,1755 3206,1758"/>
               <TextEquiv>
                  <Unicode>men, wohl aber bestimmen wir darüber nicht allein, und unsere Freiheit</Unicode>
               </TextEquiv>
            </TextLine>
            <TextLine id="tr_1_tl_10" custom="readingOrder {index:9;}">
               <Coords points="531,1945 3403,1939 3403,1834 531,1840"/>
               <Baseline points="531,1910 674,1907 818,1908 961,1906 1105,1907 1249,1907 1392,1907 1536,1907 1679,1907 1823,1907 1967,1907 2110,1907 2254,1907 2397,1907 2541,1904 2685,1904 2828,1904 2972,1901 3115,1901 3259,1903 3403,1904"/>
               <TextEquiv>
                  <Unicode>ist natürlich eingeschränkt durch die Tatsache, dass wir eben nicht allein</Unicode>
               </TextEquiv>
            </TextLine>
            <TextLine id="tr_1_tl_11" custom="readingOrder {index:10;}">
               <Coords points="519,2085 3367,2083 3367,1978 519,1980"/>
               <Baseline points="519,2050 661,2053 803,2053 946,2053 1088,2053 1231,2053 1373,2053 1515,2053 1658,2053 1800,2053 1943,2053 2085,2053 2227,2053 2370,2051 2512,2050 2655,2050 2797,2050 2939,2049 3082,2046 3224,2046 3367,2048"/>
               <TextEquiv>
                  <Unicode>leben, sondern in beständiger Beziehung zu anderen Wesen, freundlichen wie</Unicode>
               </TextEquiv>
            </TextLine>
            <TextLine id="tr_1_tl_12" custom="readingOrder {index:11;}">
               <Coords points="525,2238 3349,2232 3349,2127 525,2133"/>
               <Baseline points="525,2203 666,2200 807,2202 948,2200 1089,2203 1231,2200 1372,2200 1513,2200 1654,2200 1795,2201 1937,2200 2078,2200 2219,2203 2360,2200 2501,2197 2643,2195 2784,2197 2925,2195 3066,2194 3207,2194 3349,2197"/>
               <TextEquiv>
                  <Unicode>feindlichen Kräften dieser Erde, an die wir gebunden bleiben bis zum Tod.\:p\</Unicode>
               </TextEquiv>
            </TextLine>
            <TextLine id="tr_1_tl_13" custom="readingOrder {index:12;}">
               <Coords points="534,2453 3361,2447 3361,2342 534,2348"/>
               <Baseline points="534,2418 675,2418 816,2418 958,2415 1099,2416 1240,2418 1382,2418 1523,2415 1664,2418 1806,2418 1947,2415 2088,2415 2230,2415 2371,2418 2512,2418 2654,2412 2795,2412 2936,2412 3078,2410 3219,2409 3361,2412"/>
               <TextEquiv>
                  <Unicode>\p\Nachdem ich einige Erfahrungen gesammelt habe, wage ich es beispielsweise</Unicode>
               </TextEquiv>
            </TextLine>
            <TextLine id="tr_1_tl_14" custom="readingOrder {index:13;}">
               <Coords points="531,2596 3364,2593 3364,2488 531,2491"/>
               <Baseline points="531,2561 672,2561 814,2561 955,2561 1097,2561 1239,2561 1380,2561 1522,2561 1664,2561 1805,2561 1947,2561 2089,2561 2230,2561 2372,2561 2514,2561 2655,2558 2797,2557 2939,2557 3080,2558 3222,2558 3364,2558"/>
               <TextEquiv>
                  <Unicode>nicht mehr, heute ein Reiseziel anzugeben, wenn man mich darnach fragt. Ich</Unicode>
               </TextEquiv>
            </TextLine>
            <TextLine id="tr_1_tl_15" custom="readingOrder {index:14;}">
               <Coords points="531,2739 3221,2739 3221,2634 531,2634"/>
               <Baseline points="531,2704 665,2707 800,2704 934,2707 1069,2704 1203,2707 1338,2707 1472,2707 1607,2707 1741,2707 1876,2707 2010,2704 2145,2704 2279,2707 2414,2704 2548,2704 2683,2701 2817,2701 2952,2701 3086,2701 3221,2704"/>
               <TextEquiv>
                  <Unicode>könnte wohl einen Hafen nennen, für den ich einen im Voraus bezahlten</Unicode>
               </TextEquiv>
            </TextLine>
            <TextLine id="tr_1_tl_16" custom="readingOrder {index:15;}">
               <Coords points="528,2889 3292,2883 3292,2778 528,2784"/>
               <Baseline points="528,2854 666,2854 804,2854 942,2854 1080,2854 1219,2854 1357,2854 1495,2851 1633,2854 1771,2851 1910,2854 2048,2851 2186,2851 2324,2851 2462,2851 2601,2848 2739,2848 2877,2848 3015,2848 3153,2845 3292,2848"/>
               <TextEquiv>
                  <Unicode>Schiffsplatz in der Tasche habe, oder ein Land, das mir soeben ein Visum</Unicode>
               </TextEquiv>
            </TextLine>
            <TextLine id="tr_1_tl_17" custom="readingOrder {index:16;}">
               <Coords points="537,3032 3295,3026 3295,2921 537,2927"/>
               <Baseline points="537,2997 674,2997 812,2997 950,2997 1088,2997 1226,2997 1364,2997 1502,2994 1640,2994 1778,2994 1916,2994 2053,2994 2191,2994 2329,2994 2467,2994 2605,2991 2743,2991 2881,2991 3019,2991 3157,2991 3295,2991"/>
               <TextEquiv>
                  <Unicode>gewährt hat. Aber ich scheue mich, mit solcher Sicherheit aufzutreten, in</Unicode>
               </TextEquiv>
            </TextLine>
            <TextLine id="tr_1_tl_18" custom="readingOrder {index:17;}">
               <Coords points="537,3178 3346,3181 3346,3076 3205,3065 537,3073"/>
               <Baseline points="537,3143 677,3143 817,3142 958,3140 1098,3142 1239,3142 1379,3140 1520,3140 1660,3140 1801,3140 1941,3137 2081,3138 2222,3137 2362,3137 2503,3140 2643,3140 2784,3137 2924,3137 3065,3134 3205,3135 3346,3146"/>
               <TextEquiv>
                  <Unicode>einer Welt wo jeder meiner Schritte an hundert Bedingungen gebunden ist,</Unicode>
               </TextEquiv>
            </TextLine>
            <TextLine id="tr_1_tl_19" custom="readingOrder {index:18;}">
               <Coords points="549,3321 3286,3315 3286,3210 549,3216"/>
               <Baseline points="549,3286 685,3289 822,3286 959,3289 1096,3286 1233,3286 1370,3286 1506,3286 1643,3284 1780,3286 1917,3285 2054,3286 2191,3283 2328,3283 2464,3283 2601,3281 2738,3280 2875,3280 3012,3280 3149,3280 3286,3280"/>
               <TextEquiv>
                  <Unicode>-und ich scheue mich nicht nur aus Respekt vor den fremden Mächten, die</Unicode>
               </TextEquiv>
            </TextLine>
            <TextLine id="tr_1_tl_20" custom="readingOrder {index:19;}">
               <Coords points="573,3468 3358,3468 3358,3363 3218,3354 573,3363"/>
               <Baseline points="573,3433 712,3433 851,3432 990,3432 1130,3433 1269,3433 1408,3433 1547,3430 1687,3430 1826,3430 1965,3430 2104,3430 2244,3428 2383,3430 2522,3427 2661,3428 2801,3425 2940,3424 3079,3424 3218,3424 3358,3433"/>
               <TextEquiv>
                  <Unicode>im letzten Augenblick in meine eigenmächtigen Pläne eingreifen könnten,</Unicode>
               </TextEquiv>
            </TextLine>
            <TextLine id="tr_1_tl_21" custom="readingOrder {index:20;}">
               <Coords points="540,3610 3415,3607 3415,3505 540,3508"/>
               <Baseline points="540,3576 683,3579 827,3576 971,3576 1115,3576 1258,3579 1402,3576 1546,3576 1690,3576 1833,3576 1977,3576 2121,3573 2265,3576 2408,3574 2552,3574 2696,3573 2840,3576 2983,3575 3127,3571 3271,3570 3415,3573"/>
               <TextEquiv>
                  <Unicode>sondern auch vor mir selber, denn ich kenne mich gerade genug, um zu wissen</Unicode>
               </TextEquiv>
            </TextLine>
            <TextLine id="tr_1_tl_22" custom="readingOrder {index:21;}">
               <Coords points="537,3747 3221,3753 3221,3651 537,3645"/>
               <Baseline points="537,3713 671,3722 805,3722 939,3719 1073,3719 1208,3722 1342,3719 1476,3719 1610,3719 1744,3719 1879,3719 2013,3719 2147,3722 2281,3722 2415,3722 2549,3719 2684,3716 2818,3716 2952,3716 3086,3716 3221,3719"/>
               <TextEquiv>
                  <Unicode>dass ich von Zuständen und Umständen abhängig bin wie von Hunger und</Unicode>
               </TextEquiv>
            </TextLine>
            <TextLine id="tr_1_tl_23" custom="readingOrder {index:22;}">
               <Coords points="528,3904 3188,3907 3188,3802 528,3799"/>
               <Baseline points="528,3869 661,3875 794,3875 927,3872 1060,3872 1193,3875 1326,3872 1459,3872 1592,3872 1725,3872 1858,3871 1991,3871 2124,3870 2257,3872 2390,3869 2523,3867 2656,3869 2789,3869 2922,3869 3055,3868 3188,3872"/>
               <TextEquiv>
                  <Unicode>Durst, Klima und Krankheit, und dass ich, wenn eben der Zufall es will,</Unicode>
               </TextEquiv>
            </TextLine>
            <TextLine id="tr_1_tl_24" custom="readingOrder {index:23;}">
               <Coords points="540,4039 3224,4027 3224,3937 540,3949"/>
               <Baseline points="540,4009 674,4009 808,4006 942,4006 1076,4006 1211,4003 1345,4003 1479,4006 1613,4003 1747,4000 1882,4003 2016,4003 2150,4003 2284,4003 2418,4006 2552,4003 2687,4000 2821,4000 2955,4000 3089,4000 3224,3997"/>
               <TextEquiv>
                  <Unicode>morgen die Abfahrt des Dampfers versäumen werde, vielleicht ohne mein</Unicode>
               </TextEquiv>
            </TextLine>
            <TextLine id="tr_1_tl_25" custom="readingOrder {index:24;}">
               <Coords points="537,4161 1883,4164 1883,4074 537,4071"/>
               <Baseline points="537,4131 604,4134 671,4134 738,4137 806,4134 873,4134 940,4131 1008,4131 1075,4131 1142,4131 1210,4131 1277,4129 1344,4131 1411,4131 1479,4128 1546,4128 1613,4128 1681,4128 1748,4128 1815,4130 1883,4134"/>
               <TextEquiv>
                  <Unicode>Zutun, vielleicht aber wissentlich.\:p\</Unicode>
               </TextEquiv>
            </TextLine>
            <TextEquiv>
               <Unicode/>
            </TextEquiv>
         </TextRegion>
      </Page>
   </PcGts>
   <PcGts xmlns="http://schema.primaresearch.org/PAGE/gts/pagecontent/2013-07-15">
      <Metadata>
         <Creator>prov=READ-COOP:name=PyLaia@TranskribusPlatform:version=2.44.0:model_id=39995:lm=none:date=16_06_2026_17:29</Creator>
         <Created>2026-06-16T17:27:40.632+02:00</Created>
         <LastChange>2026-06-16T18:20:31.228+02:00</LastChange>
         <TranskribusMetadata docId="16901735"
                              pageId="122511015"
                              pageNr="2"
                              userId="194245"
                              imgUrl="https://files.transkribus.eu/Get?fileType=view&amp;id=JHVGEMTJBLOYQVHUPZALETDL"
                              imageId="104112902"/>
      </Metadata>
      <Page imageFilename="smallform_0536_002.jpg"
            imageWidth="3566"
            imageHeight="4511">
         <TextRegion orientation="0.0" id="tr_1" custom="readingOrder {index:0;}">
            <Coords points="567,292 567,4008 3376,4008 3376,292"/>
            <TextLine id="tr_1_tl_1" custom="readingOrder {index:0;}">
               <Coords points="1612,395 2540,410 2540,307 1612,292"/>
               <Baseline points="1612,361 1658,364 1704,364 1751,364 1797,364 1844,364 1890,364 1936,364 1983,365 2029,367 2076,367 2122,366 2168,365 2215,367 2261,367 2308,367 2354,367 2400,367 2447,369 2493,372 2540,376"/>
               <TextEquiv>
                  <Unicode>–2– (Die versäumte Reise)</Unicode>
               </TextEquiv>
            </TextLine>
            <TextLine id="tr_1_tl_2" custom="readingOrder {index:1;}">
               <Coords points="570,687 3313,705 3313,602 3175,593 570,584"/>
               <Baseline points="570,653 707,653 844,656 981,656 1118,656 1255,658 1392,656 1530,656 1667,656 1804,656 1941,661 2078,659 2215,659 2352,659 2490,662 2627,662 2764,662 2901,662 3038,662 3175,662 3313,671"/>
               <TextEquiv>
                  <Unicode>\p\Diese Scheu, über die nächste Stunde, über mich und Andere, zu bestimmen,</Unicode>
               </TextEquiv>
            </TextLine>
            <TextLine id="tr_1_tl_3" custom="readingOrder {index:2;}">
               <Coords points="573,834 3140,846 3140,743 573,731"/>
               <Baseline points="573,800 701,803 829,803 958,803 1086,804 1214,803 1343,803 1471,806 1599,806 1728,806 1856,807 1984,809 2113,808 2241,809 2369,806 2498,809 2626,809 2754,809 2883,808 3011,809 3140,812"/>
               <TextEquiv>
                  <Unicode>hat nichts mit Vorsicht zu tun. Ich glaube, im Gegenteil, nicht, dass</Unicode>
               </TextEquiv>
            </TextLine>
            <TextLine id="tr_1_tl_4" custom="readingOrder {index:3;}">
               <Coords points="567,980 3248,989 3248,886 567,877"/>
               <Baseline points="567,946 701,949 835,949 969,949 1103,949 1237,949 1371,949 1505,949 1639,952 1773,952 1907,952 2041,952 2175,955 2309,955 2443,955 2577,952 2711,955 2845,955 2979,955 3113,955 3248,955"/>
               <TextEquiv>
                  <Unicode>meiner Voraussicht viel Wert zuzumessen sei, und meinen Willen möchte</Unicode>
               </TextEquiv>
            </TextLine>
            <TextLine id="tr_1_tl_5" custom="readingOrder {index:4;}">
               <Coords points="582,1128 3254,1131 3254,1031 582,1028"/>
               <Baseline points="582,1095 715,1095 849,1095 982,1095 1116,1095 1250,1095 1383,1095 1517,1095 1650,1095 1784,1092 1918,1095 2051,1095 2185,1098 2318,1098 2452,1095 2586,1095 2719,1098 2853,1098 2986,1095 3120,1097 3254,1098"/>
               <TextEquiv>
                  <Unicode>ich nur einsetzen, wo ich wirkliches Verfügungsrecht habe, nämlich für</Unicode>
               </TextEquiv>
            </TextLine>
            <TextLine id="tr_1_tl_6" custom="readingOrder {index:5;}">
               <Coords points="579,1263 3212,1274 3212,1174 579,1163"/>
               <Baseline points="579,1230 710,1238 842,1238 973,1241 1105,1241 1237,1241 1368,1241 1500,1241 1632,1241 1763,1241 1895,1241 2027,1247 2158,1246 2290,1244 2422,1244 2553,1244 2685,1244 2817,1244 2948,1244 3080,1244 3212,1241"/>
               <TextEquiv>
                  <Unicode>meine eigene, scharf umgrenzte Person, über die ich letzten Endes be¬</Unicode>
               </TextEquiv>
            </TextLine>
            <TextLine id="tr_1_tl_7" custom="readingOrder {index:6;}">
               <Coords points="582,1413 3283,1434 3283,1331 3147,1322 582,1310"/>
               <Baseline points="582,1379 717,1385 852,1385 987,1385 1122,1385 1257,1385 1392,1388 1527,1385 1662,1385 1797,1385 1932,1388 2067,1390 2202,1388 2337,1388 2472,1391 2607,1389 2742,1391 2877,1392 3012,1391 3147,1391 3283,1400"/>
               <TextEquiv>
                  <Unicode>stimme. "Was immer jene Kombinationen und Zufälle seien", sage ich mir,</Unicode>
               </TextEquiv>
            </TextLine>
            <TextLine id="tr_1_tl_8" custom="readingOrder {index:7;}">
               <Coords points="603,1562 3376,1568 3376,1465 603,1459"/>
               <Baseline points="603,1528 741,1531 880,1531 1018,1531 1157,1531 1296,1533 1434,1533 1573,1531 1712,1531 1850,1537 1989,1537 2128,1534 2266,1537 2405,1536 2544,1537 2682,1535 2821,1537 2960,1536 3098,1536 3237,1537 3376,1534"/>
               <TextEquiv>
                  <Unicode>"sie sollen mir nichts anhaben", – und so fühle ich mich denn trotz allem</Unicode>
               </TextEquiv>
            </TextLine>
            <TextLine id="tr_1_tl_9" custom="readingOrder {index:8;}">
               <Coords points="582,1705 1134,1714 1134,1611 582,1602"/>
               <Baseline points="582,1671 609,1673 637,1674 664,1674 692,1674 720,1674 747,1674 775,1674 802,1674 830,1674 858,1674 885,1674 913,1674 940,1674 968,1674 996,1674 1023,1674 1051,1674 1078,1674 1106,1676 1134,1680"/>
               <TextEquiv>
                  <Unicode>ziemlich frei.\:p\</Unicode>
               </TextEquiv>
            </TextLine>
            <TextLine id="tr_1_tl_10" custom="readingOrder {index:9;}">
               <Coords points="579,1849 3367,1867 3367,1764 579,1746"/>
               <Baseline points="579,1815 718,1821 857,1821 997,1821 1136,1821 1276,1824 1415,1821 1554,1821 1694,1821 1833,1821 1973,1824 2112,1824 2251,1824 2391,1825 2530,1825 2670,1825 2809,1825 2948,1824 3088,1824 3227,1827 3367,1833"/>
               <TextEquiv>
                  <Unicode>\p\Nach dieser Einführung ist es wohl deutlich, und ich darf es laut sagen,</Unicode>
               </TextEquiv>
            </TextLine>
            <TextLine id="tr_1_tl_11" custom="readingOrder {index:10;}">
               <Coords points="582,1995 3248,2004 3248,1901 582,1892"/>
               <Baseline points="582,1961 715,1964 848,1967 981,1967 1115,1967 1248,1967 1381,1967 1515,1964 1648,1965 1781,1967 1915,1967 2048,1970 2181,1970 2314,1970 2448,1970 2581,1970 2714,1970 2848,1967 2981,1968 3114,1969 3248,1970"/>
               <TextEquiv>
                  <Unicode>dass ich gerade auf Reisen unsere Abhängigkeit oft grausam empfinde.</Unicode>
               </TextEquiv>
            </TextLine>
            <TextLine id="tr_1_tl_12" custom="readingOrder {index:11;}">
               <Coords points="579,2144 3098,2144 3098,2042 579,2042"/>
               <Baseline points="579,2110 711,2110 844,2110 976,2113 1109,2113 1241,2112 1374,2113 1507,2110 1639,2110 1772,2110 1904,2113 2037,2113 2169,2116 2302,2115 2435,2113 2567,2113 2700,2113 2832,2113 2965,2110 3098,2110"/>
               <TextEquiv>
                  <Unicode>Manchmal sind es glückliche Kombinationen, die unsere Entschlüsse</Unicode>
               </TextEquiv>
            </TextLine>
            <TextLine id="tr_1_tl_13" custom="readingOrder {index:12;}">
               <Coords points="582,2282 3215,2290 3215,2188 582,2180"/>
               <Baseline points="582,2248 713,2254 845,2254 976,2256 1108,2256 1240,2256 1371,2256 1503,2256 1635,2256 1766,2259 1898,2259 2030,2259 2161,2260 2293,2262 2425,2259 2556,2256 2688,2259 2820,2256 2951,2256 3083,2256 3215,2256"/>
               <TextEquiv>
                  <Unicode>bestimmen, und manchmal hing es an einem Haar, und wir haben eine nie</Unicode>
               </TextEquiv>
            </TextLine>
            <TextLine id="tr_1_tl_14" custom="readingOrder {index:13;}">
               <Coords points="582,2428 3292,2446 3292,2343 582,2325"/>
               <Baseline points="582,2394 717,2397 853,2397 988,2400 1124,2400 1259,2400 1395,2403 1530,2400 1666,2400 1801,2403 1937,2403 2072,2403 2208,2406 2343,2404 2479,2406 2614,2404 2750,2406 2885,2406 3021,2406 3156,2407 3292,2412"/>
               <TextEquiv>
                  <Unicode>wiederkehrende Gelegenheit versäumt. An uns dann, und nur an uns, fertig</Unicode>
               </TextEquiv>
            </TextLine>
            <TextLine id="tr_1_tl_15" custom="readingOrder {index:14;}">
               <Coords points="588,2577 3295,2586 3295,2483 588,2474"/>
               <Baseline points="588,2543 723,2546 858,2543 994,2543 1129,2546 1264,2546 1400,2546 1535,2546 1670,2544 1806,2546 1941,2547 2076,2549 2212,2549 2347,2549 2482,2552 2618,2551 2753,2549 2888,2549 3024,2549 3159,2550 3295,2552"/>
               <TextEquiv>
                  <Unicode>zu werden mit der Reue, einem merkwürdigen Gefühl, welches man nie ganz</Unicode>
               </TextEquiv>
            </TextLine>
            <TextLine id="tr_1_tl_16" custom="readingOrder {index:15;}">
               <Coords points="576,2720 3173,2732 3173,2629 576,2617"/>
               <Baseline points="576,2686 705,2692 835,2692 965,2692 1095,2692 1225,2692 1355,2695 1484,2692 1614,2692 1744,2692 1874,2692 2004,2692 2134,2695 2264,2695 2393,2696 2523,2698 2653,2695 2783,2693 2913,2695 3043,2695 3173,2698"/>
               <TextEquiv>
                  <Unicode>überwindet. Man trägt es wie eine Narbe mit sich in alle unbekannte</Unicode>
               </TextEquiv>
            </TextLine>
            <TextLine id="tr_1_tl_17" custom="readingOrder {index:16;}">
               <Coords points="570,2870 910,2876 910,2773 570,2767"/>
               <Baseline points="570,2836 596,2836 622,2836 648,2836 674,2836 700,2836 726,2836 753,2836 779,2838 805,2838 831,2836 857,2837 883,2839 910,2842"/>
               <TextEquiv>
                  <Unicode>Zukunft.\:p\</Unicode>
               </TextEquiv>
            </TextLine>
            <TextLine id="tr_1_tl_18" custom="readingOrder {index:17;}">
               <Coords points="582,3016 3161,3013 3161,2910 582,2913"/>
               <Baseline points="582,2982 717,2979 853,2980 989,2982 1124,2982 1260,2982 1396,2984 1532,2982 1667,2982 1803,2982 1939,2982 2075,2984 2210,2987 2346,2985 2482,2985 2618,2985 2753,2985 2889,2982 3025,2982 3161,2979"/>
               <TextEquiv>
                  <Unicode>\p\So beschäftigt mich, was ich nicht gesehen, nicht getan, nicht ausge¬</Unicode>
               </TextEquiv>
            </TextLine>
            <TextLine id="tr_1_tl_19" custom="readingOrder {index:18;}">
               <Coords points="594,3159 3349,3162 3349,3059 594,3056"/>
               <Baseline points="594,3125 731,3125 869,3125 1007,3128 1145,3126 1282,3126 1420,3125 1558,3125 1696,3125 1833,3127 1971,3128 2109,3128 2247,3128 2384,3131 2522,3131 2660,3131 2798,3128 2935,3131 3073,3131 3211,3131 3349,3128"/>
               <TextEquiv>
                  <Unicode>sprochen habe, meistens mehr und schmerzlicher, als was ich ausführte, um</Unicode>
               </TextEquiv>
            </TextLine>
            <TextLine id="tr_1_tl_20" custom="readingOrder {index:19;}">
               <Coords points="582,3303 2665,3312 2665,3209 582,3200"/>
               <Baseline points="582,3269 686,3272 790,3272 894,3269 998,3269 1102,3272 1206,3272 1311,3273 1415,3273 1519,3272 1623,3275 1727,3275 1831,3272 1935,3275 2040,3278 2144,3275 2248,3278 2352,3277 2456,3278 2560,3278 2665,3278"/>
               <TextEquiv>
                  <Unicode>dann die volle Verantwortung freudig dafür zu tragen.\:p\</Unicode>
               </TextEquiv>
            </TextLine>
            <TextLine id="tr_1_tl_21" custom="readingOrder {index:20;}">
               <Coords points="570,3449 3143,3455 3143,3352 570,3346"/>
               <Baseline points="570,3415 698,3418 827,3418 955,3420 1084,3420 1213,3418 1341,3419 1470,3421 1599,3421 1727,3418 1856,3418 1985,3421 2113,3422 2242,3424 2371,3423 2499,3424 2628,3421 2757,3424 2885,3424 3014,3422 3143,3421"/>
               <TextEquiv>
                  <Unicode>Hätte ich, an einem erst kürzlich vorbeigegangenen Abend, in Madrid</Unicode>
               </TextEquiv>
            </TextLine>
            <TextLine id="tr_1_tl_22" custom="readingOrder {index:21;}">
               <Coords points="585,3592 3257,3601 3257,3498 585,3489"/>
               <Baseline points="585,3558 718,3561 852,3561 985,3564 1119,3564 1253,3561 1386,3564 1520,3561 1653,3564 1787,3564 1921,3564 2054,3564 2188,3564 2321,3567 2455,3566 2589,3564 2722,3567 2856,3567 2989,3566 3123,3564 3257,3567"/>
               <TextEquiv>
                  <Unicode>meinen Zug entschlossen versäumt, ich wäre auch später in das gleiche</Unicode>
               </TextEquiv>
            </TextLine>
            <TextLine id="tr_1_tl_23" custom="readingOrder {index:22;}">
               <Coords points="576,3738 3328,3753 3328,3650 3190,3641 576,3635"/>
               <Baseline points="576,3704 713,3707 851,3707 988,3710 1126,3710 1264,3708 1401,3709 1539,3707 1676,3707 1814,3710 1952,3710 2089,3707 2227,3710 2364,3710 2502,3710 2640,3710 2777,3710 2915,3710 3052,3710 3190,3710 3328,3719"/>
               <TextEquiv>
                  <Unicode>Lissabon gelangt, und selbst wenn ich Lissabon nie wiedergesehen hätte,</Unicode>
               </TextEquiv>
            </TextLine>
            <TextLine id="tr_1_tl_24" custom="readingOrder {index:23;}">
               <Coords points="588,3883 3194,3886 3194,3798 588,3795"/>
               <Baseline points="588,3854 718,3854 848,3852 978,3854 1109,3854 1239,3854 1369,3854 1500,3857 1630,3854 1760,3855 1891,3854 2021,3857 2151,3857 2281,3857 2412,3857 2542,3857 2672,3854 2803,3857 2933,3856 3063,3854 3194,3857"/>
               <TextEquiv>
                  <Unicode>ich hätte doch Zeit gehabt, den Escorial zu sehen. Schon seit vielen</Unicode>
               </TextEquiv>
            </TextLine>
            <TextLine id="tr_1_tl_25" custom="readingOrder {index:24;}">
               <Coords points="585,4002 3080,4005 3080,3917 585,3914"/>
               <Baseline points="585,3973 709,3976 834,3973 959,3976 1084,3973 1208,3976 1333,3976 1458,3976 1583,3976 1707,3976 1832,3976 1957,3975 2082,3976 2206,3977 2331,3976 2456,3979 2581,3978 2705,3979 2830,3979 2955,3976 3080,3976"/>
               <TextEquiv>
                  <Unicode>Jahren, seitdem ich als Kind zum ersten Mal eine Abbildung davon</Unicode>
               </TextEquiv>
            </TextLine>
            <TextEquiv>
               <Unicode/>
            </TextEquiv>
         </TextRegion>
      </Page>
   </PcGts>
   <PcGts xmlns="http://schema.primaresearch.org/PAGE/gts/pagecontent/2013-07-15">
      <Metadata>
         <Creator>prov=READ-COOP:name=PyLaia@TranskribusPlatform:version=2.44.0:model_id=39995:lm=none:date=16_06_2026_17:29</Creator>
         <Created>2026-06-16T17:27:41.010+02:00</Created>
         <LastChange>2026-06-16T18:23:14.437+02:00</LastChange>
         <TranskribusMetadata docId="16901735"
                              pageId="122511016"
                              pageNr="3"
                              userId="194245"
                              imgUrl="https://files.transkribus.eu/Get?fileType=view&amp;id=JBRLJUBYFYUBNXSEMQHJCMLR"
                              imageId="104112903"/>
      </Metadata>
      <Page imageFilename="smallform_0536_003.jpg"
            imageWidth="3575"
            imageHeight="4511">
         <TextRegion orientation="0.0" id="tr_1" custom="readingOrder {index:0;}">
            <Coords points="576,152 576,4321 3388,4321 3388,152"/>
            <TextLine id="tr_1_tl_1" custom="readingOrder {index:0;}">
               <Coords points="1573,254 2504,269 2504,167 2457,160 1573,152"/>
               <Baseline points="1573,220 1619,226 1666,226 1712,223 1759,223 1805,223 1852,223 1898,223 1945,224 1991,226 2038,226 2085,226 2131,226 2178,226 2224,226 2271,226 2317,226 2364,226 2410,226 2457,228 2504,235"/>
               <TextEquiv>
                  <Unicode>–3– (Die versäumte Reise)</Unicode>
               </TextEquiv>
            </TextLine>
            <TextLine id="tr_1_tl_2" custom="readingOrder {index:1;}">
               <Coords points="585,553 3221,547 3221,445 585,451"/>
               <Baseline points="585,519 716,522 848,522 980,522 1112,525 1244,522 1375,520 1507,519 1639,519 1771,519 1903,521 2034,519 2166,519 2298,519 2430,519 2562,516 2693,516 2825,516 2957,516 3089,516 3221,513"/>
               <TextEquiv>
                  <Unicode>sah, habe ich geglaubt,es werde ein grosser Augenblick sein, wenn man</Unicode>
               </TextEquiv>
            </TextLine>
            <TextLine id="tr_1_tl_3" custom="readingOrder {index:2;}">
               <Coords points="579,702 3313,702 3313,600 3176,594 579,600"/>
               <Baseline points="579,668 715,668 852,668 989,665 1125,668 1262,665 1399,665 1535,665 1672,665 1809,665 1946,665 2082,665 2219,665 2356,663 2492,662 2629,662 2766,662 2902,662 3039,662 3176,662 3313,668"/>
               <TextEquiv>
                  <Unicode>aus der Ferne die in Abendschatten und das Grün der Wälder gebetteten,</Unicode>
               </TextEquiv>
            </TextLine>
            <TextLine id="tr_1_tl_4" custom="readingOrder {index:3;}">
               <Coords points="582,849 3215,840 3215,738 582,747"/>
               <Baseline points="582,815 713,815 845,815 976,812 1108,812 1240,812 1371,812 1503,812 1635,812 1766,809 1898,812 2030,812 2161,809 2293,812 2425,812 2556,809 2688,806 2820,806 2951,806 3083,806 3215,806"/>
               <TextEquiv>
                  <Unicode>alles Licht verzehrenden, düsteren Mauern des quadratischen Palastes</Unicode>
               </TextEquiv>
            </TextLine>
            <TextLine id="tr_1_tl_5" custom="readingOrder {index:4;}">
               <Coords points="582,992 3260,992 3260,890 3126,884 582,890"/>
               <Baseline points="582,958 715,958 849,958 983,961 1117,958 1251,958 1385,958 1519,958 1653,958 1787,958 1921,955 2054,958 2188,958 2322,958 2456,958 2590,955 2724,952 2858,954 2992,953 3126,952 3260,958"/>
               <TextEquiv>
                  <Unicode>zum ersten Mal erblicken, und dann über Wiesen, unter einem sicher von</Unicode>
               </TextEquiv>
            </TextLine>
            <TextLine id="tr_1_tl_6" custom="readingOrder {index:5;}">
               <Coords points="585,1129 3361,1129 3361,1027 585,1027"/>
               <Baseline points="585,1095 723,1104 862,1104 1001,1104 1140,1104 1279,1104 1417,1104 1556,1104 1695,1101 1834,1101 1973,1101 2111,1104 2250,1103 2389,1104 2528,1104 2667,1100 2805,1098 2944,1098 3083,1098 3222,1098 3361,1095"/>
               <TextEquiv>
                  <Unicode>schweren Wolken bewegten Himmel darauf zugehen, endlich auf der Schwelle</Unicode>
               </TextEquiv>
            </TextLine>
            <TextLine id="tr_1_tl_7" custom="readingOrder {index:6;}">
               <Coords points="594,1272 3203,1275 3203,1173 594,1170"/>
               <Baseline points="594,1238 724,1247 854,1250 985,1250 1115,1250 1246,1250 1376,1247 1507,1247 1637,1248 1768,1247 1898,1247 2028,1247 2159,1247 2289,1247 2420,1249 2550,1250 2681,1247 2811,1245 2942,1244 3072,1244 3203,1241"/>
               <TextEquiv>
                  <Unicode>selbst stehen, vielleicht sogar die Kapelle Philipps des Zweiten be¬</Unicode>
               </TextEquiv>
            </TextLine>
            <TextLine id="tr_1_tl_8" custom="readingOrder {index:7;}">
               <Coords points="588,1425 1095,1431 1095,1329 588,1323"/>
               <Baseline points="588,1391 613,1393 638,1394 664,1394 689,1394 714,1394 740,1394 765,1394 790,1394 816,1394 841,1394 866,1394 892,1394 917,1394 942,1394 968,1394 993,1394 1018,1394 1044,1395 1069,1396 1095,1397"/>
               <TextEquiv>
                  <Unicode>treten würde.</Unicode>
               </TextEquiv>
            </TextLine>
            <TextLine id="tr_1_tl_9" custom="readingOrder {index:8;}">
               <Coords points="576,1571 3182,1568 3182,1466 576,1469"/>
               <Baseline points="576,1537 706,1537 836,1540 966,1540 1097,1540 1227,1540 1357,1537 1488,1537 1618,1540 1748,1537 1879,1540 2009,1540 2139,1540 2269,1537 2400,1537 2530,1536 2660,1534 2791,1534 2921,1535 3051,1537 3182,1534"/>
               <TextEquiv>
                  <Unicode>\p\Seither war ich öfters in Spanien, aber immer weit vom Escorial, und</Unicode>
               </TextEquiv>
            </TextLine>
            <TextLine id="tr_1_tl_10" custom="readingOrder {index:9;}">
               <Coords points="582,1717 3254,1711 3254,1609 582,1615"/>
               <Baseline points="582,1683 715,1683 849,1686 982,1684 1116,1683 1250,1683 1383,1682 1517,1683 1650,1683 1784,1683 1918,1683 2051,1683 2185,1683 2318,1680 2452,1680 2586,1680 2719,1680 2853,1677 2986,1680 3120,1677 3254,1677"/>
               <TextEquiv>
                  <Unicode>selbst in Madrid wollte ich nur in den Prado zurückkehren, und dachte</Unicode>
               </TextEquiv>
            </TextLine>
            <TextLine id="tr_1_tl_11" custom="readingOrder {index:10;}">
               <Coords points="585,1861 3185,1858 3185,1756 585,1759"/>
               <Baseline points="585,1827 715,1830 845,1830 975,1832 1105,1835 1235,1833 1365,1830 1495,1828 1625,1830 1755,1830 1885,1827 2015,1830 2145,1830 2275,1830 2405,1832 2535,1833 2665,1830 2795,1827 2925,1827 3055,1827 3185,1824"/>
               <TextEquiv>
                  <Unicode>einmal flüchtig, weil es ein schöner Frühlingstag war, an die Gärten</Unicode>
               </TextEquiv>
            </TextLine>
            <TextLine id="tr_1_tl_12" custom="readingOrder {index:11;}">
               <Coords points="588,2013 1143,2013 1143,1911 588,1911"/>
               <Baseline points="588,1979 615,1975 643,1974 671,1976 699,1976 726,1976 754,1978 782,1978 810,1976 837,1978 865,1978 893,1977 921,1976 948,1976 976,1976 1004,1977 1032,1979 1059,1977 1087,1976 1115,1978 1143,1979"/>
               <TextEquiv>
                  <Unicode>von Aranjouez.\:p\</Unicode>
               </TextEquiv>
            </TextLine>
            <TextLine id="tr_1_tl_13" custom="readingOrder {index:12;}">
               <Coords points="579,2156 3191,2153 3191,2051 579,2054"/>
               <Baseline points="579,2122 709,2122 840,2122 970,2122 1101,2122 1232,2122 1362,2122 1493,2122 1623,2119 1754,2122 1885,2122 2015,2122 2146,2122 2276,2122 2407,2121 2538,2122 2668,2119 2799,2119 2929,2119 3060,2119 3191,2119"/>
               <TextEquiv>
                  <Unicode>\p\Aber es war doch, das letzte Mal, einer jener Zufälle, wobei man sich</Unicode>
               </TextEquiv>
            </TextLine>
            <TextLine id="tr_1_tl_14" custom="readingOrder {index:13;}">
               <Coords points="582,2302 3182,2299 3182,2197 582,2200"/>
               <Baseline points="582,2268 712,2268 842,2268 972,2268 1102,2268 1232,2267 1362,2265 1492,2265 1622,2265 1752,2265 1882,2265 2012,2265 2142,2265 2272,2264 2402,2265 2532,2264 2662,2262 2792,2262 2922,2262 3052,2262 3182,2265"/>
               <TextEquiv>
                  <Unicode>fragen kann, durch wessen Willen sie bestimmt sind, – dass ein junger</Unicode>
               </TextEquiv>
            </TextLine>
            <TextLine id="tr_1_tl_15" custom="readingOrder {index:14;}">
               <Coords points="582,2443 3334,2440 3334,2338 582,2341"/>
               <Baseline points="582,2409 719,2411 857,2413 994,2412 1132,2412 1270,2409 1407,2409 1545,2412 1682,2412 1820,2409 1958,2409 2095,2409 2233,2409 2370,2409 2508,2406 2646,2406 2783,2406 2921,2406 3058,2406 3196,2406 3334,2406"/>
               <TextEquiv>
                  <Unicode>Freund, dem ich immer sehr genau zuhören musste, weil er nur italienisch</Unicode>
               </TextEquiv>
            </TextLine>
            <TextLine id="tr_1_tl_16" custom="readingOrder {index:15;}">
               <Coords points="594,2592 3221,2589 3221,2487 3089,2481 594,2490"/>
               <Baseline points="594,2558 725,2558 856,2558 988,2555 1119,2555 1250,2555 1382,2552 1513,2552 1644,2552 1776,2552 1907,2552 2038,2552 2170,2552 2301,2552 2432,2552 2564,2552 2695,2551 2826,2549 2958,2549 3089,2549 3221,2555"/>
               <TextEquiv>
                  <Unicode>sprach, mir sagte: vielleicht fahre er am selben Abend aus der Stadt</Unicode>
               </TextEquiv>
            </TextLine>
            <TextLine id="tr_1_tl_17" custom="readingOrder {index:16;}">
               <Coords points="591,2732 3191,2726 3191,2624 591,2630"/>
               <Baseline points="591,2698 721,2704 851,2702 981,2701 1111,2704 1241,2701 1371,2701 1501,2698 1631,2698 1761,2698 1891,2698 2021,2698 2151,2697 2281,2698 2411,2699 2541,2697 2671,2695 2801,2694 2931,2695 3061,2695 3191,2692"/>
               <TextEquiv>
                  <Unicode>weg, zum Escorial, denn ihn verlange nach einer Frist der Stille, wie</Unicode>
               </TextEquiv>
            </TextLine>
            <TextLine id="tr_1_tl_18" custom="readingOrder {index:17;}">
               <Coords points="588,2879 3307,2876 3307,2774 588,2777"/>
               <Baseline points="588,2845 731,2848 874,2847 1017,2845 1160,2845 1303,2845 1446,2847 1589,2845 1732,2842 1875,2845 2019,2843 2162,2842 2305,2842 2448,2845 2591,2845 2734,2841 2877,2839 3020,2839 3163,2837 3307,2842"/>
               <TextEquiv>
                  <Unicode>nach dem Klosterleben, sei es auch nur für wenige Tage. – Und wie zählen</Unicode>
               </TextEquiv>
            </TextLine>
            <TextLine id="tr_1_tl_19" custom="readingOrder {index:18;}">
               <Coords points="588,3022 3370,3019 3370,2917 588,2920"/>
               <Baseline points="588,2988 727,2991 866,2991 1005,2991 1144,2993 1283,2991 1422,2991 1561,2989 1700,2991 1839,2991 1979,2991 2118,2991 2257,2991 2396,2991 2535,2991 2674,2991 2813,2988 2952,2988 3091,2986 3230,2985 3370,2985"/>
               <TextEquiv>
                  <Unicode>wir unsere Tage! – Er war Pianist, und hatte mir im Zug zwischen Barcelona</Unicode>
               </TextEquiv>
            </TextLine>
            <TextLine id="tr_1_tl_20" custom="readingOrder {index:19;}">
               <Coords points="597,3174 3349,3168 3349,3066 3211,3060 597,3072"/>
               <Baseline points="597,3140 734,3140 872,3137 1009,3134 1147,3137 1285,3137 1422,3137 1560,3134 1697,3134 1835,3134 1973,3134 2110,3134 2248,3134 2385,3134 2523,3134 2661,3134 2798,3131 2936,3131 3073,3128 3211,3128 3349,3134"/>
               <TextEquiv>
                  <Unicode>und Madrid Scarlatti, Mozart und Bach versprochen. Jetzt also konnte ich</Unicode>
               </TextEquiv>
            </TextLine>
            <TextLine id="tr_1_tl_21" custom="readingOrder {index:20;}">
               <Coords points="591,3317 3340,3314 3340,3212 591,3215"/>
               <Baseline points="591,3283 728,3282 865,3283 1003,3283 1140,3280 1278,3283 1415,3283 1553,3280 1690,3280 1828,3280 1965,3280 2102,3281 2240,3280 2377,3283 2515,3280 2652,3280 2790,3280 2927,3280 3065,3278 3202,3278 3340,3280"/>
               <TextEquiv>
                  <Unicode>die Stadt verlassen und alle Pläne aufgeben, und noch am gleichen Abend</Unicode>
               </TextEquiv>
            </TextLine>
            <TextLine id="tr_1_tl_22" custom="readingOrder {index:21;}">
               <Coords points="588,3455 3301,3458 3301,3356 588,3353"/>
               <Baseline points="588,3421 723,3427 859,3427 994,3427 1130,3427 1266,3427 1401,3427 1537,3425 1673,3424 1808,3424 1944,3424 2080,3424 2215,3424 2351,3424 2487,3424 2622,3424 2758,3424 2894,3424 3029,3422 3165,3422 3301,3424"/>
               <TextEquiv>
                  <Unicode>über tauige Wiesen gehen, der Vision des Palastvierecks entgegen, unter</Unicode>
               </TextEquiv>
            </TextLine>
            <TextLine id="tr_1_tl_23" custom="readingOrder {index:22;}">
               <Coords points="591,3598 3313,3604 3313,3502 591,3496"/>
               <Baseline points="591,3564 727,3573 863,3573 999,3573 1135,3573 1271,3572 1407,3573 1543,3572 1679,3570 1815,3571 1952,3572 2088,3570 2224,3570 2360,3570 2496,3570 2632,3570 2768,3570 2904,3570 3040,3567 3176,3567 3313,3570"/>
               <TextEquiv>
                  <Unicode>dem von Wolken gewaltig bewegten spanischen Himmel, – ich brauchte mich</Unicode>
               </TextEquiv>
            </TextLine>
            <TextLine id="tr_1_tl_24" custom="readingOrder {index:23;}">
               <Coords points="591,3747 3119,3744 3119,3642 591,3645"/>
               <Baseline points="591,3713 717,3716 843,3716 970,3716 1096,3716 1223,3713 1349,3714 1475,3713 1602,3713 1728,3713 1855,3713 1981,3713 2107,3713 2234,3713 2360,3713 2487,3713 2613,3713 2739,3713 2866,3710 2992,3710 3119,3710"/>
               <TextEquiv>
                  <Unicode>nur zu entschliessen, und war schon beinahe so weit, nur von einem</Unicode>
               </TextEquiv>
            </TextLine>
            <TextLine id="tr_1_tl_25" custom="readingOrder {index:24;}">
               <Coords points="582,3893 1501,3899 1501,3799 582,3793"/>
               <Baseline points="582,3860 630,3863 678,3863 727,3864 775,3866 823,3866 872,3866 920,3866 968,3866 1017,3866 1065,3866 1114,3863 1162,3866 1210,3863 1259,3863 1307,3864 1355,3865 1404,3864 1452,3866 1501,3866"/>
               <TextEquiv>
                  <Unicode>Zufall hing es noch ab.\:p\</Unicode>
               </TextEquiv>
            </TextLine>
            <TextLine id="tr_1_tl_26" custom="readingOrder {index:25;}">
               <Coords points="612,4033 3388,4033 3388,3934 612,3934"/>
               <Baseline points="612,4000 750,4003 889,4003 1028,4003 1167,4003 1306,4002 1444,4000 1583,4000 1722,4000 1861,4003 2000,4000 2138,4000 2277,4001 2416,4000 2555,4000 2694,4000 2832,4000 2971,4001 3110,3997 3249,3997 3388,4000"/>
               <TextEquiv>
                  <Unicode>– Wir haben uns dann in der Stadt, um sechs Uhr, verfehlt, der junge Freund</Unicode>
               </TextEquiv>
            </TextLine>
            <TextLine id="tr_1_tl_27" custom="readingOrder {index:26;}">
               <Coords points="600,4162 3164,4162 3164,4096 600,4096"/>
               <Baseline points="600,4140 728,4146 856,4146 984,4146 1112,4143 1241,4142 1369,4140 1497,4140 1625,4143 1753,4141 1882,4140 2010,4140 2138,4140 2266,4141 2394,4140 2522,4137 2651,4139 2779,4140 2907,4140 3035,4137 3164,4140"/>
               <TextEquiv>
                  <Unicode>und ich. Als ich den Zug nach Lissabon nahm, hoffte ich, er sei doch</Unicode>
               </TextEquiv>
            </TextLine>
            <TextLine id="tr_1_tl_28"
                      custom="readingOrder {index:27;} textStyle {offset:0;length:14;strikethrough:true;}">
               <Coords points="597,4252 3307,4321 3307,4255 597,4186"/>
               <Baseline points="597,4230 732,4236 868,4239 1003,4236 1139,4239 1274,4242 1410,4242 1545,4246 1681,4249 1816,4251 1952,4254 2087,4258 2223,4263 2358,4266 2494,4269 2629,4273 2765,4279 2900,4284 3036,4290 3171,4294 3307,4299"/>
               <TextEquiv>
                  <Unicode>hinausgefahren zum Escorial [add inline: hinausgefahren], obwohl es schon spät in der Nacht war ...</Unicode>
               </TextEquiv>
            </TextLine>
            <TextEquiv>
               <Unicode/>
            </TextEquiv>
         </TextRegion>
      </Page>
   </PcGts>
</validation-wrapper>
