3825 5669
241 3762 669 3823 Baltisches Tagebuch.
437 3829 481 3861 II.
179 3844 727 3914 Ländliches und Städtisches aus Estland.
107 3895 852 3944 \p\Der Fremde, der in einem schmucken, weißen Ostsee-
78 3927 853 3977 Feriendampfer der baltischen Küste entlang fährt und an
78 3966 853 4008 einem hellen Sommerabend die Silhouette der Barock¬
78 3996 853 4034 kirchen und mittelalterlichen Türme von Tallinn auf¬
78 4028 853 4067 tauchen sieht, mag zunächst fast enttäuscht sein über soviel
78 4057 853 4092 vertraute Atmosphäre und bekannte Schönheiten: dieser
78 4088 853 4125 Hafen, wo die schweren Segel altmodischer Fischerboote
78 4118 853 4149 neben hochragenden modernen Kranen liegen, wo Holz,
78 4148 853 4191 und immer wieder Holz aus den unerschöpflichen Wäldern
77 4179 853 4211 Estlands in Waggons und auf Bauernkarren herbei¬
80 4207 852 4250 geschafft und in die gierig geöffneten Schiffsbäuche
79 4245 851 4279 verfrachtet wird, wo Seeleute mit dunkelbraunen, ge¬
78 4271 853 4308 furchten Gesichtern und flachsblondem Haar ihre Pfeifen
78 4302 853 4347 rauchen und den Tabaksaft ins Wasser spucken [Holz- und Warenverladung am Hafen von Talinn, siehe A-5-16/041 –	A-5-16/060], — dieser
80 4335 826 4367 Hafen gleicht dem von Riga und von Danzig, und die
80 4364 852 4406 Türme erinnern an Lübeck, die Kirchen an Stockholm oder
80 4398 820 4430 Kopenhagen. Und erst die Stadt mit dem so fremdart
78 4423 853 4468 klingenden Namen Tallinn, die „Dänenburg“, — das ist
80 4454 835 4497 nichts anderes als eine unverfälschte, alte Hansestadt, da¬
78 4489 853 4532 deutsche Reval, Schwester und Konkurrentin von Danzig
77 4522 841 4561 und Bremen und Hamburg und Wisby, mit den Traulich¬
80 4551 852 4584 keiten enger Gassen, schmalbrüstiger Bürgerhäuser, ver¬
78 4584 853 4616 steckter Kirchen und Tore, mit Marktplätzen und einem
83 4614 853 4651 hohen Rathaus mit schlankem Glockenturm. Die Sprüche
78 4645 853 4679 im Rathaus, die Grabinschriften im grauen Dom sind
78 4677 853 4707 deutsch, und die Wandgemälde in den dunklen Rats- und
78 4704 853 4750 Trinkstuben sind von Künstlern aus dem Rheinland, von
78 4736 808 4772 einem Hans von Aachen und seinen Gesellen gemalt.\:p\
116 4768 852 4804 \p\Sind wir überhaupt in der Fremde, im Hohen Norden,
78 4801 853 4839 in einem Land, das an die große Sowjetunion grenzt mit
78 4833 853 4862 einsamen Wäldern und der von keinem Schiff befahrenen
89 4859 852 4894 Fläche des Peipus=Sees? Mußten wir eine so weite
77 4892 853 4942 Reise tun, nur um im Gasthaus „Kuld Löwi“ zu wohnen,
883 3747 1643 3796 einem sehr angenehmen und modernen Hotel übrigens,
849 3782 1644 3831 das aber doch zweifellos noch vor wenigen Jahren „Zum
856 3811 1197 3850 Goldenen Löwen“ hieß?\:p\
883 3822 1643 3883 \p\Die Esten, so tapfer und entschlossen sie vor nun zwanzig
853 3874 1643 3915 Jahren ihre Freiheit gegen Zarenreich und Bolschewisten,
849 3905 1644 3936 gegen russische Abenteurer und deutsche Besatzungs¬
849 3935 1626 3968 armeen erkämpft haben, so echt ihr nationaler Anspruch
849 3965 1644 4000 und so wohlbegründet ihr Stolz auf ihr junges, in schwerer
849 3995 1644 4031 Zeit gefestigtes Staatswesen sein mag, sind doch keines¬
849 4030 1644 4073 wegs aggressive Nationalisten, Fremdenhasser und über¬
849 4056 1644 4105 hebliche Patrioten geworden, — und darin unterscheiden
849 4090 1644 4126 sie sich angenehm von ihren lettischen Nachbarn, bei denen
849 4120 1644 4162 der begreifliche Haß noch nicht abgekühlt, noch nicht dem
849 4152 1644 4192 gleichen, freien und großzügigen Selbstbewußtsein ge¬
849 4182 1644 4222 wichen ist, der das estnische Volk auszeichnet. Daher konnte
849 4215 1632 4251 das alte Reval neben dem neuen Tallinn bestehen bleiben;
849 4244 1624 4276 man ehrt und schont die Vergangenheit, auch wenn man
849 4276 1644 4306 weiß, daß sie endgültig überwunden sein muß. Denn das
849 4304 1644 4341 Neue ist mächtig am Werk, und wird auch in Tallinn
862 4335 1643 4381 schon sichtbar in neuen Gebäuden, weiten Plätzen, Schulen
849 4368 1644 4402 und Sportanlagen, es hat seinen eigenen Stil gefunden,
865 4398 1643 4439 eine moderne Architektur, die der des Nachbarstaates
849 4431 1185 4475 Finnland verwandt ist.\:p\
892 4454 1643 4496 \p\Altmodischer ist \g\Tartu\:g\ geblieben, die alte Universitäts¬
849 4489 1644 4523 stadt Dorpat im Innern des Landes. Dort stehen un¬
849 4523 1644 4550 verändert die klassizistischen, weißen Gebäude der alten
849 4549 1644 4586 „Akademie“, die als Nachfolgerin der von Gustav Adolf
849 4583 1644 4613 gegründeten im Anfang des 19. Jahrhunderts errichtet
849 4615 1644 4644 wurde, — und in den holprig gepflasterten Gassen wehen
849 4641 1644 4680 von schönen, alten Häusern die Fahnen der studentischen
849 4677 1644 4709 Korporationen. Aber hinter den grünbewachsenen Mauern,
849 4707 1644 4739 in den schlichten Hörsälen und gemütlichen Studenten¬
862 4736 1643 4771 buden spielt sich nicht mehr die alte Burschenherrlichkeit
849 4761 1644 4804 der baltischen Adels- und russischen Beamtensöhne ab,
849 4798 1644 4839 wenn auch die Formen die gleichen blieben. Denn immer
849 4830 1644 4857 noch ist neben dem Fachstudium der Begriff des „studen¬
849 4861 1644 4900 tischen Lebens“ wichtig, immer noch gibt es Füchse und
849 4892 1644 4939 Philister, immer noch wird gefochten, gesungen und
1640 3746 2430 3790 getrunken, — aber früher war es den wenigen estnischen
1640 3778 2430 3813 Studenten verboten, eigene Korporationen zu haben,
1647 3805 2430 3849 und die estnische Sprache war verpönt, — heute hingegen
1640 3840 2430 3874 sammelt sich in Tartu, der Landesuniversität, die Jugend
1640 3871 2430 3908 Estlands, die „erste Generation“ der neuen Nation!
1640 3901 2430 3941 Die heute hier lernen, und ein beneidenswertes, an heiteren
1665 3933 2430 3966 und freundschaftlichen Gepflogenheiten reiches Leben
1640 3951 2430 4005 führen, sind die zukünftigen Aerzte und Lehrer, Offiziere
1640 4002 2431 4038 und Oekonomen, die das Land dringend braucht. Die
1640 4025 2430 4062 meisten von ihnen sind Bauernsöhne, — viele von ihnen
1640 4055 2430 4091 bilden sich zu Landwirten oder Förstern aus, neben ihnen,
1640 4086 2430 4121 gleichberechtigt und in eigenen Korporationen organisiert,
1640 4117 2430 4155 studieren die Mädchen, und leben bei aller neuzeitlichen
1640 4149 2430 4184 Tüchtigkeit und Selbständigkeit nach fast spießig-bürgerlichen
1639 4179 2317 4221 Sitten, die bis zum völligen Rauchverbot gehen!\:p\
1671 4211 2431 4245 \p\Man hat Tartu oft das „Baltische Heidelberg“ genannt:
1640 4232 2430 4273 aber nur wenige Stunden von dieser traulichen Kleinstadt
1640 4271 2430 4308 sind wir weit und gründlich getrennt von allen bekannten
1640 4303 2430 4346 und heimischen Atmosphären und spüren auf einmal die
1640 4333 2430 4373 Nähe Rußlands. Was sich in den Städten sammelt, ist
1640 4361 2430 4412 ja stets schon verwandelt, abgeschliffen durch mancherlei
1640 4402 2413 4434 Kontakt mit der Umwelt und weltläufigen Gewohnheiten
1647 4428 2430 4459 Draußen aber, in den Dörfern, die eingestreut zwischen
1640 4452 2430 4490 den großen Waldbezirken oder auf einsamen Ebenen
1640 4488 2430 4526 liegen, da ist Estland eine äußerste Region Europas, ein
1640 4518 2430 4552 nördliches Land, ein Grenzfall geblieben und hat sich in
1640 4552 2430 4591 den wechselnden Jahrhunderten dänischer und deutscher,
1640 4580 2430 4624 schwedischer und russischer Herrschaft kaum verändert.
1640 4611 2430 4656 Da haben die Bauern die energisch-reizvollen Gesichtszüge
1640 4643 2430 4681 der finnisch-ugrischen Rasse mit schmalen, blitzblauen
1640 4672 2430 4713 Augen, hervorstehenden Backenknochen und brünettem
1640 4703 2430 4737 Teint beibehalten, da gehen die Frauen barfuß, die
1640 4731 2430 4774 Männer in hohen, russischen Stiefeln, da sind die Wege
1640 4769 2431 4803 noch nicht für Automobile gebaut, und die Kartoffelkarren
1640 4795 2430 4833 und Leiterwagen wiegen sich bedächtig durch tiefe Lehm¬
1640 4820 2430 4866 betten, da sind die Winter lang und die Sommer heiß,
1640 4858 2430 4906 und der erstickende Wind scheint den Staub sibirischer
1640 4890 2430 4925 Steppen mit sich zu führen. Mitten durch ungelichtete
2427 3744 3209 3785 Wälder rollen langsam die Züge, deren Geleise das alte,
2427 3777 3203 3817 breite Ausmaß der russischen Bahnen haben. Die Loko¬
2427 3806 3209 3845 motiven werden mit Oelschiefer [zum Oelschiefer vgl. auch smallform_? und A-5-16/118] geheizt, einem weißlichen
2427 3837 3203 3879 Stein, den man unten in den Bergwerken von Kohtla
2427 3866 3203 3907 in der Nähe der Festung Narwa gewinnt. Und für eine
2427 3898 3209 3934 Strecke von achtzig Kilometer braucht man leicht drei
2427 3931 3209 3965 Stunden oder mehr. Früher konnte man vom Städtchen
2427 3964 3209 3999 Valk über Petschur nach Pskow gelangen und dort Anschluß
2427 3991 3207 4030 nach Moskau finden. Heute ist die russische Grenze ein
2427 4022 3209 4059 schweigender und leerer Bezirk, den starke Garnisonen
2427 4054 3203 4093 bewachen, den seit den Revolutionsjahren kein Mensch
2427 4084 3212 4124 mehr überschreitet. Die Züge machen halt in Petschur,
2427 4114 3207 4150 das heute \g\Petsori\:g\ heißt: Ein einsames, großes Dorf, um
2427 4147 3203 4178 ein Kloster und eine Festung entstanden und jahrhunderte¬
2429 4179 3201 4216 lang von russischen Großfürsten und deutschen Ordens¬
2427 4207 3209 4249 rittern hart umkämpft. Eine russische Enklave in Estland;
2427 4238 3209 4275 und die zwölf Glocken des orthodoxen Klosters schwingen
2427 4268 3198 4312 im barbarisch-bunten Glockenstuhl, und düstere Mönche
2427 4295 3212 4344 mit ungeschorenem Bart und Haupthaar wandeln über
2427 4329 3212 4369 die Brücken stiller Weiher, — nur einige fünfzig Kilometer
2427 4362 3202 4395 von den sowjetrussischen Kolchosen und Dörfern entfernt.\:p\
2462 4395 3204 4436 \p\Aber außer den Wald- und Grenzregionen gibt es auch
2427 4424 3209 4460 schönes und fruchtbares Bauernland, das einst den deutschen
2427 4455 3203 4499 Baronen und Gutsherren gehörte, — man findet noch ihre
2427 4485 3212 4531 Höfe und herrschaftlichen Schlösser, die heute als Museen,
2427 4517 3209 4554 Schulen, Mustergüter und Versuchsanstalten dienen. Nur
2427 4548 3207 4583 wenige der früheren Besitzer sind zurückgekommen, als
2427 4579 3207 4619 man ihnen, im Jahre 1926, einen Teil ihres Bodens
2427 4609 3209 4643 zurückgab und für den Rest Entschädigungen zahlte.
2427 4641 3203 4679 Ihre Landarbeiter und Pächter aber bilden heute den
2427 4672 3209 4711 freien Bauernstand Estlands, und sie bewirtschaften ihre
2427 4699 3209 4737 kleinen Güter so gut, daß die Produktionszahlen der
2427 4729 3209 4770 Landwirtschaft beständig steigen, der Viehbestand sich
2427 4764 3209 4799 mehrt, die Kulturen ergiebiger geworden sind. Die Dörfer
2427 4794 3209 4832 sehen immer noch „russisch“ aus, — mag es an den niedrigen
2427 4828 3212 4867 Holzhäusern, den breiten ungepflasterten Straßen liegen,
2427 4859 3207 4896 oder am Charakter der weiten, von einem weißen Himmel
2427 4888 3209 4921 überwölbten Landschaft. Oder verbinden wir den „russi¬\fml\\:p\
550 4214 1314 4264 \p\\fml\schen“ Begriff ohne Unterscheidung mit jenem fremden
538 4253 1313 4292 und melancholischen Reiz, mit den großen Winden über
538 4280 1313 4320 traurigen, von keinen Städten belebten, von keinen
544 4315 1313 4354 Bergen unterbrochenen Landstrecken, die sich schon dem
544 4345 1313 4378 monotonen und gefährlichen Zauber der asiatischen
547 4375 786 4414 Steppen nähern?\:p\
580 4393 1314 4438 \p\Aber in Estland, in den Dörfern und auf den Bauern¬
547 4437 1313 4470 höfen, in den Städten und Häfen, ist ein junges und tat¬
547 4464 1313 4500 kräftiges Volk am Werk, das Land immer besser und
547 4491 1313 4530 intensiver zu erschließen und zu bebauen, und die Zukunft
547 4529 1313 4567 der langen Dämmerung nationaler Unterdrückung zu
541 4559 678 4605 entreißen.\:p\
938 4578 1269 4624 \g\Dr. Annemarie Clark\:g\.
