3949 5669
1657 1682 3469 1870 Die Mythen und der Flecken Schwyz
1650 1847 3575 2006 \p\Schwyz wird von Fremden nicht sehr besucht, es
1574 1968 3582 2087 würde doch mehr Aufmerksamkeit verdienen. Es
1566 2080 3580 2206 gab der alten Eidgenossenschaft seinen Namen und
1566 2188 3575 2333 einen großen Teil seines Ruhms, noch heute trägt
1561 2302 3562 2457 es das Kreuz der Reichsfreiheit in seinem Kantons¬
1576 2398 3580 2563 wappen. Weltabgelegen ist es durchaus nicht, die
1579 2517 3582 2656 Bahnstation \g\Seewen\:g\ liegt an der Gotthardlinie,
1561 2629 3570 2743 Autostraßen sind vorhanden, die eine über Arth—
1574 2735 3575 2861 Goldau, die andere, kleinere, landschaftlich sehr
1561 2856 2381 2980 reizvolle über Sattel.\:p\
1657 2958 3484 3107 \p\Die Gasthöfe — davon besonders das Rößli –
1561 3079 3598 3228 sind von guter alter Art, preiswert, behaglich und
1574 3180 3585 3335 solid geführt. Die Konditorei Haug, der Post schräg
1566 3297 3600 3441 gegenüber, sei besonders empfohlen, man trinkt dort
1574 3410 2624 3542 ausgezeichnete Schokolade.\:p\
1657 3512 3585 3651 \p\In Schwyz ist besonders für den Geschichtsfreudi¬
1579 3625 3593 3752 gen viel Bedeutsames zu sehen. Das Rathaus wurde
1574 3739 3595 3856 in den neunziger Jahren außen sehr bunt bemalt,
1579 3835 3600 3962 das soll niemanden abhalten hineinzugehen und die
1586 3962 3595 4071 Bildnisse der Schwyzer Landammänner im großen
1586 4066 3582 4197 Saal zu bewundern. Es sind verehrungswürdige Män¬
1579 4172 3593 4321 ner, Tüchtigkeit und Beständigkeit spricht aus ihren
1579 4291 3593 4415 Zügen. Der Name der Familie von Reding kehrt
1586 4397 3598 4514 so häufig wieder, daß man in der alten schweize¬
1574 4516 3603 4665 rischen Demokratie einen aristokratischen Einschlag\:p\\fml\
379 766 2347 900 \p\\fml\vermuten kann: sie trug tatsächlich nicht wenig von
367 880 2350 977 aristokratischem Wesen in sich, schon bei ihrer
367 979 2345 1120 Entstehung haben die Urner Freiherren von Atting¬
367 1083 2350 1210 husen eine beträchtliche Rolle gespielt, das ist durch
379 1205 2335 1356 ernste Forschung erwiesen. Ja, diese Bundesgrün¬
367 1311 2340 1448 dung des Jahres 1291! Mit ihr beginnt die Schwei¬
367 1408 2360 1532 zerische Geschichte, ihr gilt das Nationalfest, an
374 1519 2350 1668 den Jahrestag der Befreiung vom habsburgischen
367 1633 2360 1760 Joch gemahnen die nächtlichen Höhenfeuer vom
379 1738 2350 1884 1. August. Und, was hier das Wichtigste ist, der
392 1844 2323 1961 Bundesbrief der Männer von Uri, Schwyz und Unter¬
379 1951 2350 2067 walden, dieses ehrwürdige Dokument, in lateinischer
384 2057 2345 2174 Sprache abgefaßt, befindet sich im Archiv des
374 2176 2357 2295 Schwyzer Rathauses. Das ist keine bedeutungslose
379 2278 2335 2414 Urkunde, kein einfaches Stück Pergament — sol¬
367 2387 2347 2504 chen Gegenständen haftet mehr als Erinnerung an,
379 2494 2360 2650 sie sind Zeugnisse höherer Art, sie haben beinahe
384 2630 1187 2746 Symbolkraft erlangt.\:p\
468 2707 2352 2860 \p\Aber es sind nicht alle Leute Historiker, und für
367 2836 2360 2967 andere sei gleich etwas über die lohnende Umgebung
379 2942 1289 3071 von Schwyz ausgesagt.\:p\
464 3039 2362 3195 \p\Die \g\Mythen\:g\ drängen sich zuvorderst auf. Es
379 3143 2360 3287 geht die Sage, daß Riesen sie einst mit gewaltiger
379 3252 2362 3406 Faust ins Land geschleudert hätten, da liegen sie
384 3359 2365 3512 nun, einsam und merkwürdig wie erratische Blöcke
379 3478 1909 3607 und sind das Wahrzeichen der Gegend.\:p\
481 3577 2362 3728 \p\Der Kleine Mythen ist zweihöckrig wie ein Kamel
379 3691 2360 3837 und recht gefährlich, dafür ladet der Große Mythen
379 3797 2362 3924 zu friedfertiger Besteigung ein. Man braucht dazu\:p\\fml\
1512 1593 3474 1773 \p\\fml\gute vier Stunden, doch achte man auf den Spruch:
1966 1728 2971 1858 Hat der Mythen einen Hut [Verszeile]
1962 1849 2971 1954 dann wird das Wetter gut –[Verszeile]
1520 1944 3457 2089 und auf eine Schweizerfahne, die bei günstigen
1502 2070 3466 2180 Konditionen auf dem Gipfel weht. Die Besteigung
1502 2153 3471 2271 ist nicht zu mühsam, auf der Holzegg kann man
1520 2259 3481 2411 sich dazwischen erquicken. Die Endung Egg ist in
1520 2379 3481 2497 der Gegend häufig, es gibt eine Mostelegg und eine
1512 2480 3474 2605 Haggenegg, die wiederum wichtig ist. In einer win¬
1512 2592 3479 2742 zigen Kapelle stand nämlich seit langer Zeit eine
1520 2696 3471 2816 schwarze Holzmadonna, von der Eingeweihte und
1532 2809 3471 2939 Ortsansässige behaupten, daß sie die schwarze Mutter
1525 2917 3479 3052 Gottes von Einsiedeln sei, in Kriegsnot habe man sie
1532 3012 3462 3155 vor den Franzosen da hinauf geflüchtet. Die Ein¬
1525 3125 3479 3233 siedler glauben ohne Zweifel, die ihre wieder zu
1512 3231 3474 3373 haben. Andere aber meinen, daß vielmehr diejenige
1512 3339 3474 3486 auf dem Haggen die wahre und berühmte Mutter
1512 3459 3486 3570 Gottes sein müsse. Sei dem wie es wolle, sie ist
1512 3562 3474 3700 sicher wundertätig, unzählige Votivtäfelchen be¬
1532 3665 3469 3776 weisen es, und vor wenigen Jahren wurde ihr des¬
1525 3768 3479 3908 halb ein neues stattliches Kirchlein erstellt. Das
1544 3876 3481 4014 Wirtshaus Haggenegg ist besonders den Skifahrern
1512 3984 3479 4107 angenehm, im Winter herrscht Sonntags auf dem
1525 4083 3486 4203 nahen Hochstuckli chronische Übervölkerung, an
1537 4196 3491 4333 Werktagen kann es aber seine Vorzüge als Skigebiet
1537 4304 3486 4451 zeigen. Die Schwyzerberge sind natürlich besonders
1537 4409 3474 4554 von Weekendausflüglern Sommers und Winters be¬
1537 4520 3486 4652 vorzugt: Ober-Iberg am Roggenstock, das Skihaus
1537 4635 3479 4792 Ibergegg am Südhang des Bummelistocks, 1425\:p\\fml\
333 662 2284 793 \p\\fml\Meter hoch, der Gottschalkenberg, von der Bahn¬
333 766 2279 885 station Biberbrücke aus erreichbar, Hoch-Etzel und
350 871 2272 1007 Schönboden (von Einsiedeln und Schindellegi aus),
333 985 2272 1119 alle etwas über 1100 Meter hoch und vorzügliche Ski¬
350 1090 2270 1211 gelände. Aber am berühmtesten, und das zu Recht,
345 1194 2279 1321 bleibt doch das Hochstuckli. Auch im Sommer wird
338 1299 2284 1401 es viel bestiegen, sei es von Sattel oder von Schwyz
338 1408 2282 1545 aus. Bis Haggenegg gibt es eine ordentliche Straße,
338 1508 2270 1657 für Automobile möglich, wenn auch nicht zu an¬
338 1632 669 1754 genehm.\:p\
