3885 5669
2380 1124 2642 1264 Genf
1576 1304 3484 1434 \p\Genf: Seitdem es Sitz des Völkerbundes wurde,
1482 1429 3492 1548 die internationalste der Schweizer Städte, ungeheuer
1477 1545 3484 1677 offiziell, gastlich, unprivat, ungemein vielseitig,
1490 1647 3492 1771 „broad-minded“, geschäftig und festlich. Und da¬
1477 1764 3497 1906 neben, unbekannt und zurückhaltend, das alte Genf:
1477 1865 3497 2027 Hochburg des Calvinismus, großartig und nüchtern,
1477 1987 3497 2099 Stadtstaat bis zurück zur römischen Civitas, Sitz
1487 2099 3497 2236 eines vornehmen Bürgertums von äußerster geistiger
1490 2197 3504 2340 Begabtheit, Boden, wo die strenge und fanatische
1477 2307 3504 2456 Zucht Calvins gedieh — und wo, gleichzeitig, die
1490 2416 3403 2563 Ideen des Naturrechts — von Italien gebracht –
1479 2530 3484 2667 Eingang fanden, bis Rousseau daraus die Kon¬
1477 2644 3479 2781 sequenzen zog, den Begriff der Erbsünde aufhob
1477 2756 3484 2905 und an seiner Stelle den der „Humanität“ ver¬
1477 2867 3492 2979 kündete. Und diese beiden Städte, altes und neues
1477 2966 3492 3096 Genf, stehen, so scheint es zuerst, wie feindliche
1474 3081 3497 3228 Geschwister nebeneinander: unvereinbare Gegensätze,
1477 3200 3497 3317 die zu denken geben. Dabei gibt es eine verbindende
1477 3299 3484 3446 Eigenschaft, für Genfs Geschichte wichtig und bis
1482 3405 3484 3555 heute äußerst deutlich vorhanden: das ist die Welt¬
1482 3525 3497 3644 läufigkeit dieser Stadt, die an der Straße zu den
1490 3644 3494 3781 großen Märkten von Lyon lag, eine Grenzstadt zu¬\:p\\fml\
402 606 2423 736 \p\\fml\dem, immer isoliert und hart bedrängt von Sa¬
410 715 2433 870 voyen. Woraus dann eine starke, selbständige und
397 837 2423 982 ihrem Wesen nach strenge, kampfbereite, verschlos¬
410 952 2433 1099 sene Bürgerschaft erwuchs. Der Calvinismus war
410 1059 2418 1209 eine Weltbewegung, die Genf plötzlich in den Mittel¬
428 1168 2430 1316 punkt des Protestantismus stellte. Nur ganz wenigen
415 1285 2441 1433 Städten hat die Geschichte ähnlich bedeutungsvolle
407 1390 2430 1540 Rollen zugewiesen: Wien — Madrid — Konstan¬
410 1499 2443 1652 tinopel. John Knox wurde als Prediger der eng¬
402 1614 2430 1759 lischen Kolonie nach Genf berufen — die Huge¬
402 1718 2436 1843 notten aus Frankreich fanden hier ein Asyl, die
402 1840 2451 1980 Protestanten aus dem katholischen Flandern, die
420 1942 2446 2072 Italiener. In der städtischen Aristokratie fand die
415 2059 2436 2217 besondere Art der „Internationalität“ ihre Voll¬
415 2166 2443 2324 endung. Die meisten der großen Familien von
412 2270 2448 2428 Genf stammen aus dem Ausland: die Turrettini und
415 2390 2451 2522 Micheli (in Venedig kennt man den kleinen Palazzo
415 2502 2441 2624 Micheli) — die Van Berchem, Flüchtlinge aus Flan¬
420 2614 2453 2764 dern. In anderen Städten bildet sich das Patriziat
415 2728 2448 2868 Seite an Seite mit den mittleren und unteren Stän¬
433 2827 2458 2988 den — Landadel, aus der Umgebung in die Stadt
433 2939 2466 3097 gezogen, oder städtische Familien, durch Intelligenz
433 3064 2326 3202 und Tüchtigkeit emporgekommen. In Neuenburg –
433 3179 2461 3314 der Stadt mit der glücklichen Geschichte — ist diese
428 3278 2461 3420 friedliche Entwicklung offensichtlich. Aber Genf
433 3400 2464 3543 hat kein eingesessenes Patriziat: Fremde nehmen
428 3497 2469 3644 bald den ersten Rang ein, die alte Bevölkerung liebte
425 3619 2461 3744 sie nicht. Daher die strenge Trennung der Klassen,
433 3728 2466 3866 die Abgeschlossenheit der vornehmen Bürgerschicht.\:p\\fml\
1462 527 3473 685 \p\\fml\Und die Fremden brachten wiederum den Geist
1459 632 2284 792 der „Weltläufigkeit“.\:p\
1530 755 3438 885 \p\Allerdings war das eine Weltläufigkeit mit pri¬
1457 858 3443 1011 vaten, sagen wir individuellen Voraussetzungen: eine
1454 975 3445 1091 Angelegenheit der Bildung, des Geschmacks, der
1442 1083 3448 1214 Aufnahmefähigkeit. Ihr Resultat (noch einmal) das
1454 1194 3443 1319 Genf des achtzehnten Jahrhunderts. Und es tritt
1439 1294 3445 1437 heute immer mehr zurück, verdrängt von der neuen
1454 1404 3438 1550 „Öffentlichkeit“ der Völkerbundstadt. Sie ist inter¬
1434 1525 3428 1655 national, verblüffend großstädtisch, aufstrebend,
1439 1635 1785 1753 lebendig.\:p\
1537 1733 3430 1866 \p\Wer mit dem Auto reist, fährt auf enorm brei¬
1427 1848 3445 1963 ten Zufahrtstraßen lautlos ein. Das B.I.T. (Bureau
1442 1951 3438 2096 International du Travail) ist das erste der zahlreichen
1429 2064 3433 2212 öffentlichen Gebäude, denen man begegnet: groß¬
1424 2179 3430 2327 zügig und nüchtern, hervorragend sachlich, steht
1437 2284 3425 2430 es mitten in den Parkanlagen. Dann kommt der
1449 2397 3420 2543 Quai: Hotels dominieren, Front an Front, bis zur
1429 2497 3425 2648 Place des Bergues. Der Kursaal dazwischen, ein
1434 2630 3413 2758 paar teuer aussehende Geschäfte, ein Restaurant,
1419 2716 3413 2856 das einem Pariser Café ganz ähnlich ist: La Ré¬
1417 2833 3418 2976 gence. Sehr zahlreiche und auffallend elegante Wa¬
1442 2936 3420 3067 gen im Schatten der Bäume, breite Quaipromenade
1419 3034 3413 3187 mit Kinderfrauen und Eisverkäufern: alles bewegt,
1429 3154 3415 3280 vielsprachig, zugleich festlich und bedeutungsvoll,
1419 3295 3413 3405 von großen Anlässen getragen. Die Legitimation
1422 3380 3415 3531 dafür bietet der \g\Völkerbund\:g\. Genf sonnt sich
1407 3478 3408 3621 in seinem Ansehen. Immerhin: man lebt davon.
1417 3593 3413 3751 Und flüsternd teilt der Hoteldirektor mit, welche\:p\\fml\
637 3072 838 3102 \f\Zeichnung einer Strassenszene in Genf von Hans Tomamichl (ohne Bildunterschrift)\:f\
374 3290 2345 3440 \p\\fml\bedeutenden Vertreter der Nationen bei ihm abge¬
359 3405 2365 3538 stiegen sind, wie bedauerlich es ist, daß die Ab¬
371 3523 2242 3651 rüstungskonferenz nicht noch länger dauerte –
361 3621 2377 3776 allerdings, Gott sei Dank, sie wurde ergebnislos\:p\\fml\
1486 522 3506 696 \p\\fml\abgebrochen, es besteht die Hoffnung, daß man
1488 648 3501 790 nächstes Jahr wieder zusammenkommt, und, wer
1488 752 3496 911 weiß, vielleicht wird eine dauernde Einrichtung
1486 868 3489 1029 daraus. Es wird ungeheuer viel organisiert, der
1481 964 3473 1128 provisorische Völkerbundspalast mit seinem gläser¬
1481 1077 3473 1239 nen Anbau ist ein ausgezeichnetes Beispiel ameri¬
1481 1193 3486 1350 kanischer Nüchternheit und praktischer Phantasie.
1476 1304 3481 1461 Alles scheint genau ausgedacht: die Klingelzeichen
1476 1413 3468 1564 und farbigen Lichtsignale, die Pläne für die Ver¬
1483 1529 3471 1670 teilung der Presseplätze, der Pressesaal selbst
1483 1632 3476 1791 und die hübschen Stundenpläne für die ver¬
1468 1746 3479 1889 schiedenen Sitzungszimmer. Im Vorraum erblickt
1455 1854 3473 1995 man, in Glaskästen aufbewahrt, ein sonderbares
1468 1965 3463 2124 Zeitdokument: da stapeln sich Stöße von Papieren,
1455 2068 3473 2220 mit farbigen Bändchen zusammengebunden, ent¬
1455 2200 3476 2346 haltend die peinlich gezählten Frauenunterschriften
1448 2285 3458 2459 aus allen Ländern der Welt zur Forderung der Ab¬
1450 2406 1783 2545 rüstung.\:p\
1556 2528 3456 2666 \p\Überall das gleiche auffallende Mißverhältnis
1445 2616 3458 2767 zwischen Aufwand und Leistung. Und wenn schon
1448 2739 3456 2901 der ganze umständliche und gewaltige Apparat einen
1453 2843 3456 2979 gewissen Nimbus hervorbringt, und wenn man auch
1435 2977 3461 3088 bereit ist, an den guten Willen all dieser Versuche
1445 3070 3443 3219 zu glauben — schließlich scheint doch die „Organi¬
1435 3173 3176 3332 sation“ hier beinahe Selbstzweck geworden.\:p\
2171 3414 2723 3456 *** [vertical space]
1531 3499 3461 3645 \p\Das andere internationale Genf ist das des
1423 3612 1801 3756 \g\Sports\:g\.\:p\
424 570 2320 719 \p\Der „Salon international de l’Automobile“ fin¬
345 694 2315 825 det gewöhnlich im März statt, das internationale
345 798 2308 912 Reitturnier im November. Es gibt zahlreiche Segel¬
345 902 2328 1044 regatten während des ganzen Sommers, Tennis im
350 1014 2318 1135 Parc des Eaux-Vives und im Stade de Servette, Golf
350 1123 2305 1269 in Onex, dazu die populäreren Vergnügungen, Box¬
354 1227 2323 1343 kämpfe und Radrennen. In Champel und im Stade
350 1331 2320 1475 des Charmilles gibt es gedeckte Tennisplätze, auf
350 1450 2320 1589 dem Golfplatz in Onex (18 holes) steht das hübsche
350 1557 2330 1661 Klubhaus des Golfklubs — die Société Nautique hat
340 1663 2320 1772 ihren Sitz am Port Noir (route de Thonon), ganz
345 1777 2315 1914 nahe von Genève-Plage. Man fährt dort hinüber
345 1891 2288 1988 mit den kleinen Booten, die „Mouettes genevoises"
350 1998 2320 2107 genannt werden. Nichts wurde versäumt, um den
345 2090 2320 2211 Fremden zu unterhalten: Und die Illusion des großen
354 2211 2315 2340 mondänen Vergnügungsplatzes ist in einem der ver¬
354 2305 2315 2447 schiedenen Aspekte Genfs vollständig erreicht: die
362 2414 2308 2558 unbelastende Atmosphäre, das Milieu ohne Verpflich¬
345 2518 2313 2672 tung, der angenehm zerstreuende, unpersönliche und
350 2630 2330 2786 charakterlose Aufenthalt, der in der ganzen Welt
350 2754 823 2880 derselbe ist.\:p\
446 2858 2315 2992 \p\Ein dritter Aspekt: Genf als Stadt der \g\Schu-
362 2950 2333 3103 len\:g\. Calvin hat diesen Ruf begründet. 1559 ließ
350 3071 2328 3210 er das Collège de St. Antoine bauen — es lohnt
359 3175 2330 3292 sich, den hübschen Hof zu besuchen — aus seiner
354 3292 2330 3433 „Académie" ist später die Universität hervorgegan¬
362 3391 2333 3535 gen. Im achtzehnten Jahrhundert ging man nach
362 3505 2318 3639 Genf, um dort die Naturwissenschaften zu stu¬
354 3616 2347 3775 dieren. Vor zwanzig Jahren hat man in der Geburts¬\:p\\fml\
1513 553 3543 712 \p\\fml\stadt des großen pädagogischen Lehrers der Fran¬
1508 686 3553 829 zösischen Revolution ein Institut Jean-Jacques Rous¬
1518 788 3564 940 seau gegründet, wo die Kunst der Erziehung gelehrt
1531 904 3553 1057 wird. Jetzt hat der Völkerbund Anlaß zur Gründung
1498 1006 3558 1160 zahlreicher Institute gegeben — am berühmtesten
1513 1129 3546 1260 ist das Institut für höhere internationale Studien,
1516 1247 3551 1382 welches sich etwa mit der „Ecole des hautes sciences
1518 1352 3000 1495 politiques“ in Paris vergleichen läßt.\:p\
1597 1454 3553 1608 \p\Im übrigen gibt es sicher in keiner Stadt der
1513 1574 3533 1718 Welt so viele Institute, Studienanstalten, Sommer¬
1498 1679 3525 1830 kurse und einführende Vorträge wie in der Völker¬
1495 1792 3543 1948 bundsstadt. Die Fülle ist beängstigend: wohin soll
1490 1907 3538 2058 soviel Gelehrsamkeit führen? Die Studenten sind
1490 2020 3535 2176 zum großen Teil Amerikaner beiderlei Geschlechts,
1490 2132 3538 2281 die einen angenehmen und „bildenden“ Europa-Auf¬
1490 2237 3538 2376 enthalt wünschen. Sie versichern alle, daß Genf
1492 2363 3533 2501 eine wundervolle und angenehme Stadt sei. Es ist
1500 2452 3520 2624 „so viel los“, Ernstes und Vergnügliches, man wird
1495 2575 3528 2734 immer in Anspruch genommen, getragen von den
1487 2701 3533 2829 allgemeinen Unternehmungen. Aber eben deshalb
1475 2811 3525 2949 ist man in Genf auch auf besondere Weise ermüdet:
1490 2916 3525 3062 man hat soviel Mühe, sich zurückzuziehen, sein
1495 3028 3523 3154 Privatleben zu wahren und seinen harmlosen Wün¬
1482 3131 3525 3295 schen und Beschäftigungen nachzugehen. Gleich
1477 3256 3525 3405 wird man auf Comités aufmerksam gemacht, von
1482 3372 3515 3487 irgendwelchen älteren Amerikanerinnen zu irgend¬
1490 3492 3510 3625 welchen wohltätigen Zwecken gegründet — beson¬
1477 3597 3515 3727 ders die Frauen entfalten eine unheimliche Aktivität,
1475 3692 3525 3863 Indierinnen eilen zu wer weiß welchem Kongreß, in\:p\\fml\
367 564 2362 706 \p\\fml\ihren schönen Gewändern zierlich anzusehen. Bald
379 688 2362 833 glaubt man sich auch verpflichtet, sich für ein
384 798 2357 935 soziales Ziel einzusetzen, politisch zu debattieren,
367 918 2359 1060 rührig teilzunehmen und sich organisieren zu lassen.
379 1030 2362 1152 ... Als es soweit mit mir gekommen war, floh ich
364 1132 995 1259 in die Altstadt.\:p\
476 1234 2357 1347 \p\\g\Vieux-Genève\:g\, wo die steilen Gassen zur ehr¬
379 1354 2362 1464 würdigen Kathedrale von St-Pierre hinaufführen.
374 1461 2362 1569 Die Sträßchen haben die erquicklichsten Namen:
379 1561 2362 1683 „Chemin du cheval blanc" heißt eine von ihnen,
387 1683 2357 1803 und eine Stiege nennt sich „Passage des degrés des
379 1783 2352 1905 poules“. In der „Grand’ Rue" gibt es kleine Knei¬
392 1893 2362 2022 pen, „Cabaret du Plat d’Argent“ und „Cabaret des
374 2007 2369 2122 Artisans" neben zahlreichen Antiquitätengeschäften
379 2107 2362 2247 mit überfüllten Schaufenstern. Dort findet man
374 2207 2369 2359 alte Stiche von Rousseau mit der hübschen Inschrift
374 2332 2357 2441 „Vitam impondere vero“, von Henri IV. und Cal¬
392 2434 2357 2569 vin. Unten in der Grand’ Rue, am Hause Nr. 20,
379 2536 2362 2666 lesen wir, daß A. E. M. Grétry hier gewohnt hat.\:p\
451 2653 2362 2786 \p\Das Hôtel de Ville hat italienische Züge. Man
374 2753 2369 2873 findet in Genf noch mehr Gebäude mit diesem
367 2880 2362 3020 Charakter einer nüchternen, sozusagen „protestan-
374 2973 1199 3107 tischen" Renaissance.\:p\
464 3082 2357 3217 \p\Die vornehmste Straße des alten Genf ist die
362 3199 2362 3312 Rue des Granges, und sie sieht genau aus wie die
362 3307 2354 3449 Straßen hinter dem Boulevard St. Germain: Rue
367 3414 2352 3549 St-Dominique, Rue Las Cases, wo die vornehmen
387 3521 2369 3676 protestantischen Familien von Paris wohnen. Der
367 3636 2359 3790 Anblick ist ziemlich eintönig: Graue Häuser mit\:p\\fml\
1442 539 3466 663 \p\\fml\schmucklosen Fassaden, hohe, verschlossene Tore,
1442 648 3466 794 kahle Fenster. Was hinter diesen Toren liegt, be¬
1442 764 3471 908 kommt der Uneingeweihte nicht zu sehen: kleine
1442 875 3471 1020 Höfe in angenehmen Proportionen, begrenzt von
1442 982 3471 1111 sehr herrschaftlich gebauten Häusern mit zwei Sei¬
1442 1093 3471 1237 tenflügeln und hohen schmalen Fenstern. „Die
1447 1209 3461 1354 Fenster dieser Häuser sehen nach innen", steht
1447 1313 3461 1457 irgendwo zu lesen. Wir haben die tieferen Ur¬
1447 1432 3456 1556 sachen dieser strengen Verschlossenheit schon an¬
1447 1543 3469 1685 gedeutet. Die Genfer befanden sich in einem Zu¬
1440 1644 3471 1794 stand dauernder Energiespannung und Wachsamkeit
1447 1766 3469 1882 gegen außen: was eine große gesellschaftliche Reg¬
1435 1870 3459 2006 samkeit innerhalb der vornehmen Familien nicht
1445 1991 1854 2102 ausschloß.\:p\
1543 2087 3464 2211 \p\Erst draußen auf den Landsitzen vermutet man,
1442 2204 3464 2315 daß diese Familien selbst unter der unerbittlichen
1429 2312 3461 2436 Zucht Calvins ein Körnchen Weltfreude und weiser
1429 2540 3466 2687 dann später in so ungemein angenehmer Weise
1442 2434 3464 2576 Kenntnis des Lebensgenusses bewahrten — um sie
1442 2649 2242 2778 wieder zu entfalten.\:p\
1538 2748 3453 2877 \p\Das \g\geistige\:g\ Genf — es darf nicht übersehen
1452 2897 3443 3023 werden — gehört zu einem guten Teil der europa¬
1447 2980 3461 3107 gültigen Schweiz an. Robert de \g\Traz\:g\, Jean Martin
1445 3082 3456 3236 und William \g\Martin\:g\ sind aus dem Journalismus
1447 3211 3456 3342 hervorgegangen, wie auch Léon \g\Savary\:g\. Unter der
1437 3317 3453 3441 älteren Generation hat Genf im Amiel-Herausgeber
1437 3423 3461 3542 Bernard \g\Bouvier\:g\ eine ebenso liebenswürdige als
1437 3529 3446 3658 markante Gelehrtengestalt, neben ihm ein Übersetzer
1437 3648 3469 3803 wie Henri de Ziégler, ein eleganter Schriftsteller und\:p\\fml\
409 561 2375 708 \p\\fml\Sportsmann wie Jacques Chenevière. Und die Ma¬
404 675 2373 798 ler: Die künstlerische Tradition der Völkerbunds¬
404 788 2375 922 stadt ist evident, hat doch Genf den Pastell¬
391 892 2385 1032 maler Liotard, Wolfgang Adam Toepffer und seinen
401 999 2383 1122 berühmteren Sohn Rodolphe, Alexandre Calame und
409 1117 2388 1221 Barthélemy Menn (der Lehrer Hodlers) in seinen
401 1226 2363 1343 Museumssälen. Unter den Heutigen sind etwa be¬
391 1329 2373 1463 merkenswert: Maurice \g\Barraud\:g\, Alexandre \g\Cin-
414 1461 2385 1550 gria\:g\ (er ist Maler und Schriftsteller zugleich), René
404 1550 2373 1667 \g\Guinand\:g\, Eugène \g\Martin\:g\, Alexandre \g\Planchet\:g\,
409 1655 2393 1800 und der Solothurner Hans \g\Berger\:g\. Als Musiker und
404 1775 2370 1909 Dirigent in hohem Ansehen steht Ernest \g\Ansermet\:g\.\:p\
1078 1992 1665 2034 *** [vertical space]
1034 2069 1730 2228 Genf-Umgebung
494 2218 2393 2348 \p\Genf ist ringsum von Grenzen eingeengt. Es hat
404 2330 2385 2450 eine ausschließlich städtische Geschichte. Isoliert
404 2445 2385 2577 stand es zwischen großen feindlichen Gebieten, ganz
404 2550 2395 2652 auf sich angewiesen, ohne breitere Basis. Daher
396 2640 2375 2767 sein beinahe klassisch städtischer Stil: Die Häuser
391 2774 2383 2896 sind reine Stadthäuser, sie lehnen sich niemals an
409 2869 2256 3013 eine regionale, vom Land bezogene Bauart an
396 2979 2380 3108 wie das in Bern oder auch in Zürich der Fall ist
416 3093 2385 3205 (Zunfthäuser mit Fachwerk und Bauerngiebel am
396 3200 2388 3300 Limmatquai in Zürich). Man kann daher in Genf
391 3303 2395 3430 leben, ohne das Bedürfnis zu haben, die Umgebung
391 3420 1019 3519 kennenzulernen.\:p\
494 3512 2393 3664 \p\Wer Lust hat, mit der neuen Salève-Bahn den
386 3624 2380 3794 \g\Mont Salève\:g\ zu besuchen, soll sich durch die\:p\\fml\
1429 534 3438 676 \p\\fml\fragwürdigen Betrachtungen in der Art der voran¬
1437 650 3436 762 gegangenen nicht abschrecken lassen. Denn Genf
1435 759 3436 893 ist trotz allem ein vorzügliches Ausflugszentrum.
1427 855 3350 1007 Der Kalksteinberg — eben jener genannte Salève –
1429 977 3431 1113 ist der traditionelle Sonntagsausflug der Genfer.
1437 1083 3446 1202 Zwischen Grand und Petit Salève kann man in dem
1437 1199 3421 1331 hübschen Dorf \g\Monnetier\:g\ ein angenehmes Week¬
1437 1311 3433 1435 end verbringen. Auf der anderen Seite von Genf
1419 1404 3428 1538 neigt sich der Jura zu Ende. Vom \g\Col de la Fau¬
1429 1523 3438 1644 cille\:g\ hat man die schönste Aussicht in das wellige
1429 1639 3443 1781 Hügelland. Um dorthin zu gelangen, fährt man mit
1419 1753 3426 1852 der Straßenbahn nach Gex. Eine Straßenbahn, die
1419 1857 3431 1966 ab Ferney mit Dampf betrieben wird: Auf Schwei¬
1417 1976 3436 2102 zer Seite rollt sie leicht dahin, aber jenseits der
1424 2082 3433 2199 Grenze an einer tückischen Steigung bleibt sie nicht
1419 2183 3443 2328 selten stecken. Die Reisenden steigen aus, das
1419 2300 3438 2441 Bähnchen fährt rückwärts und nimmt dann mit
1427 2406 3438 2525 Anlauf das Hindernis. Bei der Talfahrt hingegen
1422 2520 3433 2656 soll es etwa vorkommen, daß einer der Wagen aus
1424 2634 3408 2775 den Geleisen springt. Aber auch diese kleine Stö¬
1424 2737 3433 2856 rung verläuft ungefährlich. Wer sie vermeiden will,
1419 2849 3428 2970 kann immerhin von Genf aus ein Postauto benützen,
1424 2960 3433 3092 das auf anderer Route über Divonne hinauffährt.
1419 3079 3431 3211 \g\Divonne-Les-Bains\:g\ liegt ebenfalls schon auf
1412 3185 3446 3289 französischem Boden. Es besitzt ein großes Hotel
1417 3284 3436 3428 und einen Golfplatz mit 18 Holes, der allerdings
1412 3403 3433 3542 nur 470 Meter hoch liegt, im Unterschied zu dem
1407 3512 3436 3636 auf 1000 Meter Höhe gelegenen von \g\Caux\:g\ bei
1404 3615 1827 3755 Montreux.\:p\
