3833 5669
1108 1146 1520 1226 Aequator
183 1250 934 1321 \p\Seit drei Tagen und Nächten bewegt sich das
156 1301 911 1347 Schiff nicht mehr vorwärts. Wir fuhren bisher von
153 1340 934 1402 Norden nach Süden, von Lissabon abwärts, fast
150 1379 934 1438 vierzehn Tage lang, dem Kap der Guten Hoffnung
150 1421 934 1465 entgegen. Ohne auch nur seine Küste zu sehen,
150 1458 934 1506 lernten wir Afrika kennen, und es erwies sich als
153 1495 934 1543 ein gewaltiger Kontinent. Es waren wohl nur die
150 1530 934 1575 Namen von Ländern, die im Osten, zu unserer
155 1572 935 1620 Linken, vorüberglitten: Rio de Oro, Senegal, Gui¬
150 1610 934 1655 nea, Liberia, Elfenbein- und Goldküste, — Nigeria
156 1647 935 1703 und Camerun, — in der Nähe von Freetown war
158 1690 630 1734 die Nacht bedrückender als ge¬
156 1725 641 1777 wöhnlich, so als erreichten uns
149 1760 629 1802 die von seinen Sümpfen auf¬
153 1798 639 1840 steigenden Schwaden von Ver¬
150 1831 635 1888 wesung und Fieber. Vor Dak¬
150 1870 639 1924 kar zog ein Convoy grauer
153 1913 627 1956 Kriegsschiffe an uns vorbei
153 1948 630 1994 und ein französisches Flugzeug
153 1984 639 2033 umkreiste uns zweimal. Eine
156 2024 640 2065 Seetaube verirrte sich auf unser
149 2064 636 2110 hell erleuchtetes Deck, man
156 2097 637 2145 fragte sich, wie in den grossen
156 2133 636 2175 Winden und Wolkenbetten über
153 2171 637 2214 dem dunklen, ewig bewegten
150 2207 639 2257 Meer ein so winziges Geschöpf
159 2245 636 2292 mit zerzausten Flügelfedern
153 2282 627 2330 und schwach schlagendem Her¬
150 2320 657 2366 zen widerstehen könne. Dann
156 2353 633 2402 gab es nur noch fliegende Fi¬
149 2387 636 2437 sche und lautlos den Horizont
150 2432 639 2465 spiegelnde Feuer, sogenanntes
159 2465 639 2510 Wetterleuchten. Aber wir fuh¬
153 2504 639 2548 ren doch, wurden vorwärts ge¬
150 2543 636 2583 trieben, das Wasser teilte sich
156 2580 640 2624 leise schäumend vor dem Bug
156 2612 645 2653 unseres Schiffes. Bald würden
162 2652 636 2689 wir den Aequator durchschnei¬
153 2685 637 2742 den, und das leuchtende Kreuz
156 2733 934 2773 des Südens sehen, bald noch schwerer mit Hitze
153 2766 934 2808 und Nässe beladene Luft atmen, immer neue
162 2797 934 2843 Ueberraschungen erleben, andere, noch unbe¬
150 2837 935 2894 kannte Anstrengungen ertragen: beinahe gern
150 2868 935 2918 ertrug man es. Das Schiff umschliesst unsere
153 2923 934 2960 Existenz und setzt unseren Lebensäusserungen die
153 2952 934 3000 Grenze, so wie immer unseren Freiheiten durch
150 2999 935 3032 ein streng gefügtes und in eine Bahn und Rich¬
156 3027 936 3074 tung gewiesenes Schicksal ihre Grenze gesetzt ist.\:p\
179 3061 934 3110 \p\Ich habe an Bord Passagiere gesehen, die sich
153 3106 934 3148 zu wehren versuchten. Sie verhielten sich wie die
150 3139 934 3193 Patienten eines Irrenhauses, die nach Hilfe und
153 3175 914 3227 Befreiung schreien, obwohl sie wohl wissen, dass
150 3215 935 3255 niemand sie anhört. Jemand wollte, als in Lissabon
153 3255 934 3302 die Landungsbrücke zurückgezogen wurde, sich
156 3306 934 3343 nicht von einer Geliebten trennen, drohte, ins
156 3329 935 3383 Wasser zu springen, und krümmte sich vor
155 3368 935 3417 Schmerz am Boden. Ein anderer wollte kürzlich
156 3423 936 3454 die laue Hitze nicht mehr ertragen und schrie, er
156 3444 935 3505 ersticke, man solle das Boot anhalten, einen fri¬
159 3486 889 3537 schen Bergwind herbeirufen, ihn sterben lassen.\:p\
186 3521 935 3563 \p\Aber so stirbt man nicht. Sich die Freiheit so
156 3564 935 3600 zu erkaufen, indem man dem Leben widerstrebt,
159 3606 934 3658 ist nur die Sache der Selbstmörder. Unser Gesetz
931 1261 1723 1316 ist es, dem Tod Tag für Tag neu entgegenzuleben [hier weitere Gedanken der existenzialistischen Philosophie, der sich Schwarzenbach auch im Austausch mit Ella Maillart annähert und die in ihren letzten größeren Werken, die sie in Afrika schreiben wird – Das Wunder des Baums und Marc –, gipfelt ].\:p\
968 1307 1723 1349 \p\Dieses Gesetz vollzieht sich in vielerlei Formen
931 1343 1723 1399 und Vorgängen, und wir vermögen mehr zu er¬
931 1379 1723 1415 füllen und zu ertragen, als wir es in unserer
931 1414 1723 1463 Aengstlichkeit glauben möchten. Der jähe Wech¬
931 1461 1723 1507 sel vom sanften Klima Europas zum afrikanischen
931 1492 1723 1549 zum Beispiel trat ohne äusserlich sichtbaren Grund
931 1532 1723 1587 ein, da wir immer etwa fünfzig Meilen von der
931 1561 1723 1618 Küste entfernt sind, und immer auf dem gleichen
931 1609 1723 1655 Schiff, das noch vor kurzem in der Tejomündung
931 1645 1723 1694 vor Lissabon lag, — immer vom gleichen Meer
931 2692 1723 2757 umgeben. Noch auf Madeira war die Luft zwar
931 2753 1723 2801 ermattend, aber man gab sich ihrer Weiche, der
931 2784 1723 2828 Verführung ihrer Blütenfülle und ihrer Winde hin
931 2828 1723 2877 wie in der Heimat [vgl. "Funchal", smallform_0515]. Man lebte im Schoss von Tag
931 2866 1723 2904 und Nacht und neigte sich der Natur zärtlich ent¬
931 2902 1723 2949 gegen. Man erwachte mit der Morgenfrische,
931 2942 1723 2995 atmete Meersalz, nährte sich von Weinen und
931 2984 1688 3029 überreifen Früchten, liess sich von der Sonne er¬
930 3021 1693 3067 müden, vom Abendwind und den Glocken alter
931 3051 1723 3102 Klostertürme glücklich erheitern, und sank in der
931 3096 1724 3155 sternbesäten Dunkelheit in Schlaf wie in einer
931 3134 1162 3182 Umarmung.\:p\
980 3167 1724 3216 \p\Wenig Zeit später, ich wüsste nicht an welchem
931 3190 1723 3250 Tag, befanden wir uns plötzlich im Bereich Afri¬
931 3253 1723 3294 kas. Die Sonne schien nicht einmal häufig, mei¬
931 3283 1705 3336 stens war der Himmel bleigrau, das Licht dennoch
931 3320 1723 3378 blendend, das Meer manchmal farblos, manchmal
931 3366 1723 3419 stählern, wie vor einem Gewitter, oder braun wie
931 3401 1723 3444 von aufgewühlten Ackerschollen. Am frühen
931 3436 1723 3486 Morgen wurde es hell und zart, ein Spiegel des
947 3479 1723 3533 sanft und weiss darüber ausgebreiteten Himmels,
931 3517 1723 3557 der sich erst am Nachmittag wieder mit Wolken
931 3554 1723 3596 angefüllt drohend hinabsenkte, dann regnete es.
931 3595 1720 3645 Aber weder Regen und Wolkenschatten, noch die
1720 1248 2482 1313 Dunkelheit brachten jetzt Erfrischung, die Luft
1720 1301 2497 1344 war eine schwer zu atmende Substanz aus Wärme
1720 1339 2497 1384 und Feuchtigkeit, die sich auf die Haut, auf Augen
1720 1382 2497 1422 und Lippen und Lungen erstickend ausbreitete.
1720 1415 2479 1461 Man glaubte, sich strecken, den Kopf emporheben
1719 1455 2481 1504 zu müssen, als ertrinke man sonst in einem Bett
1720 1492 2472 1540 tief unter der Erdoberfläche. Viele Speisen wurden
1720 1530 2494 1577 ekelhaft, man musste sich leicht erhalten, damit
1720 1569 2484 1613 der Körper immer gespannt, zum Sprung, einer
1720 1613 2484 1654 rettenden Geste des Widerstandes bereit sei, und
1720 1649 2484 1705 die Nüchternheit, die man zum Atmen und
2010 1684 2481 1726 Schauen brauchte, durfte man
2003 1720 2478 1775 durch keinen Schluck Alkohol
2004 1761 2481 1809 mehr beeinträchtigen. Man
2010 1799 2490 1852 kämpfte mit einem Wort, um
2007 1838 2357 1891 jeden Atemzug Leben.\:p\
2035 1873 2496 1927 \p\Mir schien das durchaus
2001 1912 2478 1958 nicht so schlimm, denn wie er¬
2001 1958 2491 1998 höhte sich jetzt das Bewusstsein
2010 1988 2490 2036 der Freude, wie sandte man den
2007 2029 2484 2083 Blick aus nach Sternen, Kü¬
2004 2063 2490 2117 stenfeuern, erkannte die leisen
2010 2102 2484 2151 Wolkenschleier in der Nacht,
2010 2144 2476 2188 wie schärfte man das Gehör
2010 2177 2484 2226 um das Rauschen des Kielwas¬
2013 2222 2484 2268 sers zu vernehmen, und begriff,
2013 2260 2482 2309 trotz aller Ermattung, dass die¬
2000 2295 2481 2350 ses Schiff blendend erleuchtet
2007 2335 2491 2383 noch immer und stetig sich
2010 2380 2484 2422 seine Bahn pflüge durch schwer
2007 2417 2452 2460 widerstrebende Meerschollen!\:p\
2036 2448 2485 2498 \p\Erst seitdem wir den Aequa¬
2013 2488 2487 2539 tor erreicht haben, kündigen
2001 2526 2481 2569 sich neue Schwierigkeiten an
2010 2561 2490 2611 und mir ist manchmal, als wolle
2013 2607 2487 2643 mein Herz stehen bleiben, in
2007 2636 2491 2696 einem Augenblick des Beden¬
2007 2678 2487 2720 kens. Ja, es konnte so ein¬
1720 2712 2487 2761 fach nicht weitergehen, der Weg wird sich
1720 2757 2490 2797 nicht immer unter unseren Schiffsplanken, die uns
1720 2788 2481 2835 tragen, abrollen, — wir werden vielleicht bald je¬
1720 2829 2487 2868 den Schritt erkämpfen müssen, wie jetzt nur den
1720 2861 2496 2915 tiefen Atemzug. Auf der Aequatorhöhe, gegenüber
1720 2909 2496 2952 der Küste von Nigeria, hat unser Schiff den Kurs
1720 2944 2496 2984 nach Osten in die grosse, westafrikanische Bucht
1726 2979 2487 3024 eingeschlagen. Da legt sich der Meerwind, keine
1732 3022 2487 3062 Taube könnte sich in dieser Bleischwere halten,
1720 3056 2487 3094 kein Fischersegel sich entfalten, — die Reise
1720 3092 2487 3132 fernen Küsten entlang in glücklichen, weit geöff¬
1732 3131 2496 3177 neten Bahnen ist zu Ende, und unsere langsame
1720 3156 2496 3220 Fahrt seit drei Tagen bereitet den Weg ins Innere
1720 3204 2497 3264 vor. Es ist, als ballten sich die Wolken zusammen,
1720 3249 2490 3300 um dicht zu werden wie die Hügel des Ufers, das
1741 3288 2487 3336 wir bald erreichen. Als werde die Meermasse zäh
1720 3306 2496 3363 um schliesslich Sand und Lehm zu werden, die
1720 3359 2487 3415 Erde des Festlands. Und nach der Freiheit der
1720 3398 2487 3438 Meere schmeckt die Nähe versengter, windstiller
1720 3436 2496 3491 Küsten ein wenig wie der Tod: da muss sich das
1720 3472 2496 3516 Herz sammeln und aufraffen zu langsamen Puls¬
1720 3515 2317 3560 schlägen, das Wesen sich straffen. —\:p\
1720 3543 2342 3599 (29. Mai 1941, an Bord des «Colonial»)
1959 3588 2493 3638 Annemarie Clarac-Schwarzenbach.
2006 2283 2011 2333 \f\Tintenskizze einer Person, die auf von der Reling auf das Meer blickt [von Eugen Früh]\:f\
