<?xml version="1.0" encoding="UTF-8"?>
<validation-wrapper>
   <PcGts xmlns="http://schema.primaresearch.org/PAGE/gts/pagecontent/2013-07-15"
          xmlns:xsi="http://www.w3.org/2001/XMLSchema-instance"
          xsi:schemaLocation="http://schema.primaresearch.org/PAGE/gts/pagecontent/2013-07-15 http://schema.primaresearch.org/PAGE/gts/pagecontent/2013-07-15/pagecontent.xsd">
      <Metadata>
         <Creator>prov=READ-COOP:name=PyLaia@TranskribusPlatform:version=2.25.0:model_id=39995:lm=none:date=03_04_2025_09:01</Creator>
         <Created>2025-04-02T22:57:49.556+02:00</Created>
         <LastChange>2025-04-03T18:00:11.529+02:00</LastChange>
         <TranskribusMetadata docId="7755819"
                              pageId="94482133"
                              pageNr="1"
                              tsid="239007429"
                              status="IN_PROGRESS"
                              userId="194245"
                              imgUrl="https://files.transkribus.eu/Get?id=OTSWXMGQCKIUUOXZIOKCMIXH&amp;fileType=view"
                              xmlUrl="https://files.transkribus.eu/Get?id=PJIFTICRUPRBZDWTURZJWFMH"
                              imageId="79017996"/>
      </Metadata>
      <Page imageFilename="smallform_0516_001.jpg"
            imageWidth="4288"
            imageHeight="7165">
         <ReadingOrder>
            <OrderedGroup id="ro_1743696011529" caption="Regions reading order">
               <RegionRefIndexed index="0" regionRef="r_2"/>
               <RegionRefIndexed index="1" regionRef="r_3"/>
               <RegionRefIndexed index="2" regionRef="r"/>
            </OrderedGroup>
         </ReadingOrder>
         <TextRegion id="r_2" custom="readingOrder {index:0;}">
            <Coords points="1181,6182 251,6182 251,4451 1181,4451"/>
            <TextLine id="r_2_tl_1" custom="readingOrder {index:0;}">
               <Coords points="614,4549 639,4554 653,4544 663,4550 707,4538 721,4547 759,4543 782,4556 803,4553 805,4491 762,4498 743,4483 723,4498 660,4492 652,4485 615,4493"/>
               <Baseline points="620,4537 626,4537 671,4528 716,4528 761,4528 806,4531"/>
               <TextEquiv>
                  <Unicode>Funchal</Unicode>
               </TextEquiv>
            </TextLine>
            <TextLine id="r_2_tl_2" custom="readingOrder {index:1;}">
               <Coords points="286,4599 1143,4596 1133,4550 285,4536"/>
               <Baseline points="292,4573 337,4570 382,4570 426,4570 471,4570 516,4573 561,4573 606,4573 650,4576 695,4576 740,4576 785,4576 829,4576 874,4576 919,4576 964,4579 1009,4579 1053,4576 1098,4579 1143,4585 1146,4585"/>
               <TextEquiv>
                  <Unicode>Von \g\Annemarie Clarac-Schwarzenbach\:g\</Unicode>
               </TextEquiv>
            </TextLine>
            <TextLine id="r_2_tl_3" custom="readingOrder {index:2;}">
               <Coords points="303,4616 1179,4626 1141,4591 303,4579"/>
               <Baseline points="310,4615 355,4612 400,4612 444,4615 489,4615 534,4615 579,4615 623,4615 668,4618 713,4615 758,4615 803,4618 847,4618 892,4618 937,4618 982,4618 1026,4621 1071,4618 1116,4621 1155,4621 1181,4607"/>
               <TextEquiv>
                  <Unicode>\p\Auf der Fahrt von Lissabon nach Afrika legen die</Unicode>
               </TextEquiv>
            </TextLine>
            <TextLine id="r_2_tl_4" custom="readingOrder {index:3;}">
               <Coords points="249,4653 1152,4669 1152,4627 249,4605"/>
               <Baseline points="256,4648 301,4648 346,4648 391,4648 435,4648 480,4651 525,4651 570,4651 614,4651 659,4651 704,4651 749,4651 794,4651 838,4651 883,4651 928,4654 973,4654 1018,4654 1062,4654 1107,4654 1152,4657 1155,4657"/>
               <TextEquiv>
                  <Unicode>portugiesischen Dampfer in \g\Funchal\:g\ auf der Insel</Unicode>
               </TextEquiv>
            </TextLine>
            <TextLine id="r_2_tl_5" custom="readingOrder {index:4;}">
               <Coords points="261,4689 1179,4699 1177,4664 260,4658"/>
               <Baseline points="268,4687 313,4684 358,4684 403,4684 447,4684 492,4684 537,4684 582,4684 626,4684 671,4687 716,4684 761,4687 806,4687 850,4687 895,4687 940,4687 985,4690 1029,4687 1074,4687 1119,4690 1155,4693 1181,4704"/>
               <TextEquiv>
                  <Unicode>\g\Madeira\:g\ an, lange genug, damit die Reisenden</Unicode>
               </TextEquiv>
            </TextLine>
            <TextLine id="r_2_tl_6" custom="readingOrder {index:5;}">
               <Coords points="249,4730 1179,4732 1160,4696 249,4692"/>
               <Baseline points="256,4716 301,4716 346,4716 391,4716 435,4716 480,4716 525,4719 570,4716 614,4719 659,4719 704,4719 749,4719 794,4719 838,4719 883,4719 928,4719 973,4722 1018,4722 1062,4722 1107,4722 1152,4725 1155,4725 1181,4739"/>
               <TextEquiv>
                  <Unicode>an Land gehen, und die Bekanntschaft mit einem Ort</Unicode>
               </TextEquiv>
            </TextLine>
            <TextLine id="r_2_tl_7" custom="readingOrder {index:6;}">
               <Coords points="249,4754 1179,4770 1177,4733 1135,4730 248,4729"/>
               <Baseline points="256,4749 301,4749 346,4749 391,4749 435,4752 480,4752 525,4752 570,4752 614,4752 659,4752 704,4752 749,4752 794,4752 838,4755 883,4755 928,4755 973,4755 1018,4755 1062,4758 1107,4758 1152,4758 1161,4758 1181,4768"/>
               <TextEquiv>
                  <Unicode>machen können, den man allsbald aus ganzem Herzen</Unicode>
               </TextEquiv>
            </TextLine>
            <TextLine id="r_2_tl_8" custom="readingOrder {index:7;}">
               <Coords points="249,4789 1149,4807 1149,4767 249,4754"/>
               <Baseline points="256,4785 301,4785 346,4785 391,4785 435,4785 480,4785 525,4785 570,4788 614,4788 659,4788 704,4788 749,4788 794,4788 838,4788 883,4788 928,4788 973,4791 1018,4791 1062,4791 1107,4791 1152,4791"/>
               <TextEquiv>
                  <Unicode>lieben und wohl nie wieder vergessen wird. Die An¬</Unicode>
               </TextEquiv>
            </TextLine>
            <TextLine id="r_2_tl_9" custom="readingOrder {index:8;}">
               <Coords points="255,4836 1157,4844 1179,4810 254,4792"/>
               <Baseline points="262,4821 307,4818 352,4818 397,4821 441,4821 486,4821 531,4821 576,4821 620,4821 665,4824 710,4821 755,4824 800,4821 844,4824 889,4824 934,4824 979,4824 1023,4824 1068,4824 1113,4827 1158,4830 1161,4830 1181,4818"/>
               <TextEquiv>
                  <Unicode>fahrt den kahlen, gelben, als phantastische Silhouetten</Unicode>
               </TextEquiv>
            </TextLine>
            <TextLine id="r_2_tl_10" custom="readingOrder {index:9;}">
               <Coords points="259,4860 1179,4863 1177,4834 258,4834"/>
               <Baseline points="265,4857 310,4854 355,4854 400,4854 444,4854 489,4854 534,4854 579,4857 623,4857 668,4857 713,4857 758,4857 803,4857 847,4857 892,4860 937,4860 982,4860 1026,4860 1071,4860 1116,4860 1155,4860 1181,4851"/>
               <TextEquiv>
                  <Unicode>aus dem dunklen Meer auftauchenden Inselriffen ent¬</Unicode>
               </TextEquiv>
            </TextLine>
            <TextLine id="r_2_tl_11" custom="readingOrder {index:10;}">
               <Coords points="249,4898 1179,4892 1154,4864 249,4860"/>
               <Baseline points="256,4887 301,4887 346,4890 391,4887 435,4890 480,4890 525,4890 570,4890 614,4890 659,4890 704,4890 749,4893 794,4893 838,4893 883,4893 928,4893 973,4893 1018,4893 1062,4893 1107,4893 1152,4896 1161,4896 1181,4885"/>
               <TextEquiv>
                  <Unicode>lang, die Madeira vorgelagert sind, ist eintönig und</Unicode>
               </TextEquiv>
            </TextLine>
            <TextLine id="r_2_tl_12" custom="readingOrder {index:11;}">
               <Coords points="253,4930 1179,4932 1179,4892 253,4901"/>
               <Baseline points="259,4922 304,4922 349,4922 394,4922 438,4922 483,4922 528,4925 573,4925 617,4925 662,4925 707,4925 752,4928 797,4925 841,4928 886,4925 931,4928 976,4928 1021,4928 1065,4928 1110,4928 1155,4931 1161,4931 1181,4918"/>
               <TextEquiv>
                  <Unicode>eher bedrückend. Man ist sich wohl bewußt, daß man</Unicode>
               </TextEquiv>
            </TextLine>
            <TextLine id="r_2_tl_13" custom="readingOrder {index:12;}">
               <Coords points="255,4961 1146,4973 1144,4939 1087,4930 254,4927"/>
               <Baseline points="262,4958 307,4955 352,4955 397,4955 441,4958 486,4958 531,4958 576,4958 620,4958 665,4961 710,4958 755,4961 800,4961 844,4961 889,4961 934,4961 979,4961 1023,4961 1068,4961 1113,4961 1149,4964"/>
               <TextEquiv>
                  <Unicode>sich mitten auf dem Ozean in einem Niemandsland</Unicode>
               </TextEquiv>
            </TextLine>
            <TextLine id="r_2_tl_14" custom="readingOrder {index:13;}">
               <Coords points="255,5003 1179,5005 1146,4971 255,4966"/>
               <Baseline points="262,4991 307,4991 352,4991 397,4991 441,4991 486,4994 531,4991 576,4994 620,4994 665,4994 710,4994 755,4994 800,4994 844,4994 889,4994 934,4994 979,4994 1023,4994 1068,4994 1113,4997 1152,4997 1181,5011"/>
               <TextEquiv>
                  <Unicode>befindet, in einer Region zwischen den Kontinenten,</Unicode>
               </TextEquiv>
            </TextLine>
            <TextLine id="r_2_tl_15" custom="readingOrder {index:14;}">
               <Coords points="253,5033 1179,5047 1179,5006 253,5005"/>
               <Baseline points="259,5024 304,5024 349,5024 394,5024 438,5024 483,5024 528,5027 573,5027 617,5027 662,5027 707,5027 752,5027 797,5030 841,5030 886,5030 931,5030 976,5030 1021,5030 1065,5030 1110,5030 1155,5033 1161,5033 1181,5045"/>
               <TextEquiv>
                  <Unicode>und der Gedanke drängt sich auf, Madeira könne weder</Unicode>
               </TextEquiv>
            </TextLine>
            <TextLine id="r_2_tl_16" custom="readingOrder {index:15;}">
               <Coords points="249,5060 1152,5074 1119,5037 248,5038"/>
               <Baseline points="256,5060 301,5060 346,5060 391,5060 435,5060 480,5060 525,5060 570,5060 614,5060 659,5060 704,5060 749,5063 794,5063 838,5063 883,5063 928,5063 973,5063 1018,5063 1062,5063 1107,5063 1152,5069 1155,5069"/>
               <TextEquiv>
                  <Unicode>den europäischen, vertrauten Liebreiz von Portugal,</Unicode>
               </TextEquiv>
            </TextLine>
            <TextLine id="r_2_tl_17" custom="readingOrder {index:16;}">
               <Coords points="255,5116 1149,5108 1124,5071 255,5065"/>
               <Baseline points="262,5096 307,5093 352,5093 397,5096 441,5093 486,5096 531,5096 576,5096 620,5096 665,5096 710,5096 755,5096 800,5096 844,5096 889,5096 934,5096 979,5096 1023,5099 1068,5099 1113,5099 1152,5102"/>
               <TextEquiv>
                  <Unicode>seinem Mutterland, haben, noch afrikanische Aspekte,</Unicode>
               </TextEquiv>
            </TextLine>
            <TextLine id="r_2_tl_18" custom="readingOrder {index:17;}">
               <Coords points="249,5138 1179,5151 1179,5108 1127,5105 249,5113"/>
               <Baseline points="256,5128 301,5125 346,5128 391,5128 435,5128 480,5128 525,5128 570,5131 614,5131 659,5128 704,5131 749,5131 794,5131 838,5131 883,5131 928,5131 973,5131 1018,5131 1062,5131 1107,5131 1152,5134 1158,5134 1181,5152"/>
               <TextEquiv>
                  <Unicode>exotische Reize, tropische Fülle, oder die Großartig¬</Unicode>
               </TextEquiv>
            </TextLine>
            <TextLine id="r_2_tl_19" custom="readingOrder {index:18;}">
               <Coords points="255,5165 1179,5190 1153,5140 255,5134"/>
               <Baseline points="262,5161 307,5161 352,5161 397,5164 441,5164 486,5164 531,5164 576,5164 620,5164 665,5167 710,5164 755,5167 800,5164 844,5164 889,5164 934,5164 979,5164 1023,5164 1068,5167 1113,5167 1155,5170 1181,5187"/>
               <TextEquiv>
                  <Unicode>keit der Wüste, — diese Insel sei wohl vielmehr einer</Unicode>
               </TextEquiv>
            </TextLine>
            <TextLine id="r_2_tl_20" custom="readingOrder {index:19;}">
               <Coords points="261,5208 1179,5211 1159,5174 1075,5168 261,5171"/>
               <Baseline points="268,5200 313,5197 358,5197 403,5197 447,5197 492,5197 537,5197 582,5197 626,5197 671,5197 716,5197 761,5197 806,5200 850,5200 895,5200 940,5200 985,5200 1029,5200 1074,5200 1119,5200 1155,5200 1181,5216"/>
               <TextEquiv>
                  <Unicode>jener einsamen Posten, die bloß zufällig einen Namen</Unicode>
               </TextEquiv>
            </TextLine>
            <TextLine id="r_2_tl_21" custom="readingOrder {index:20;}">
               <Coords points="255,5244 1149,5244 1127,5207 255,5207"/>
               <Baseline points="262,5233 307,5230 352,5230 397,5230 441,5230 486,5233 531,5233 576,5233 620,5233 665,5233 710,5233 755,5233 800,5233 844,5236 889,5233 934,5233 979,5233 1023,5233 1068,5233 1113,5233 1152,5236"/>
               <TextEquiv>
                  <Unicode>tragen, bevölkert sind, einen kleinen Hafen und Leucht¬</Unicode>
               </TextEquiv>
            </TextLine>
            <TextLine id="r_2_tl_22" custom="readingOrder {index:21;}">
               <Coords points="259,5272 1179,5285 1179,5243 259,5240"/>
               <Baseline points="265,5269 310,5266 355,5266 400,5266 444,5266 489,5266 534,5269 579,5269 623,5269 668,5269 713,5269 758,5269 803,5269 847,5269 892,5269 937,5269 982,5269 1026,5269 1071,5269 1116,5269 1152,5269 1181,5295"/>
               <TextEquiv>
                  <Unicode>türme besitzen —, im übrigen aber überall sein könn¬</Unicode>
               </TextEquiv>
            </TextLine>
            <TextLine id="r_2_tl_23" custom="readingOrder {index:22;}">
               <Coords points="255,5308 1179,5323 1154,5278 255,5279"/>
               <Baseline points="262,5302 307,5299 352,5299 397,5299 441,5299 486,5299 531,5299 576,5302 620,5302 665,5302 710,5302 755,5302 800,5302 844,5305 889,5302 934,5302 979,5305 1023,5302 1068,5302 1113,5302 1158,5308 1161,5308 1181,5321"/>
               <TextEquiv>
                  <Unicode>ten und nirgends zugehörig sind. Meine Vorstellung</Unicode>
               </TextEquiv>
            </TextLine>
            <TextLine id="r_2_tl_24" custom="readingOrder {index:23;}">
               <Coords points="261,5339 1146,5352 1133,5312 261,5307"/>
               <Baseline points="268,5337 313,5334 358,5334 403,5334 447,5334 492,5334 537,5334 582,5334 626,5334 671,5334 716,5337 761,5337 806,5337 850,5334 895,5337 940,5337 985,5337 1029,5334 1074,5337 1119,5337 1149,5337"/>
               <TextEquiv>
                  <Unicode>bestärkte sich noch, als ich hörte, daß man auf Ma¬</Unicode>
               </TextEquiv>
            </TextLine>
            <TextLine id="r_2_tl_25" custom="readingOrder {index:24;}">
               <Coords points="255,5379 1180,5390 1179,5358 1088,5341 255,5340"/>
               <Baseline points="262,5370 307,5367 352,5370 397,5370 441,5370 486,5367 531,5367 576,5367 620,5367 665,5367 710,5370 755,5370 800,5370 844,5370 889,5370 934,5370 979,5370 1023,5370 1068,5370 1113,5370 1158,5370 1181,5363"/>
               <TextEquiv>
                  <Unicode>deira Zuckerrohr und Bananen neben nordischen Eichen</Unicode>
               </TextEquiv>
            </TextLine>
            <TextLine id="r_2_tl_26" custom="readingOrder {index:25;}">
               <Coords points="261,5412 1179,5423 1152,5378 261,5377"/>
               <Baseline points="268,5406 313,5400 358,5403 403,5403 447,5403 492,5403 537,5403 582,5403 626,5403 671,5403 716,5403 761,5406 806,5403 850,5403 895,5403 940,5406 985,5406 1029,5403 1074,5406 1119,5406 1161,5409 1181,5402"/>
               <TextEquiv>
                  <Unicode>finde, und als niemand mir sagen konnte, von was</Unicode>
               </TextEquiv>
            </TextLine>
            <TextLine id="r_2_tl_27" custom="readingOrder {index:26;}">
               <Coords points="259,5445 1179,5455 1083,5406 259,5412"/>
               <Baseline points="265,5439 310,5436 355,5436 400,5436 444,5436 489,5439 534,5439 579,5439 623,5439 668,5436 713,5436 758,5436 803,5439 847,5439 892,5439 937,5439 982,5439 1026,5439 1071,5439 1116,5439 1161,5442 1167,5442 1181,5434"/>
               <TextEquiv>
                  <Unicode>für Rassen die Insel vor ihrer Entdeckung durch den</Unicode>
               </TextEquiv>
            </TextLine>
            <TextLine id="r_2_tl_28" custom="readingOrder {index:27;}">
               <Coords points="255,5474 1179,5481 1142,5445 255,5448"/>
               <Baseline points="262,5472 307,5472 352,5472 397,5472 441,5472 486,5472 531,5472 576,5472 620,5472 665,5472 710,5472 755,5475 800,5472 844,5472 889,5472 934,5472 979,5472 1023,5475 1068,5472 1113,5472 1158,5475 1161,5475 1181,5469"/>
               <TextEquiv>
                  <Unicode>Portugiesen Joan Goncalves Zarco bewohnt gewesen</Unicode>
               </TextEquiv>
            </TextLine>
            <TextLine id="r_2_tl_29" custom="readingOrder {index:28;}">
               <Coords points="255,5513 1179,5512 1129,5480 255,5477"/>
               <Baseline points="262,5505 307,5505 352,5502 397,5505 441,5508 486,5508 531,5508 576,5508 620,5508 665,5505 710,5508 755,5508 800,5508 844,5508 889,5508 934,5508 979,5508 1023,5508 1068,5508 1113,5508 1155,5508 1181,5504"/>
               <TextEquiv>
                  <Unicode>sei. — Der Dampfer glitt dann den grünen, ziemlich</Unicode>
               </TextEquiv>
            </TextLine>
            <TextLine id="r_2_tl_30" custom="readingOrder {index:29;}">
               <Coords points="259,5551 1152,5554 1139,5513 259,5517"/>
               <Baseline points="265,5543 310,5537 355,5540 400,5540 444,5540 489,5540 534,5540 579,5540 623,5540 668,5540 713,5540 758,5540 803,5540 847,5540 892,5540 937,5540 982,5540 1026,5540 1071,5540 1116,5543 1155,5543"/>
               <TextEquiv>
                  <Unicode>steil ansteigenden Halden der Hauptinsel entlang, die</Unicode>
               </TextEquiv>
            </TextLine>
            <TextLine id="r_2_tl_31" custom="readingOrder {index:30;}">
               <Coords points="255,5593 1093,5600 1179,5566 254,5553"/>
               <Baseline points="262,5573 307,5573 352,5573 397,5576 441,5576 486,5573 531,5573 576,5573 620,5573 665,5573 710,5573 755,5573 800,5573 844,5576 889,5576 934,5576 979,5576 1023,5576 1068,5573 1113,5573 1158,5576 1161,5576 1181,5576"/>
               <TextEquiv>
                  <Unicode>von weißen Häuschen übersät, und in Felder, Gemüse¬</Unicode>
               </TextEquiv>
            </TextLine>
            <TextLine id="r_2_tl_32" custom="readingOrder {index:31;}">
               <Coords points="255,5613 1179,5622 1153,5580 255,5595"/>
               <Baseline points="262,5612 307,5609 352,5609 397,5609 441,5609 486,5609 531,5609 576,5609 620,5609 665,5609 710,5609 755,5609 800,5609 844,5609 889,5609 934,5612 979,5609 1023,5609 1068,5609 1113,5609 1158,5609 1181,5609"/>
               <TextEquiv>
                  <Unicode>gärten und Weiden aufgeteilt waren. Darüber sah</Unicode>
               </TextEquiv>
            </TextLine>
            <TextLine id="r_2_tl_33" custom="readingOrder {index:32;}">
               <Coords points="255,5653 1179,5664 1148,5618 255,5617"/>
               <Baseline points="262,5645 307,5642 352,5645 397,5642 441,5645 486,5642 531,5645 576,5642 620,5642 665,5642 710,5642 755,5642 800,5645 844,5642 889,5642 934,5642 979,5642 1023,5642 1068,5645 1113,5642 1158,5645 1181,5645"/>
               <TextEquiv>
                  <Unicode>man, auf den Kämmen, dürftige Baumreihen, und</Unicode>
               </TextEquiv>
            </TextLine>
            <TextLine id="r_2_tl_34" custom="readingOrder {index:33;}">
               <Coords points="261,5685 1179,5693 1179,5664 1087,5644 1037,5668 261,5651"/>
               <Baseline points="268,5678 313,5678 358,5678 403,5678 447,5678 492,5678 537,5678 582,5678 626,5678 671,5678 716,5678 761,5678 806,5678 850,5678 895,5678 940,5675 985,5678 1029,5678 1074,5675 1119,5678 1155,5681 1181,5676"/>
               <TextEquiv>
                  <Unicode>obwohl das Meer und die nahe Küste von schöner</Unicode>
               </TextEquiv>
            </TextLine>
            <TextLine id="r_2_tl_35" custom="readingOrder {index:34;}">
               <Coords points="259,5724 1149,5727 1149,5688 1045,5677 259,5684"/>
               <Baseline points="265,5711 310,5711 355,5711 400,5711 444,5711 489,5711 534,5714 579,5711 623,5711 668,5711 713,5711 758,5711 803,5711 847,5711 892,5711 937,5711 982,5711 1026,5711 1071,5711 1116,5711 1152,5711"/>
               <TextEquiv>
                  <Unicode>Sonne beglänzt waren, tauchten jene dunkelgrauen</Unicode>
               </TextEquiv>
            </TextLine>
            <TextLine id="r_2_tl_36" custom="readingOrder {index:35;}">
               <Coords points="255,5753 1179,5747 1167,5719 255,5724"/>
               <Baseline points="262,5746 307,5746 352,5746 397,5746 441,5746 486,5746 531,5746 576,5746 620,5746 665,5746 710,5746 755,5746 800,5746 844,5746 889,5746 934,5746 979,5746 1023,5746 1068,5746 1113,5746 1158,5749 1161,5749 1181,5746"/>
               <TextEquiv>
                  <Unicode>Hügelkämme bald in verhüllende Nebelschwaden und</Unicode>
               </TextEquiv>
            </TextLine>
            <TextLine id="r_2_tl_37" custom="readingOrder {index:36;}">
               <Coords points="255,5790 1179,5807 1179,5748 255,5752"/>
               <Baseline points="262,5782 307,5782 352,5782 397,5782 441,5782 486,5782 531,5782 576,5782 620,5782 665,5782 710,5782 755,5779 800,5782 844,5782 889,5782 934,5782 979,5782 1023,5782 1068,5782 1113,5782 1158,5785 1170,5785 1181,5784"/>
               <TextEquiv>
                  <Unicode>Wolken, — ähnlich wie an einem gewitterhaften Tag</Unicode>
               </TextEquiv>
            </TextLine>
            <TextLine id="r_2_tl_38" custom="readingOrder {index:37;}">
               <Coords points="255,5824 866,5828 866,5794 841,5786 525,5788 501,5805 453,5784 309,5806 255,5790"/>
               <Baseline points="262,5818 307,5818 352,5815 397,5818 441,5815 486,5818 531,5818 576,5815 620,5818 665,5818 710,5815 755,5818 800,5815 844,5818 868,5821"/>
               <TextEquiv>
                  <Unicode>in Oesterreich oder in der Schweiz.\:p\</Unicode>
               </TextEquiv>
            </TextLine>
            <TextLine id="r_2_tl_39" custom="readingOrder {index:38;}">
               <Coords points="309,5881 1179,5859 1159,5813 309,5822"/>
               <Baseline points="316,5857 358,5851 403,5851 447,5851 492,5854 537,5851 582,5854 626,5851 671,5851 716,5851 761,5851 806,5851 850,5851 895,5851 940,5851 985,5851 1029,5851 1074,5851 1119,5851 1164,5851 1181,5849"/>
               <TextEquiv>
                  <Unicode>\p\Nun besaß also Madeira schon die Wirklichkeit sei¬</Unicode>
               </TextEquiv>
            </TextLine>
            <TextLine id="r_2_tl_40" custom="readingOrder {index:39;}">
               <Coords points="249,5895 1179,5902 1160,5857 249,5867"/>
               <Baseline points="256,5887 301,5887 346,5887 391,5887 435,5887 480,5887 525,5887 570,5887 614,5887 659,5887 704,5887 749,5887 794,5887 838,5884 883,5887 928,5884 973,5887 1018,5887 1062,5884 1107,5884 1152,5887 1170,5887 1181,5885"/>
               <TextEquiv>
                  <Unicode>ner ansteigenden, reich gegliederten Hügel, die noch</Unicode>
               </TextEquiv>
            </TextLine>
            <TextLine id="r_2_tl_41" custom="readingOrder {index:40;}">
               <Coords points="256,5927 1180,5929 1137,5889 255,5897"/>
               <Baseline points="262,5920 307,5920 352,5920 397,5920 441,5920 486,5920 531,5920 576,5920 620,5920 665,5920 710,5920 755,5920 800,5920 844,5920 889,5920 934,5920 979,5920 1023,5920 1068,5923 1113,5920 1158,5920 1181,5920"/>
               <TextEquiv>
                  <Unicode>mannigfaltiger schienen durch das Spiel weicher, über</Unicode>
               </TextEquiv>
            </TextLine>
            <TextLine id="r_2_tl_42" custom="readingOrder {index:41;}">
               <Coords points="255,5965 1179,5960 1167,5926 255,5931"/>
               <Baseline points="262,5955 307,5955 352,5955 397,5955 441,5955 486,5955 531,5955 576,5955 620,5955 665,5955 710,5955 755,5955 800,5952 844,5955 889,5952 934,5952 979,5952 1023,5955 1062,5952 1107,5952 1152,5955 1170,5955 1181,5954"/>
               <TextEquiv>
                  <Unicode>das Grün der Wiesen gleitenden Schatten, — was</Unicode>
               </TextEquiv>
            </TextLine>
            <TextLine id="r_2_tl_43" custom="readingOrder {index:42;}">
               <Coords points="254,5997 1177,6005 1179,5961 255,5969"/>
               <Baseline points="262,5991 271,5991 316,5988 361,5988 406,5988 450,5988 495,5988 540,5988 585,5988 629,5988 674,5991 719,5991 764,5988 809,5988 853,5988 898,5988 943,5988 988,5988 1032,5988 1077,5985 1122,5988 1167,5988 1181,5987"/>
               <TextEquiv>
                  <Unicode>alles nur als zärtlicher Hintergrund diente für die</Unicode>
               </TextEquiv>
            </TextLine>
            <TextLine id="r_2_tl_44" custom="readingOrder {index:43;}">
               <Coords points="261,6035 1179,6028 1100,5987 261,5999"/>
               <Baseline points="268,6027 313,6024 358,6024 403,6024 447,6024 492,6024 537,6024 582,6021 626,6024 671,6024 716,6021 761,6024 806,6024 850,6024 895,6024 940,6021 985,6024 1029,6021 1074,6024 1119,6021 1164,6027 1181,6022"/>
               <TextEquiv>
                  <Unicode>kleine Stadt Funchal, deren weißer, um einen Platz</Unicode>
               </TextEquiv>
            </TextLine>
            <TextLine id="r_2_tl_45" custom="readingOrder {index:44;}">
               <Coords points="265,6068 1179,6072 1115,6027 265,6038"/>
               <Baseline points="271,6060 316,6057 361,6057 406,6057 450,6057 495,6057 540,6057 585,6057 629,6057 674,6057 719,6057 764,6057 809,6057 853,6057 898,6057 943,6057 988,6057 1032,6057 1077,6057 1122,6057 1167,6060 1173,6060 1181,6058"/>
               <TextEquiv>
                  <Unicode>und eine Kathedrale gescharter Kern in der Hafen¬</Unicode>
               </TextEquiv>
            </TextLine>
            <TextLine id="r_2_tl_46" custom="readingOrder {index:45;}">
               <Coords points="259,6105 1179,6112 1179,6072 1135,6062 259,6066"/>
               <Baseline points="265,6093 310,6090 355,6093 400,6093 444,6093 489,6093 534,6090 579,6090 623,6093 668,6093 713,6090 758,6090 803,6093 847,6090 892,6093 937,6090 982,6090 1026,6090 1071,6090 1116,6090 1161,6093 1173,6093 1181,6090"/>
               <TextEquiv>
                  <Unicode>bucht lag, die sich aber mit Gärten, an Rebenmäuerchen</Unicode>
               </TextEquiv>
            </TextLine>
            <TextLine id="r_2_tl_47" custom="readingOrder {index:46;}">
               <Coords points="259,6138 1179,6134 1108,6098 259,6106"/>
               <Baseline points="265,6132 310,6126 355,6129 400,6126 444,6129 489,6129 534,6126 579,6126 623,6129 668,6126 713,6126 758,6126 803,6126 847,6126 892,6126 937,6126 982,6126 1026,6126 1071,6126 1116,6126 1161,6126 1181,6126"/>
               <TextEquiv>
                  <Unicode>gelagerten Häuschen, von Blumen überladenen Ter¬</Unicode>
               </TextEquiv>
            </TextLine>
            <TextEquiv>
               <Unicode/>
            </TextEquiv>
         </TextRegion>
         <TextRegion id="r_3" custom="readingOrder {index:1;}">
            <Coords points="2111,6182 1181,6182 1181,4451 2111,4451"/>
            <TextLine id="r_3_tl_1" custom="readingOrder {index:0;}">
               <Coords points="1182,4505 1943,4523 2108,4516 2107,4483 1181,4482"/>
               <Baseline points="1188,4499 1232,4499 1277,4499 1322,4502 1367,4502 1412,4502 1456,4502 1501,4502 1546,4502 1591,4502 1636,4502 1680,4502 1725,4502 1770,4502 1815,4502 1859,4504 1904,4504 1949,4504 1994,4504 2039,4504 2083,4504 2111,4504"/>
               <TextEquiv>
                  <Unicode>rassen, Klosterkirchen und wie Adern verlaufenden</Unicode>
               </TextEquiv>
            </TextLine>
            <TextLine id="r_3_tl_2" custom="readingOrder {index:1;}">
               <Coords points="1190,4543 2080,4552 2073,4511 1190,4510"/>
               <Baseline points="1197,4537 1241,4534 1286,4534 1331,4534 1376,4534 1421,4537 1465,4534 1510,4534 1555,4537 1600,4534 1644,4534 1689,4537 1734,4537 1779,4537 1824,4537 1868,4540 1913,4537 1958,4540 2003,4537 2047,4537 2083,4537"/>
               <TextEquiv>
                  <Unicode>Gäßchen und Wegen nach allen Seiten hin ausbrei¬</Unicode>
               </TextEquiv>
            </TextLine>
            <TextLine id="r_3_tl_3" custom="readingOrder {index:2;}">
               <Coords points="1181,4570 2109,4573 2035,4546 1181,4549"/>
               <Baseline points="1188,4567 1232,4567 1277,4570 1322,4567 1367,4567 1412,4567 1456,4570 1501,4570 1546,4570 1591,4570 1636,4570 1680,4570 1725,4573 1770,4570 1815,4570 1859,4573 1904,4573 1949,4573 1994,4573 2039,4573 2083,4576 2089,4573 2111,4573"/>
               <TextEquiv>
                  <Unicode>tete. Kaum am Quai gelandet, begegnete man dem</Unicode>
               </TextEquiv>
            </TextLine>
            <TextLine id="r_3_tl_4" custom="readingOrder {index:3;}">
               <Coords points="1175,4621 2109,4613 2091,4581 1910,4572 1175,4585"/>
               <Baseline points="1181,4607 1188,4603 1232,4603 1277,4603 1322,4603 1367,4603 1412,4603 1456,4603 1501,4603 1546,4603 1591,4606 1636,4606 1680,4603 1725,4606 1770,4606 1815,4606 1859,4606 1904,4606 1949,4606 1994,4606 2039,4606 2083,4609 2111,4604"/>
               <TextEquiv>
                  <Unicode>fast unglaublichen Licht violetter Blütenbäume, gan¬</Unicode>
               </TextEquiv>
            </TextLine>
            <TextLine id="r_3_tl_5" custom="readingOrder {index:4;}">
               <Coords points="1196,4647 2108,4647 2101,4612 1196,4617"/>
               <Baseline points="1203,4639 1247,4636 1292,4636 1337,4636 1382,4639 1427,4639 1471,4639 1516,4639 1561,4639 1606,4639 1650,4639 1695,4639 1740,4642 1785,4639 1830,4642 1874,4642 1919,4642 1964,4642 2009,4639 2053,4642 2080,4642 2111,4640"/>
               <TextEquiv>
                  <Unicode>zer Alleen großer Jacarandas, einer einzigen in der</Unicode>
               </TextEquiv>
            </TextLine>
            <TextLine id="r_3_tl_6" custom="readingOrder {index:5;}">
               <Coords points="1194,4681 2108,4687 2108,4647 1194,4649"/>
               <Baseline points="1200,4672 1244,4669 1289,4672 1334,4672 1379,4672 1424,4672 1468,4672 1513,4672 1558,4672 1603,4672 1647,4672 1692,4672 1737,4675 1782,4675 1827,4675 1871,4678 1916,4675 1961,4675 2006,4675 2050,4675 2089,4681 2111,4674"/>
               <TextEquiv>
                  <Unicode>Nachmittagsluft schwebenden Vision, so zart und süß</Unicode>
               </TextEquiv>
            </TextLine>
            <TextLine id="r_3_tl_7" custom="readingOrder {index:6;}">
               <Coords points="1175,4713 2077,4725 2077,4684 2026,4681 1175,4686"/>
               <Baseline points="1181,4704 1188,4708 1232,4705 1277,4708 1322,4708 1367,4708 1412,4708 1456,4708 1501,4708 1546,4708 1591,4708 1636,4708 1680,4708 1725,4708 1770,4708 1815,4708 1859,4708 1904,4708 1949,4710 1994,4708 2039,4708 2080,4710"/>
               <TextEquiv>
                  <Unicode>wie Orchideen, und so viel samtene Wärme verbrei¬</Unicode>
               </TextEquiv>
            </TextLine>
            <TextLine id="r_3_tl_8" custom="readingOrder {index:7;}">
               <Coords points="1175,4752 2077,4754 2050,4716 1175,4714"/>
               <Baseline points="1181,4739 1188,4743 1232,4740 1277,4743 1322,4743 1367,4743 1412,4740 1456,4740 1501,4743 1546,4743 1591,4743 1636,4743 1680,4743 1725,4743 1770,4743 1815,4743 1859,4743 1904,4743 1949,4743 1994,4743 2039,4746 2080,4746"/>
               <TextEquiv>
                  <Unicode>tend, daß fortan die Mauern und selbst das wie Me¬</Unicode>
               </TextEquiv>
            </TextLine>
            <TextLine id="r_3_tl_9" custom="readingOrder {index:8;}">
               <Coords points="1176,4794 2110,4797 2109,4758 2015,4750 1175,4752"/>
               <Baseline points="1181,4768 1191,4773 1235,4776 1280,4776 1325,4776 1370,4776 1415,4776 1459,4776 1504,4776 1549,4776 1594,4776 1638,4776 1683,4776 1728,4776 1773,4776 1818,4779 1862,4779 1907,4779 1952,4779 1997,4779 2042,4779 2080,4779 2111,4779"/>
               <TextEquiv>
                  <Unicode>tall polierte, schwärzliche Pflaster der Gassen wie ge¬</Unicode>
               </TextEquiv>
            </TextLine>
            <TextLine id="r_3_tl_10" custom="readingOrder {index:9;}">
               <Coords points="1175,4825 2109,4823 2031,4784 1175,4796"/>
               <Baseline points="1181,4818 1191,4812 1235,4809 1280,4809 1325,4812 1370,4812 1415,4812 1459,4809 1504,4812 1549,4812 1594,4812 1638,4812 1683,4812 1728,4812 1773,4812 1818,4812 1862,4812 1907,4812 1952,4812 1997,4812 2042,4812 2083,4815 2111,4811"/>
               <TextEquiv>
                  <Unicode>tränkt mit Violett, diese Farbe betörend auszustrahlen</Unicode>
               </TextEquiv>
            </TextLine>
            <TextLine id="r_3_tl_11" custom="readingOrder {index:10;}">
               <Coords points="1175,4871 2109,4851 2051,4820 1175,4825"/>
               <Baseline points="1181,4851 1191,4848 1235,4845 1280,4845 1325,4845 1370,4845 1415,4848 1459,4845 1504,4845 1549,4845 1594,4845 1638,4845 1683,4845 1728,4845 1773,4845 1818,4845 1862,4848 1907,4848 1952,4848 1997,4848 2042,4848 2086,4851 2089,4851 2111,4844"/>
               <TextEquiv>
                  <Unicode>schienen. Die Häuserfronten von Funchal sind schlicht,</Unicode>
               </TextEquiv>
            </TextLine>
            <TextLine id="r_3_tl_12" custom="readingOrder {index:11;}">
               <Coords points="1175,4892 2109,4899 2096,4860 1736,4847 1175,4871"/>
               <Baseline points="1181,4885 1188,4881 1232,4878 1277,4878 1322,4881 1367,4881 1412,4881 1456,4881 1501,4881 1546,4881 1591,4881 1636,4881 1680,4881 1725,4881 1770,4881 1815,4881 1859,4881 1904,4881 1949,4884 1994,4884 2039,4881 2083,4887 2086,4887 2111,4882"/>
               <TextEquiv>
                  <Unicode>meistens weiß, haben schmale Balkone mit eisernen</Unicode>
               </TextEquiv>
            </TextLine>
            <TextLine id="r_3_tl_13" custom="readingOrder {index:12;}">
               <Coords points="1175,4936 2083,4924 2074,4888 1174,4893"/>
               <Baseline points="1181,4918 1188,4913 1232,4913 1277,4913 1322,4913 1367,4913 1412,4913 1456,4913 1501,4913 1546,4913 1591,4913 1636,4913 1680,4916 1725,4916 1770,4913 1815,4916 1859,4916 1904,4916 1949,4916 1994,4916 2039,4916 2083,4916 2086,4916"/>
               <TextEquiv>
                  <Unicode>Geländern, und hohe, schöne Fenster mit grün gestri¬</Unicode>
               </TextEquiv>
            </TextLine>
            <TextLine id="r_3_tl_14" custom="readingOrder {index:13;}">
               <Coords points="1190,4956 2108,4954 2054,4923 1190,4926"/>
               <Baseline points="1197,4949 1241,4946 1286,4946 1331,4946 1376,4949 1421,4949 1465,4946 1510,4946 1555,4949 1600,4949 1644,4949 1689,4949 1734,4949 1779,4949 1824,4949 1868,4949 1913,4949 1958,4949 2003,4949 2047,4949 2089,4952 2111,4951"/>
               <TextEquiv>
                  <Unicode>chenen Läden. Durch offene Tore sieht man in kühle</Unicode>
               </TextEquiv>
            </TextLine>
            <TextLine id="r_3_tl_15" custom="readingOrder {index:14;}">
               <Coords points="1190,4991 2080,4997 2080,4963 1980,4956 1190,4959"/>
               <Baseline points="1197,4982 1241,4982 1286,4979 1331,4982 1376,4982 1421,4982 1465,4982 1510,4982 1555,4982 1600,4982 1644,4982 1689,4982 1734,4982 1779,4982 1824,4982 1868,4982 1913,4985 1958,4985 2003,4982 2047,4985 2083,4985"/>
               <TextEquiv>
                  <Unicode>Hallen mit getünchten, oft von maurischen Kacheln</Unicode>
               </TextEquiv>
            </TextLine>
            <TextLine id="r_3_tl_16" custom="readingOrder {index:15;}">
               <Coords points="1175,5023 2109,5019 2058,4993 1175,4986"/>
               <Baseline points="1181,5011 1188,5015 1232,5015 1277,5015 1322,5015 1367,5018 1412,5018 1456,5015 1501,5015 1546,5018 1591,5018 1636,5018 1680,5015 1725,5018 1770,5018 1815,5018 1859,5018 1904,5018 1949,5018 1994,5018 2039,5018 2083,5021 2092,5018 2111,5018"/>
               <TextEquiv>
                  <Unicode>durchsetzten Wänden, und das braune Holz breiter</Unicode>
               </TextEquiv>
            </TextLine>
            <TextLine id="r_3_tl_17" custom="readingOrder {index:16;}">
               <Coords points="1175,5048 2109,5057 2024,5025 1175,5024"/>
               <Baseline points="1181,5045 1194,5054 1238,5051 1283,5051 1328,5051 1373,5051 1418,5051 1462,5051 1507,5051 1552,5051 1597,5051 1641,5051 1686,5051 1731,5051 1776,5051 1821,5051 1865,5051 1910,5051 1955,5051 2000,5051 2045,5051 2083,5054 2111,5052"/>
               <TextEquiv>
                  <Unicode>Treppenaufgänge. Und immer erblickt man hinter</Unicode>
               </TextEquiv>
            </TextLine>
            <TextLine id="r_3_tl_18" custom="readingOrder {index:17;}">
               <Coords points="1190,5097 2108,5099 2108,5059 1190,5063"/>
               <Baseline points="1197,5084 1241,5084 1286,5084 1331,5084 1376,5084 1421,5084 1465,5084 1510,5084 1555,5084 1600,5087 1644,5084 1689,5084 1734,5084 1779,5084 1824,5084 1868,5087 1913,5087 1958,5084 2003,5084 2047,5084 2086,5090 2111,5090"/>
               <TextEquiv>
                  <Unicode>ziemlich hohen Mauern, durch maurisch geschwungene</Unicode>
               </TextEquiv>
            </TextLine>
            <TextLine id="r_3_tl_19" custom="readingOrder {index:18;}">
               <Coords points="1190,5125 2108,5123 2075,5093 1190,5096"/>
               <Baseline points="1197,5122 1241,5119 1286,5117 1331,5117 1376,5119 1421,5119 1465,5119 1510,5119 1555,5119 1600,5119 1644,5119 1689,5119 1734,5119 1779,5119 1824,5119 1868,5119 1913,5119 1958,5119 2003,5122 2047,5119 2086,5122 2111,5120"/>
               <TextEquiv>
                  <Unicode>Oeffnungen und stattliche Gittertore, die helle Fülle</Unicode>
               </TextEquiv>
            </TextLine>
            <TextLine id="r_3_tl_20" custom="readingOrder {index:19;}">
               <Coords points="1175,5154 2109,5172 2109,5117 2003,5147 1175,5124"/>
               <Baseline points="1181,5152 1185,5155 1229,5152 1274,5152 1319,5152 1364,5152 1409,5152 1453,5155 1498,5152 1543,5152 1588,5152 1633,5152 1677,5152 1722,5152 1767,5152 1812,5155 1856,5155 1901,5155 1946,5155 1991,5155 2036,5155 2080,5155 2111,5153"/>
               <TextEquiv>
                  <Unicode>von herrlichen Blumen, blühenden Sträuchern, tro¬</Unicode>
               </TextEquiv>
            </TextLine>
            <TextLine id="r_3_tl_21" custom="readingOrder {index:20;}">
               <Coords points="1175,5199 2077,5201 2077,5170 2026,5160 1175,5153"/>
               <Baseline points="1181,5187 1188,5191 1232,5185 1277,5188 1322,5188 1367,5188 1412,5188 1456,5188 1501,5188 1546,5191 1591,5188 1636,5188 1680,5188 1725,5188 1770,5188 1815,5188 1859,5188 1904,5188 1949,5188 1994,5188 2039,5188 2080,5191"/>
               <TextEquiv>
                  <Unicode>pischen Früchten und Fuchsien, überwucherten Brunnen</Unicode>
               </TextEquiv>
            </TextLine>
            <TextLine id="r_3_tl_22" custom="readingOrder {index:21;}">
               <Coords points="1175,5228 2109,5240 2108,5185 1175,5200"/>
               <Baseline points="1181,5216 1188,5221 1232,5221 1277,5221 1322,5221 1367,5224 1412,5224 1456,5224 1501,5224 1546,5224 1591,5224 1636,5224 1680,5224 1725,5224 1770,5224 1815,5224 1859,5224 1904,5224 1949,5224 1994,5224 2039,5224 2083,5224 2111,5224"/>
               <TextEquiv>
                  <Unicode>und Teichen, die schattige Geborgenheit von Gärten</Unicode>
               </TextEquiv>
            </TextLine>
            <TextLine id="r_3_tl_23" custom="readingOrder {index:22;}">
               <Coords points="1188,5265 2108,5263 2042,5228 1188,5235"/>
               <Baseline points="1194,5257 1238,5254 1283,5257 1328,5257 1373,5257 1418,5257 1462,5257 1507,5257 1552,5257 1597,5257 1641,5260 1686,5260 1731,5260 1776,5257 1821,5260 1865,5260 1910,5260 1955,5260 2000,5260 2045,5260 2083,5260 2111,5260"/>
               <TextEquiv>
                  <Unicode>und Höfen, — darüber Loggien, von denen der Blick</Unicode>
               </TextEquiv>
            </TextLine>
            <TextLine id="r_3_tl_24" custom="readingOrder {index:23;}">
               <Coords points="1175,5311 2078,5305 2078,5273 2024,5265 1175,5278"/>
               <Baseline points="1181,5295 1182,5296 1227,5290 1271,5290 1316,5290 1361,5290 1406,5293 1450,5293 1495,5293 1540,5293 1585,5293 1630,5296 1674,5296 1719,5293 1764,5293 1809,5293 1853,5293 1898,5296 1943,5293 1988,5296 2033,5293 2077,5296 2080,5296"/>
               <TextEquiv>
                  <Unicode>frei schweift über Dächer, gestufte Gassen, die Fächer</Unicode>
               </TextEquiv>
            </TextLine>
            <TextLine id="r_3_tl_25" custom="readingOrder {index:24;}">
               <Coords points="1175,5338 2080,5338 2080,5306 1984,5301 1175,5310"/>
               <Baseline points="1181,5321 1188,5325 1232,5325 1277,5325 1322,5325 1367,5325 1412,5325 1456,5328 1501,5328 1546,5328 1591,5328 1636,5328 1680,5328 1725,5328 1770,5328 1815,5328 1859,5328 1904,5328 1949,5328 1994,5328 2039,5328 2083,5325"/>
               <TextEquiv>
                  <Unicode>von Bananen und Palmen, und Rebenterrassen hin¬</Unicode>
               </TextEquiv>
            </TextLine>
            <TextLine id="r_3_tl_26" custom="readingOrder {index:25;}">
               <Coords points="1175,5367 2109,5365 2108,5338 2023,5332 1175,5348"/>
               <Baseline points="1181,5363 1188,5361 1232,5358 1277,5358 1322,5361 1367,5361 1412,5364 1456,5361 1501,5364 1546,5361 1591,5364 1636,5364 1680,5364 1725,5364 1770,5364 1815,5364 1859,5364 1904,5364 1949,5364 1994,5364 2039,5364 2083,5367 2086,5367 2111,5364"/>
               <TextEquiv>
                  <Unicode>weg bis zum Meer. Es lag jetzt im Abend besänftigt,</Unicode>
               </TextEquiv>
            </TextLine>
            <TextLine id="r_3_tl_27" custom="readingOrder {index:26;}">
               <Coords points="1175,5404 2071,5408 2055,5374 1175,5367"/>
               <Baseline points="1181,5402 1194,5397 1238,5394 1283,5394 1328,5394 1373,5394 1418,5394 1462,5397 1507,5397 1552,5397 1597,5397 1641,5397 1686,5400 1731,5397 1776,5397 1821,5397 1865,5397 1910,5400 1955,5397 2000,5397 2045,5397 2074,5400"/>
               <TextEquiv>
                  <Unicode>sein tiefes Blau zerfloß im helleren des Himmels,</Unicode>
               </TextEquiv>
            </TextLine>
            <TextLine id="r_3_tl_28" custom="readingOrder {index:27;}">
               <Coords points="1175,5439 2109,5450 2102,5403 1175,5404"/>
               <Baseline points="1181,5434 1194,5427 1238,5430 1283,5430 1328,5430 1373,5430 1418,5430 1462,5430 1507,5430 1552,5430 1597,5430 1641,5430 1686,5433 1731,5433 1776,5433 1821,5433 1865,5433 1910,5433 1955,5433 2000,5430 2045,5433 2083,5433 2111,5431"/>
               <TextEquiv>
                  <Unicode>zwei Kriegsschiffe und der Afrikadampfer ruhten mit</Unicode>
               </TextEquiv>
            </TextLine>
            <TextLine id="r_3_tl_29" custom="readingOrder {index:28;}">
               <Coords points="1175,5473 2109,5481 2109,5434 1175,5438"/>
               <Baseline points="1181,5469 1194,5466 1238,5463 1283,5463 1328,5463 1373,5463 1418,5466 1462,5463 1507,5466 1552,5466 1597,5466 1641,5466 1686,5466 1731,5466 1776,5466 1821,5469 1865,5469 1910,5469 1955,5469 2000,5466 2045,5466 2089,5469 2111,5467"/>
               <TextEquiv>
                  <Unicode>stillgelegten Maschinen zwischen den Flottillen kleiner</Unicode>
               </TextEquiv>
            </TextLine>
            <TextLine id="r_3_tl_30" custom="readingOrder {index:29;}">
               <Coords points="1176,5530 1244,5507 1386,5502 1595,5526 1594,5486 1537,5471 1469,5486 1431,5471 1316,5483 1292,5468 1175,5473"/>
               <Baseline points="1181,5504 1194,5502 1238,5499 1283,5499 1328,5499 1373,5499 1418,5499 1462,5499 1507,5499 1552,5502 1597,5505"/>
               <TextEquiv>
                  <Unicode>Ruderboote und Segler.\:p\</Unicode>
               </TextEquiv>
            </TextLine>
            <TextLine id="r_3_tl_31" custom="readingOrder {index:30;}">
               <Coords points="1243,5548 2108,5545 2090,5494 1503,5533 1243,5510"/>
               <Baseline points="1250,5546 1295,5540 1340,5540 1385,5540 1430,5540 1474,5540 1519,5543 1564,5543 1609,5543 1653,5543 1698,5540 1743,5540 1788,5543 1833,5543 1877,5543 1922,5543 1967,5543 2012,5543 2056,5543 2083,5546 2111,5535"/>
               <TextEquiv>
                  <Unicode>\p\In der Stadt ging es nicht sehr laut zu, aber</Unicode>
               </TextEquiv>
            </TextLine>
            <TextLine id="r_3_tl_32" custom="readingOrder {index:31;}">
               <Coords points="1175,5584 2109,5594 2109,5545 1280,5562 1174,5530"/>
               <Baseline points="1181,5576 1191,5576 1235,5573 1280,5573 1325,5573 1370,5573 1415,5576 1459,5576 1504,5579 1549,5576 1594,5576 1638,5576 1683,5579 1728,5576 1773,5576 1818,5579 1862,5576 1907,5579 1952,5576 1997,5576 2042,5576 2083,5576 2111,5569"/>
               <TextEquiv>
                  <Unicode>emsig und heiter. In den Kellern einer Weinfabrik</Unicode>
               </TextEquiv>
            </TextLine>
            <TextLine id="r_3_tl_33" custom="readingOrder {index:32;}">
               <Coords points="1175,5615 2109,5631 2108,5595 2051,5585 1175,5599"/>
               <Baseline points="1181,5609 1194,5609 1238,5609 1283,5609 1328,5609 1373,5609 1418,5609 1462,5612 1507,5612 1552,5612 1597,5612 1641,5612 1686,5612 1731,5612 1776,5612 1821,5612 1865,5612 1910,5612 1955,5612 2000,5612 2045,5612 2083,5618 2111,5632"/>
               <TextEquiv>
                  <Unicode>sah ich riesige Fässer, worin unter Dampfdruck die</Unicode>
               </TextEquiv>
            </TextLine>
            <TextLine id="r_3_tl_34" custom="readingOrder {index:33;}">
               <Coords points="1175,5655 2083,5655 2061,5618 1175,5615"/>
               <Baseline points="1181,5645 1194,5645 1238,5642 1283,5642 1328,5642 1373,5645 1418,5645 1462,5645 1507,5645 1552,5645 1597,5645 1641,5645 1686,5645 1731,5645 1776,5645 1821,5645 1865,5645 1910,5645 1955,5645 2000,5645 2045,5645 2086,5651"/>
               <TextEquiv>
                  <Unicode>Trauben gegoren wurden, und auf Gestellen Hunderte</Unicode>
               </TextEquiv>
            </TextLine>
            <TextLine id="r_3_tl_35" custom="readingOrder {index:34;}">
               <Coords points="1175,5686 2044,5698 2077,5694 2076,5657 1174,5651"/>
               <Baseline points="1181,5676 1191,5675 1235,5678 1280,5678 1325,5678 1370,5678 1415,5681 1459,5678 1504,5681 1549,5681 1594,5681 1638,5681 1683,5681 1728,5681 1773,5681 1818,5681 1862,5681 1907,5681 1952,5681 1997,5681 2042,5681 2080,5684"/>
               <TextEquiv>
                  <Unicode>von Flaschen zwanzig-, vierzig- und hundertjährigen</Unicode>
               </TextEquiv>
            </TextLine>
            <TextLine id="r_3_tl_36" custom="readingOrder {index:35;}">
               <Coords points="1200,5720 2081,5725 2074,5693 1200,5682"/>
               <Baseline points="1206,5714 1250,5711 1295,5711 1340,5714 1385,5714 1430,5714 1474,5714 1519,5714 1564,5714 1609,5714 1653,5717 1698,5714 1743,5717 1788,5714 1833,5714 1877,5714 1922,5717 1967,5717 2012,5714 2056,5717 2083,5717"/>
               <TextEquiv>
                  <Unicode>Madeiras. In einer engen, von schönen Häusern ge¬</Unicode>
               </TextEquiv>
            </TextLine>
            <TextLine id="r_3_tl_37" custom="readingOrder {index:36;}">
               <Coords points="1175,5761 2074,5762 2074,5725 1175,5720"/>
               <Baseline points="1181,5746 1194,5743 1238,5746 1283,5746 1328,5743 1373,5746 1418,5746 1462,5746 1507,5746 1552,5746 1597,5749 1641,5749 1686,5749 1731,5749 1776,5749 1821,5749 1865,5749 1910,5749 1955,5749 2000,5749 2045,5749 2077,5752"/>
               <TextEquiv>
                  <Unicode>säumten Gasse hörte ich Gesang von Mädchenstimmen</Unicode>
               </TextEquiv>
            </TextLine>
            <TextLine id="r_3_tl_38" custom="readingOrder {index:37;}">
               <Coords points="1175,5801 2109,5798 2037,5757 1175,5761"/>
               <Baseline points="1181,5784 1194,5782 1238,5782 1283,5779 1328,5779 1373,5779 1418,5779 1462,5782 1507,5782 1552,5782 1597,5782 1641,5785 1686,5782 1731,5785 1776,5785 1821,5782 1865,5782 1910,5782 1955,5785 2000,5785 2045,5782 2083,5785 2111,5801"/>
               <TextEquiv>
                  <Unicode>so zärtlich und andächtig in der Stille der frühen,</Unicode>
               </TextEquiv>
            </TextLine>
            <TextLine id="r_3_tl_39" custom="readingOrder {index:38;}">
               <Coords points="1188,5822 2075,5834 2075,5795 2030,5792 1188,5795"/>
               <Baseline points="1194,5815 1238,5815 1283,5815 1328,5815 1373,5815 1418,5815 1462,5815 1507,5818 1552,5818 1597,5818 1641,5818 1686,5818 1731,5818 1776,5815 1821,5818 1865,5818 1910,5818 1955,5818 2000,5818 2045,5818 2077,5818"/>
               <TextEquiv>
                  <Unicode>milden Abendstunde, und sah hinter weit offenen Fen¬</Unicode>
               </TextEquiv>
            </TextLine>
            <TextLine id="r_3_tl_40" custom="readingOrder {index:39;}">
               <Coords points="1175,5862 2109,5866 2109,5833 2009,5820 1175,5832"/>
               <Baseline points="1181,5849 1194,5848 1238,5848 1283,5851 1328,5848 1373,5851 1418,5848 1462,5848 1507,5851 1552,5851 1597,5851 1641,5851 1686,5851 1731,5851 1776,5851 1821,5851 1865,5851 1910,5851 1955,5854 2000,5854 2045,5851 2083,5851 2111,5847"/>
               <TextEquiv>
                  <Unicode>stern eine Klasse kleiner Klosterschülerinnen. Dann</Unicode>
               </TextEquiv>
            </TextLine>
            <TextLine id="r_3_tl_41" custom="readingOrder {index:40;}">
               <Coords points="1175,5898 2080,5893 2080,5866 1994,5854 1175,5849"/>
               <Baseline points="1181,5885 1194,5884 1238,5881 1283,5881 1328,5881 1373,5884 1418,5884 1462,5884 1507,5884 1552,5887 1597,5887 1641,5887 1686,5887 1731,5887 1776,5887 1821,5887 1865,5887 1910,5887 1955,5884 2000,5887 2045,5884 2083,5884"/>
               <TextEquiv>
                  <Unicode>führte mich die in Weiß gekleidete Oberin der Fran¬</Unicode>
               </TextEquiv>
            </TextLine>
            <TextLine id="r_3_tl_42" custom="readingOrder {index:41;}">
               <Coords points="1175,5934 2109,5922 2069,5892 1175,5899"/>
               <Baseline points="1181,5920 1185,5920 1194,5920 1238,5917 1283,5917 1328,5917 1373,5917 1418,5917 1462,5917 1507,5920 1552,5920 1597,5920 1641,5920 1686,5920 1731,5920 1776,5920 1821,5920 1865,5920 1910,5920 1955,5920 2000,5920 2045,5920 2089,5923 2092,5923 2111,5917"/>
               <TextEquiv>
                  <Unicode>ziskanerinnen von Santa Clara in ihre Kirche, die</Unicode>
               </TextEquiv>
            </TextLine>
            <TextLine id="r_3_tl_43" custom="readingOrder {index:42;}">
               <Coords points="1175,5959 2087,5969 2108,5921 1174,5938"/>
               <Baseline points="1181,5954 1194,5952 1238,5949 1283,5952 1328,5952 1373,5952 1418,5952 1462,5952 1507,5952 1552,5952 1597,5952 1641,5955 1686,5955 1731,5955 1776,5955 1821,5955 1865,5955 1910,5955 1955,5955 2000,5952 2045,5952 2086,5958 2111,5950"/>
               <TextEquiv>
                  <Unicode>Goncalves Zarco selbst als zweite Kirche auf Madeira</Unicode>
               </TextEquiv>
            </TextLine>
            <TextLine id="r_3_tl_44" custom="readingOrder {index:43;}">
               <Coords points="1175,5992 2109,6008 2073,5962 1175,5954"/>
               <Baseline points="1181,5987 1194,5985 1238,5988 1283,5985 1328,5985 1373,5985 1418,5985 1462,5988 1507,5988 1552,5988 1597,5988 1641,5988 1686,5988 1731,5988 1776,5988 1821,5988 1865,5988 1910,5988 1955,5988 2000,5988 2045,5988 2089,5991 2092,5991 2111,5985"/>
               <TextEquiv>
                  <Unicode>im Jahre 1492 gegründet hat, und wo er unter in</Unicode>
               </TextEquiv>
            </TextLine>
            <TextLine id="r_3_tl_45" custom="readingOrder {index:44;}">
               <Coords points="1176,6029 2110,6048 2109,6008 1175,5995"/>
               <Baseline points="1181,6022 1194,6018 1238,6021 1283,6021 1328,6021 1373,6021 1418,6021 1462,6021 1507,6021 1552,6021 1597,6021 1641,6021 1686,6021 1731,6024 1776,6021 1821,6021 1865,6021 1910,6021 1955,6021 2000,6021 2045,6021 2089,6024 2098,6024 2111,6019"/>
               <TextEquiv>
                  <Unicode>Stein gemeißelten Tieren und Inschriften begraben</Unicode>
               </TextEquiv>
            </TextLine>
            <TextLine id="r_3_tl_46" custom="readingOrder {index:45;}">
               <Coords points="1175,6064 2109,6055 2037,6029 1175,6024"/>
               <Baseline points="1181,6058 1188,6057 1232,6057 1277,6057 1322,6057 1367,6054 1412,6054 1456,6054 1501,6054 1546,6054 1591,6054 1636,6057 1680,6057 1725,6057 1770,6057 1815,6057 1859,6057 1904,6057 1949,6057 1994,6057 2039,6057 2083,6057 2092,6057 2111,6053"/>
               <TextEquiv>
                  <Unicode>liegt. Im Garten des Klosters, wo die alten Gemäuer</Unicode>
               </TextEquiv>
            </TextLine>
            <TextLine id="r_3_tl_47" custom="readingOrder {index:46;}">
               <Coords points="1175,6093 2083,6100 2076,6064 1175,6064"/>
               <Baseline points="1181,6090 1182,6090 1227,6087 1271,6090 1316,6090 1361,6090 1406,6090 1450,6090 1495,6087 1540,6090 1585,6090 1630,6090 1674,6090 1719,6090 1764,6093 1809,6093 1853,6090 1898,6090 1943,6090 1988,6090 2033,6090 2077,6090 2086,6090"/>
               <TextEquiv>
                  <Unicode>unter Heckenrosen verschwanden, fragten mich die</Unicode>
               </TextEquiv>
            </TextLine>
            <TextLine id="r_3_tl_48" custom="readingOrder {index:47;}">
               <Coords points="1175,6135 2109,6136 2109,6099 2040,6089 1935,6115 1175,6100"/>
               <Baseline points="1181,6126 1206,6126 1250,6126 1295,6126 1340,6126 1385,6126 1430,6126 1474,6126 1519,6126 1564,6126 1609,6126 1653,6126 1698,6126 1743,6126 1788,6129 1833,6126 1877,6129 1922,6129 1967,6129 2012,6129 2056,6129 2101,6129 2111,6129"/>
               <TextEquiv>
                  <Unicode>Schwestern nach dem Verlauf des Krieges. Ich sah,</Unicode>
               </TextEquiv>
            </TextLine>
            <TextEquiv>
               <Unicode/>
            </TextEquiv>
         </TextRegion>
         <TextRegion id="r" custom="readingOrder {index:2;}">
            <Coords points="2111,4451 3051,4451 3051,6182 2111,6182"/>
            <TextLine id="r_tl_1" custom="readingOrder {index:0;}">
               <Coords points="2104,4519 3012,4523 3012,4480 2969,4474 2104,4471"/>
               <Baseline points="2111,4504 2128,4504 2173,4504 2218,4504 2262,4504 2307,4504 2352,4504 2397,4504 2442,4504 2486,4504 2531,4504 2576,4504 2621,4507 2665,4507 2710,4507 2755,4507 2800,4507 2845,4507 2889,4507 2934,4507 2979,4507 3015,4507"/>
               <TextEquiv>
                  <Unicode>während sie mir zuhörten, auf ihren freundlichen Ge¬</Unicode>
               </TextEquiv>
            </TextLine>
            <TextLine id="r_tl_2" custom="readingOrder {index:1;}">
               <Coords points="2122,4547 3012,4552 2961,4512 2122,4511"/>
               <Baseline points="2128,4537 2173,4537 2218,4537 2262,4537 2307,4537 2352,4537 2397,4537 2442,4540 2486,4540 2531,4540 2576,4540 2621,4540 2665,4540 2710,4540 2755,4540 2800,4540 2845,4540 2889,4540 2934,4543 2979,4543 3015,4546"/>
               <TextEquiv>
                  <Unicode>sichtern und im schönen, hellen Blick der Oberin einen</Unicode>
               </TextEquiv>
            </TextLine>
            <TextLine id="r_tl_3" custom="readingOrder {index:2;}">
               <Coords points="2104,4597 2240,4572 3015,4592 3015,4552 2931,4546 2104,4552"/>
               <Baseline points="2111,4573 2119,4573 2164,4570 2209,4570 2253,4573 2298,4573 2343,4573 2388,4573 2433,4573 2477,4573 2522,4573 2567,4573 2612,4573 2657,4573 2701,4576 2746,4576 2791,4576 2836,4576 2880,4576 2925,4576 2970,4576 3015,4579 3018,4579"/>
               <TextEquiv>
                  <Unicode>solchen Frieden, eine so beinahe heitere Versöhnthei¬</Unicode>
               </TextEquiv>
            </TextLine>
            <TextLine id="r_tl_4" custom="readingOrder {index:3;}">
               <Coords points="2104,4613 3041,4629 3046,4592 2103,4597"/>
               <Baseline points="2111,4604 2119,4603 2164,4606 2209,4606 2253,4606 2298,4606 2343,4606 2388,4606 2433,4609 2477,4609 2522,4609 2567,4609 2612,4609 2657,4609 2701,4612 2746,4612 2791,4612 2836,4612 2880,4609 2925,4612 2970,4612 3015,4615 3024,4615 3051,4628"/>
               <TextEquiv>
                  <Unicode>mit diesem Leben, dessen Gesetze sie offenbar besser</Unicode>
               </TextEquiv>
            </TextLine>
            <TextLine id="r_tl_5" custom="readingOrder {index:4;}">
               <Coords points="2104,4652 3048,4665 3023,4620 2104,4613"/>
               <Baseline points="2111,4640 2119,4639 2164,4639 2209,4639 2253,4639 2298,4639 2343,4642 2388,4639 2433,4642 2477,4642 2522,4642 2567,4642 2612,4642 2657,4642 2701,4642 2746,4645 2791,4645 2836,4645 2880,4645 2925,4645 2970,4645 3015,4648 3018,4648 3051,4664"/>
               <TextEquiv>
                  <Unicode>durchschauten als ich, daß mir beklommen zumute</Unicode>
               </TextEquiv>
            </TextLine>
            <TextLine id="r_tl_6" custom="readingOrder {index:5;}">
               <Coords points="2104,4685 3022,4691 3005,4652 2104,4652"/>
               <Baseline points="2111,4674 2119,4672 2164,4672 2209,4675 2253,4675 2298,4675 2343,4675 2388,4675 2433,4675 2477,4675 2522,4675 2567,4675 2612,4675 2657,4678 2701,4678 2746,4678 2791,4678 2836,4678 2880,4678 2925,4678 2970,4678 3015,4681 3024,4681"/>
               <TextEquiv>
                  <Unicode>wurde: ich hörte jetzt die Abendglocken schwingen, die</Unicode>
               </TextEquiv>
            </TextLine>
            <TextLine id="r_tl_7" custom="readingOrder {index:6;}">
               <Coords points="2122,4713 3049,4732 3048,4690 2965,4680 2803,4705 2122,4681"/>
               <Baseline points="2128,4708 2173,4708 2218,4708 2262,4708 2307,4708 2352,4710 2397,4710 2442,4710 2486,4710 2531,4710 2576,4710 2621,4710 2665,4710 2710,4710 2755,4710 2800,4713 2845,4713 2889,4713 2934,4713 2979,4713 3021,4713 3051,4705"/>
               <TextEquiv>
                  <Unicode>Blütenbüsche bewegten sich in leichtem, erfrischendem</Unicode>
               </TextEquiv>
            </TextLine>
            <TextLine id="r_tl_8" custom="readingOrder {index:7;}">
               <Coords points="2118,4752 3048,4758 3031,4716 2118,4717"/>
               <Baseline points="2125,4743 2170,4743 2215,4743 2259,4743 2304,4743 2349,4743 2394,4743 2439,4743 2483,4743 2528,4743 2573,4743 2618,4743 2662,4746 2707,4746 2752,4746 2797,4746 2842,4746 2886,4746 2931,4746 2976,4746 3021,4749 3024,4749 3051,4742"/>
               <TextEquiv>
                  <Unicode>Wind, die Schwestern entließen ihre im Garten noch</Unicode>
               </TextEquiv>
            </TextLine>
            <TextLine id="r_tl_9" custom="readingOrder {index:8;}">
               <Coords points="2104,4789 3048,4790 2951,4752 2104,4751"/>
               <Baseline points="2111,4779 2119,4779 2164,4776 2209,4776 2253,4776 2298,4776 2343,4776 2388,4776 2433,4776 2477,4776 2522,4776 2567,4779 2612,4779 2657,4779 2701,4779 2746,4779 2791,4779 2836,4782 2880,4779 2925,4779 2970,4779 3015,4782 3033,4782 3048,4779 3051,4779"/>
               <TextEquiv>
                  <Unicode>spielenden Schülerinnen und schickten sich zum Gebet</Unicode>
               </TextEquiv>
            </TextLine>
            <TextLine id="r_tl_10" custom="readingOrder {index:9;}">
               <Coords points="2104,4812 3048,4820 3014,4786 2104,4790"/>
               <Baseline points="2111,4811 2122,4809 2167,4812 2212,4812 2256,4812 2301,4812 2346,4812 2391,4812 2436,4812 2480,4812 2525,4812 2570,4815 2615,4815 2660,4812 2704,4815 2749,4815 2794,4815 2839,4815 2883,4815 2928,4815 2973,4815 3018,4818 3027,4818 3045,4812 3051,4812"/>
               <TextEquiv>
                  <Unicode>an, und ich wäre gerne dageblieben, um zu lernen, wie</Unicode>
               </TextEquiv>
            </TextLine>
            <TextLine id="r_tl_11" custom="readingOrder {index:10;}">
               <Coords points="2104,4852 3048,4859 3048,4812 2104,4833"/>
               <Baseline points="2111,4844 2119,4842 2164,4845 2209,4845 2253,4845 2298,4845 2343,4845 2388,4845 2433,4845 2477,4845 2522,4845 2567,4848 2612,4848 2657,4848 2701,4848 2746,4848 2791,4848 2836,4848 2880,4848 2925,4848 2970,4848 3015,4851 3027,4854 3051,4852"/>
               <TextEquiv>
                  <Unicode>man lebt, fern von Europa, von unserer unter Alb¬</Unicode>
               </TextEquiv>
            </TextLine>
            <TextLine id="r_tl_12" custom="readingOrder {index:11;}">
               <Coords points="2104,4887 2947,4894 2947,4863 2825,4849 2104,4866"/>
               <Baseline points="2111,4882 2119,4881 2164,4878 2209,4881 2253,4878 2298,4881 2343,4881 2388,4881 2433,4881 2477,4881 2522,4881 2567,4881 2612,4881 2657,4881 2701,4884 2746,4881 2791,4881 2836,4881 2880,4884 2925,4884 2949,4884"/>
               <TextEquiv>
                  <Unicode>druck und fürchterlichen Aengsten leidenden Welt.\:p\</Unicode>
               </TextEquiv>
            </TextLine>
            <TextLine id="r_tl_13" custom="readingOrder {index:12;}">
               <Coords points="2163,4925 3048,4926 3048,4858 2863,4903 2163,4893"/>
               <Baseline points="2170,4919 2215,4913 2259,4913 2304,4913 2349,4916 2394,4913 2439,4913 2483,4916 2528,4913 2573,4916 2618,4916 2662,4916 2707,4916 2752,4916 2797,4916 2842,4916 2886,4916 2931,4916 2976,4916 3021,4919 3024,4919 3051,4919"/>
               <TextEquiv>
                  <Unicode>\p\Als ich in später Nacht wieder auf dem Dampfer</Unicode>
               </TextEquiv>
            </TextLine>
            <TextLine id="r_tl_14" custom="readingOrder {index:13;}">
               <Coords points="2104,4960 3048,4958 2974,4921 2104,4937"/>
               <Baseline points="2111,4951 2125,4949 2170,4949 2215,4949 2259,4949 2304,4949 2349,4949 2394,4949 2439,4952 2483,4949 2528,4952 2573,4949 2618,4952 2662,4952 2707,4952 2752,4952 2797,4952 2842,4952 2886,4952 2931,4952 2976,4952 3015,4952 3051,4955"/>
               <TextEquiv>
                  <Unicode>war, kreuzten tief unten auf dem schwarzen Wasser</Unicode>
               </TextEquiv>
            </TextLine>
            <TextLine id="r_tl_15" custom="readingOrder {index:14;}">
               <Coords points="2122,4990 3048,5000 3011,4960 2122,4957"/>
               <Baseline points="2128,4985 2173,4982 2218,4982 2262,4982 2307,4985 2352,4985 2397,4985 2442,4985 2486,4985 2531,4985 2576,4985 2621,4985 2665,4985 2710,4985 2755,4985 2800,4985 2845,4985 2889,4985 2934,4985 2979,4988 3024,4991 3051,4991"/>
               <TextEquiv>
                  <Unicode>drei Boote, in jedem ein Ruderer, und ein nackter,</Unicode>
               </TextEquiv>
            </TextLine>
            <TextLine id="r_tl_16" custom="readingOrder {index:15;}">
               <Coords points="2104,5023 3048,5052 3048,5003 2103,4977"/>
               <Baseline points="2111,5018 2119,5018 2164,5018 2209,5018 2253,5018 2298,5018 2343,5015 2388,5018 2433,5018 2477,5018 2522,5018 2567,5018 2612,5021 2657,5021 2701,5021 2746,5021 2791,5021 2836,5021 2880,5021 2925,5021 2970,5021 3015,5024 3018,5024 3045,5027 3051,5027"/>
               <TextEquiv>
                  <Unicode>kräftiger, gebräunter Knabe, dessen glatter Körper</Unicode>
               </TextEquiv>
            </TextLine>
            <TextLine id="r_tl_17" custom="readingOrder {index:16;}">
               <Coords points="2104,5061 3048,5060 2994,5026 2104,5034"/>
               <Baseline points="2111,5052 2119,5051 2164,5051 2209,5051 2253,5051 2298,5051 2343,5051 2388,5051 2433,5051 2477,5051 2522,5054 2567,5054 2612,5054 2657,5054 2701,5054 2746,5054 2791,5054 2836,5054 2880,5054 2925,5054 2970,5054 3015,5057 3024,5057 3051,5063"/>
               <TextEquiv>
                  <Unicode>von einer Fackel beleuchtet wurde, und wie zur Schau</Unicode>
               </TextEquiv>
            </TextLine>
            <TextLine id="r_tl_18" custom="readingOrder {index:17;}">
               <Coords points="2104,5097 3048,5114 3048,5060 2104,5072"/>
               <Baseline points="2111,5090 2128,5090 2173,5084 2218,5084 2262,5084 2307,5084 2352,5084 2397,5084 2442,5084 2486,5087 2531,5087 2576,5087 2621,5087 2665,5087 2710,5087 2755,5090 2800,5087 2845,5087 2889,5090 2934,5087 2979,5090 3018,5090 3051,5099"/>
               <TextEquiv>
                  <Unicode>gestellt und dekoriert durch einen am Heck des Bootes</Unicode>
               </TextEquiv>
            </TextLine>
            <TextLine id="r_tl_19" custom="readingOrder {index:18;}">
               <Coords points="2104,5123 2983,5127 3048,5157 3048,5108 2899,5088 2104,5096"/>
               <Baseline points="2111,5120 2119,5119 2164,5119 2209,5119 2253,5117 2298,5119 2343,5119 2388,5119 2433,5119 2477,5119 2522,5122 2567,5122 2612,5119 2657,5119 2701,5122 2746,5122 2791,5122 2836,5122 2880,5122 2925,5122 2970,5122 3015,5128 3021,5128 3051,5133"/>
               <TextEquiv>
                  <Unicode>befestigten Blumenstrauß. Sie warteten darauf, daß</Unicode>
               </TextEquiv>
            </TextLine>
            <TextLine id="r_tl_20" custom="readingOrder {index:19;}">
               <Coords points="2104,5156 3048,5186 2983,5127 2104,5121"/>
               <Baseline points="2111,5153 2119,5152 2164,5155 2209,5155 2253,5152 2298,5152 2343,5155 2388,5155 2433,5155 2477,5155 2522,5155 2567,5155 2612,5155 2657,5155 2701,5155 2746,5155 2791,5155 2836,5155 2880,5155 2925,5155 2970,5158 3015,5161 3018,5158 3045,5170 3051,5170"/>
               <TextEquiv>
                  <Unicode>die Passagiere ihnen einen Escudo herabwürfen, die,</Unicode>
               </TextEquiv>
            </TextLine>
            <TextLine id="r_tl_21" custom="readingOrder {index:20;}">
               <Coords points="2118,5197 3048,5212 3005,5165 2118,5163"/>
               <Baseline points="2125,5188 2170,5188 2215,5188 2259,5188 2304,5188 2349,5188 2394,5188 2439,5188 2483,5188 2528,5188 2573,5188 2618,5188 2662,5188 2707,5191 2752,5191 2797,5191 2842,5191 2886,5191 2931,5191 2976,5191 3018,5194 3051,5206"/>
               <TextEquiv>
                  <Unicode>Ruderer priesen ihre Taucherknaben an, die schweigend</Unicode>
               </TextEquiv>
            </TextLine>
            <TextLine id="r_tl_22" custom="readingOrder {index:21;}">
               <Coords points="2104,5228 3030,5246 3048,5212 2103,5203"/>
               <Baseline points="2111,5224 2125,5224 2170,5224 2215,5224 2259,5224 2304,5224 2349,5224 2394,5224 2439,5224 2483,5224 2528,5224 2573,5224 2618,5224 2662,5224 2707,5227 2752,5227 2797,5227 2842,5227 2886,5227 2931,5227 2976,5227 3015,5227 3051,5245"/>
               <TextEquiv>
                  <Unicode>dasaßen. Dann sprangen vom höchsten Deck des Damp¬</Unicode>
               </TextEquiv>
            </TextLine>
            <TextLine id="r_tl_23" custom="readingOrder {index:22;}">
               <Coords points="2104,5263 3015,5266 3015,5233 2104,5227"/>
               <Baseline points="2111,5260 2125,5260 2170,5257 2215,5257 2259,5257 2304,5257 2349,5257 2394,5257 2439,5260 2483,5257 2528,5260 2573,5260 2618,5260 2662,5263 2707,5260 2752,5260 2797,5260 2842,5260 2886,5260 2931,5263 2976,5263 3018,5266"/>
               <TextEquiv>
                  <Unicode>fers andere Knaben ins Wasser, wurden in die Boote</Unicode>
               </TextEquiv>
            </TextLine>
            <TextLine id="r_tl_24" custom="readingOrder {index:23;}">
               <Coords points="2118,5301 3048,5308 3037,5265 2118,5271"/>
               <Baseline points="2125,5293 2170,5293 2215,5293 2259,5293 2304,5293 2349,5293 2394,5293 2439,5293 2483,5293 2528,5293 2573,5293 2618,5293 2662,5293 2707,5293 2752,5293 2797,5293 2842,5293 2886,5293 2931,5293 2976,5296 3015,5293 3045,5275 3051,5275"/>
               <TextEquiv>
                  <Unicode>gezogen, von ihren Freunden mit Handtüchern troc¬</Unicode>
               </TextEquiv>
            </TextLine>
            <TextLine id="r_tl_25" custom="readingOrder {index:24;}">
               <Coords points="2124,5334 3048,5339 2935,5295 2124,5303"/>
               <Baseline points="2131,5325 2176,5325 2221,5325 2265,5325 2310,5325 2355,5322 2400,5325 2445,5325 2489,5325 2534,5328 2579,5328 2624,5328 2668,5328 2713,5328 2758,5328 2803,5328 2848,5328 2892,5328 2937,5328 2982,5328 3018,5331 3051,5346"/>
               <TextEquiv>
                  <Unicode>kengerieben, — und die kleine Flotte glitt im roten</Unicode>
               </TextEquiv>
            </TextLine>
            <TextLine id="r_tl_26" custom="readingOrder {index:25;}">
               <Coords points="2104,5377 3048,5374 3048,5344 2925,5327 2104,5337"/>
               <Baseline points="2111,5364 2125,5361 2170,5358 2215,5358 2259,5358 2304,5358 2349,5361 2394,5361 2439,5361 2483,5361 2528,5361 2573,5361 2618,5361 2662,5361 2707,5364 2752,5364 2797,5364 2842,5361 2886,5364 2931,5364 2976,5364 3021,5367 3024,5367 3051,5382"/>
               <TextEquiv>
                  <Unicode>Schein ihrer Fackeln dem Hafen zu. Dort lag der</Unicode>
               </TextEquiv>
            </TextLine>
            <TextLine id="r_tl_27" custom="readingOrder {index:26;}">
               <Coords points="2124,5400 3048,5417 3006,5370 2124,5370"/>
               <Baseline points="2131,5394 2176,5394 2221,5394 2265,5394 2310,5394 2355,5394 2400,5394 2445,5394 2489,5394 2534,5397 2579,5397 2624,5397 2668,5397 2713,5397 2758,5397 2803,5397 2848,5397 2892,5397 2937,5397 2982,5400 3018,5400 3051,5421"/>
               <TextEquiv>
                  <Unicode>Quai von Funchal mit seinen weißen Häusern und</Unicode>
               </TextEquiv>
            </TextLine>
            <TextLine id="r_tl_28" custom="readingOrder {index:27;}">
               <Coords points="2104,5443 3012,5440 3012,5412 2917,5404 2104,5405"/>
               <Baseline points="2111,5431 2119,5430 2164,5427 2209,5427 2253,5427 2298,5427 2343,5430 2388,5430 2433,5430 2477,5430 2522,5430 2567,5430 2612,5430 2657,5430 2701,5430 2746,5430 2791,5430 2836,5430 2880,5430 2925,5433 2970,5433 3015,5433"/>
               <TextEquiv>
                  <Unicode>dem Turm seiner Kathedrale erleuchtet wie auf einer</Unicode>
               </TextEquiv>
            </TextLine>
            <TextLine id="r_tl_29" custom="readingOrder {index:28;}">
               <Coords points="2104,5478 3009,5477 3009,5445 2956,5437 2104,5443"/>
               <Baseline points="2111,5467 2125,5466 2170,5463 2215,5466 2259,5466 2304,5463 2349,5466 2394,5466 2439,5466 2483,5466 2528,5466 2573,5466 2618,5466 2662,5466 2707,5466 2752,5466 2797,5466 2842,5469 2886,5469 2931,5469 2976,5469 3012,5469"/>
               <TextEquiv>
                  <Unicode>Bühne. Dahinter waren die Hügel wie ein Sternhim¬</Unicode>
               </TextEquiv>
            </TextLine>
            <TextLine id="r_tl_30" custom="readingOrder {index:29;}">
               <Coords points="2118,5505 3048,5501 2997,5475 2118,5474"/>
               <Baseline points="2125,5499 2170,5499 2215,5499 2259,5499 2304,5499 2349,5499 2394,5499 2439,5499 2483,5499 2528,5499 2573,5502 2618,5502 2662,5499 2707,5502 2752,5502 2797,5502 2842,5502 2886,5502 2931,5502 2976,5502 3021,5505 3024,5505 3048,5493 3051,5492"/>
               <TextEquiv>
                  <Unicode>mel von Lichtern übersät. Und man sah, an den</Unicode>
               </TextEquiv>
            </TextLine>
            <TextLine id="r_tl_31" custom="readingOrder {index:30;}">
               <Coords points="2105,5541 3048,5565 3008,5513 2884,5501 2104,5510"/>
               <Baseline points="2111,5535 2119,5531 2164,5531 2209,5531 2253,5531 2298,5531 2343,5531 2388,5531 2433,5531 2477,5531 2522,5534 2567,5534 2612,5534 2657,5534 2701,5534 2746,5534 2791,5534 2836,5534 2880,5534 2925,5534 2970,5537 3012,5537 3045,5561 3051,5561"/>
               <TextEquiv>
                  <Unicode>äußersten Rändern der Stadt in sanft ausschwingen¬</Unicode>
               </TextEquiv>
            </TextLine>
            <TextLine id="r_tl_32" custom="readingOrder {index:31;}">
               <Coords points="2104,5575 3048,5591 3001,5545 2104,5540"/>
               <Baseline points="2111,5569 2119,5567 2164,5567 2209,5567 2253,5564 2298,5564 2343,5567 2388,5567 2433,5567 2477,5567 2522,5567 2567,5567 2612,5567 2657,5567 2701,5567 2746,5567 2791,5570 2836,5570 2880,5570 2925,5570 2970,5570 3015,5570 3018,5570 3051,5597"/>
               <TextEquiv>
                  <Unicode>den Kurven, in der Mitte gerade und steil ansteigend,</Unicode>
               </TextEquiv>
            </TextLine>
            <TextLine id="r_tl_33" custom="readingOrder {index:32;}">
               <Coords points="2114,5610 2931,5619 3015,5611 3014,5578 2113,5581"/>
               <Baseline points="2119,5600 2164,5600 2209,5600 2253,5600 2298,5600 2343,5600 2388,5600 2433,5600 2477,5600 2522,5600 2567,5600 2612,5603 2657,5600 2701,5603 2746,5603 2791,5603 2836,5603 2880,5603 2925,5603 2970,5603 3015,5603 3018,5603"/>
               <TextEquiv>
                  <Unicode>ganz zuletzt dann spiralförmig sich emporwindend, die</Unicode>
               </TextEquiv>
            </TextLine>
            <TextLine id="r_tl_34" custom="readingOrder {index:33;}">
               <Coords points="2104,5639 3048,5664 3048,5607 2104,5618"/>
               <Baseline points="2111,5632 2119,5636 2164,5636 2209,5636 2253,5633 2298,5633 2343,5633 2388,5633 2433,5636 2477,5636 2522,5636 2567,5636 2612,5636 2657,5636 2701,5636 2746,5636 2791,5636 2836,5636 2880,5636 2925,5639 2970,5636 3015,5639 3024,5639 3048,5636 3051,5636"/>
               <TextEquiv>
                  <Unicode>Wege, durch Lichterreihen bezeichnet, die aus Funchal</Unicode>
               </TextEquiv>
            </TextLine>
            <TextLine id="r_tl_35" custom="readingOrder {index:34;}">
               <Coords points="2124,5681 3049,5695 3048,5652 3006,5645 2124,5647"/>
               <Baseline points="2131,5672 2176,5672 2221,5669 2265,5669 2310,5669 2355,5669 2400,5672 2445,5672 2489,5672 2534,5672 2579,5672 2624,5672 2668,5672 2713,5672 2758,5672 2803,5672 2848,5675 2892,5672 2937,5672 2982,5675 3015,5675 3051,5669"/>
               <TextEquiv>
                  <Unicode>zu den Hügeln hinaufführen. Hoch oben brachen sie</Unicode>
               </TextEquiv>
            </TextLine>
            <TextLine id="r_tl_36" custom="readingOrder {index:35;}">
               <Coords points="2118,5714 3048,5714 2978,5680 2118,5681"/>
               <Baseline points="2125,5705 2170,5705 2215,5705 2259,5705 2304,5705 2349,5705 2394,5705 2439,5705 2483,5705 2528,5705 2573,5705 2618,5705 2662,5708 2707,5708 2752,5708 2797,5708 2842,5711 2886,5708 2931,5708 2976,5708 3021,5711 3027,5714 3051,5705"/>
               <TextEquiv>
                  <Unicode>plötzlich ab, sie waren dort zu Ende, wo offenbar die</Unicode>
               </TextEquiv>
            </TextLine>
            <TextLine id="r_tl_37" custom="readingOrder {index:36;}">
               <Coords points="2118,5750 3025,5759 3048,5733 2117,5714"/>
               <Baseline points="2125,5740 2170,5740 2215,5737 2259,5737 2304,5737 2349,5737 2394,5737 2439,5740 2483,5740 2528,5740 2573,5740 2618,5740 2662,5740 2707,5740 2752,5740 2797,5740 2842,5740 2886,5740 2931,5740 2976,5743 3021,5746 3024,5746 3051,5740"/>
               <TextEquiv>
                  <Unicode>Welt zu Ende war, und diese ins Dunkel weisenden</Unicode>
               </TextEquiv>
            </TextLine>
            <TextLine id="r_tl_38" custom="readingOrder {index:37;}">
               <Coords points="2122,5784 3048,5800 3048,5758 2985,5747 2122,5748"/>
               <Baseline points="2128,5776 2173,5773 2218,5773 2262,5773 2307,5770 2352,5770 2397,5773 2442,5773 2486,5773 2531,5776 2576,5776 2621,5773 2665,5773 2710,5776 2755,5773 2800,5773 2845,5776 2889,5776 2934,5776 2979,5776 3021,5779 3051,5773"/>
               <TextEquiv>
                  <Unicode>Straßen schienen dazu einzuladen, ihnen zu folgen,</Unicode>
               </TextEquiv>
            </TextLine>
            <TextLine id="r_tl_39" custom="readingOrder {index:38;}">
               <Coords points="2104,5813 3049,5821 2988,5781 2104,5778"/>
               <Baseline points="2111,5801 2119,5806 2164,5806 2209,5806 2253,5806 2298,5809 2343,5806 2388,5806 2433,5809 2477,5809 2522,5812 2567,5812 2612,5812 2657,5812 2701,5812 2746,5812 2791,5812 2836,5812 2880,5812 2925,5812 2970,5812 3015,5815 3051,5812"/>
               <TextEquiv>
                  <Unicode>über jenen Rand hinaus, ganz gleich welches gewaltige</Unicode>
               </TextEquiv>
            </TextLine>
            <TextLine id="r_tl_40" custom="readingOrder {index:39;}">
               <Coords points="2104,5854 2677,5857 2677,5840 2603,5820 2104,5825"/>
               <Baseline points="2111,5847 2125,5845 2170,5842 2215,5842 2259,5842 2304,5842 2349,5842 2394,5842 2439,5845 2483,5845 2528,5845 2573,5845 2618,5848 2662,5851 2680,5848"/>
               <TextEquiv>
                  <Unicode>Nichts dann sich öffnen werde ...\:p\</Unicode>
               </TextEquiv>
            </TextLine>
            <TextLine id="r_tl_41" custom="readingOrder {index:40;}">
               <Coords points="2163,5887 3048,5893 3048,5852 2976,5840 2163,5857"/>
               <Baseline points="2170,5881 2215,5878 2259,5875 2304,5878 2349,5875 2394,5878 2439,5878 2483,5878 2528,5878 2573,5878 2618,5878 2662,5881 2707,5878 2752,5878 2797,5881 2842,5881 2886,5881 2931,5881 2976,5881 3021,5887 3024,5887 3045,5884 3051,5884"/>
               <TextEquiv>
                  <Unicode>\p\Ich hing an diesem nächtlichen Bild von Funchal,</Unicode>
               </TextEquiv>
            </TextLine>
            <TextLine id="r_tl_42" custom="readingOrder {index:41;}">
               <Coords points="2104,5918 3048,5929 3046,5894 2981,5888 2103,5892"/>
               <Baseline points="2111,5917 2122,5914 2167,5911 2212,5911 2256,5911 2301,5911 2346,5911 2391,5911 2436,5911 2480,5914 2525,5911 2570,5914 2615,5914 2660,5914 2704,5914 2749,5914 2794,5914 2839,5917 2883,5914 2928,5914 2973,5917 3009,5920 3051,5926"/>
               <TextEquiv>
                  <Unicode>das sich bald, in der ersten Morgenstunde, wieder be¬</Unicode>
               </TextEquiv>
            </TextLine>
            <TextLine id="r_tl_43" custom="readingOrder {index:42;}">
               <Coords points="2105,5965 3016,5962 3015,5929 2936,5921 2104,5919"/>
               <Baseline points="2111,5950 2119,5946 2164,5946 2209,5949 2253,5946 2298,5946 2343,5946 2388,5946 2433,5946 2477,5946 2522,5949 2567,5949 2612,5949 2657,5949 2701,5949 2746,5949 2791,5949 2836,5949 2880,5952 2925,5952 2970,5949 3015,5955 3018,5955"/>
               <TextEquiv>
                  <Unicode>leben und füllen mußte mit so viel Sonne, Atem,</Unicode>
               </TextEquiv>
            </TextLine>
            <TextLine id="r_tl_44" custom="readingOrder {index:43;}">
               <Coords points="2104,5992 3016,6001 3016,5964 2909,5953 2104,5964"/>
               <Baseline points="2111,5985 2119,5982 2164,5982 2209,5982 2253,5982 2298,5979 2343,5979 2388,5979 2433,5979 2477,5982 2522,5982 2567,5982 2612,5982 2657,5982 2701,5982 2746,5985 2791,5985 2836,5985 2880,5985 2925,5985 2970,5985 3015,5988 3018,5991"/>
               <TextEquiv>
                  <Unicode>Gesang, Duft von Blumen, Weinen und Früchten,</Unicode>
               </TextEquiv>
            </TextLine>
            <TextLine id="r_tl_45" custom="readingOrder {index:44;}">
               <Coords points="2104,6029 3018,6033 2992,5993 2104,5993"/>
               <Baseline points="2111,6019 2122,6015 2167,6015 2212,6015 2256,6015 2301,6015 2346,6015 2391,6015 2436,6015 2480,6015 2525,6018 2570,6018 2615,6018 2660,6021 2704,6018 2749,6018 2794,6018 2839,6021 2883,6021 2928,6021 2973,6021 3018,6024 3021,6024"/>
               <TextEquiv>
                  <Unicode>dem Tritt seiner Ochsen, den schwingenden Glocken in</Unicode>
               </TextEquiv>
            </TextLine>
            <TextLine id="r_tl_46" custom="readingOrder {index:45;}">
               <Coords points="2104,6062 2164,6074 2248,6060 2277,6073 2295,6059 2356,6074 2388,6060 2483,6068 2474,6027 2316,6035 2238,6024 2198,6035 2142,6022 2104,6034"/>
               <Baseline points="2111,6053 2119,6051 2164,6051 2209,6051 2253,6051 2298,6051 2343,6051 2388,6051 2433,6051 2477,6054 2486,6054"/>
               <TextEquiv>
                  <Unicode>allen seinen Türmen!\:p\</Unicode>
               </TextEquiv>
            </TextLine>
            <TextLine id="r_tl_47" custom="readingOrder {index:46;}">
               <Coords points="2161,6101 3026,6116 3010,6052 2862,6080 2161,6073"/>
               <Baseline points="2167,6093 2212,6090 2256,6093 2301,6090 2346,6090 2391,6093 2436,6093 2480,6093 2525,6093 2570,6093 2615,6093 2660,6093 2704,6096 2749,6096 2794,6096 2839,6096 2883,6096 2928,6096 2973,6096 3018,6099 3030,6099"/>
               <TextEquiv>
                  <Unicode>\p\Aber unser Dampfer hatte sich gewendet und glitt</Unicode>
               </TextEquiv>
            </TextLine>
            <TextLine id="r_tl_48" custom="readingOrder {index:47;}">
               <Coords points="2104,6142 3048,6146 3038,6098 2104,6106"/>
               <Baseline points="2111,6129 2146,6129 2191,6129 2236,6126 2280,6129 2325,6126 2370,6126 2415,6129 2459,6129 2504,6129 2549,6129 2594,6129 2639,6129 2683,6132 2728,6132 2773,6132 2818,6132 2863,6132 2907,6132 2952,6132 2997,6132 3042,6132 3051,6132"/>
               <TextEquiv>
                  <Unicode>jetzt unaufhaltsam von Funchal hinweg nach Süden.\:p\</Unicode>
               </TextEquiv>
            </TextLine>
            <TextEquiv>
               <Unicode/>
            </TextEquiv>
         </TextRegion>
      </Page>
   </PcGts>
</validation-wrapper>
