4775 6320
210 3768 886 3898 Annemarie Clark:
290 3943 4303 4208 Von Teheran zum Kaspischen Meer
250 4278 1516 4408 Eine moderne Paßstraße in Iran
2262 4393 3217 4488 Die Ebene der iranischen Hauptstadt Te¬
2252 4478 3222 4548 heran ist zwölfhundert Meter hoch, die Paß¬
2262 4543 3217 4613 höhe von Schulus erreicht über dreitausend,
2262 4603 3217 4674 das Kaspische Meer jenseits davon liegt
2262 4653 3222 4724 dreißig Meter unter dem Meeresspiegel
2247 4719 3242 4784 Das Elbrusgebirge trennt zwei Welten: das
2252 4774 3222 4844 aride, kontinentale, iranische Hochplateau
2252 4839 3222 4899 mit seinem typisch östlichen Gepräge, sei¬
2247 4889 3217 4959 nen Lehmbauten, flachen Dächern, riesigen
2247 4949 3222 5029 Karawanenstraßen, weitausgedehnten Städ-
2242 5014 3217 5064 ten, — und die Kaspische Senke, einen
2242 5064 3217 5124 äußerst fruchtbaren Landstrich mit tropi¬
2242 5119 3217 5189 schem Klima, reichem Pflanzenwuchs, mit
2252 5169 3222 5244 Häusern aus Holz und mit strohgedeckten
2262 5234 3222 5304 Dächern. Früher war die Trennung fast
2262 5294 3232 5359 vollständig: auf zwei langen Straßen, dem
2252 5344 3222 5419 Kasvin-Paß und dem Paß von Firuskuh,
2252 5409 3222 5494 spielte sich ein langsamer Karawanenver¬
2262 5464 3217 5534 kehr ab, das war alles. Gilan und Mazan¬
2267 5519 3237 5589 deran, die reichsten persischen Provinzen,
2262 5574 3232 5639 lagen abseits, an der ganzen kaspischen
2262 5634 3232 5699 Küste gab es einen einzigen Hafen, Enzeli¬
2267 5694 3237 5759 Pehlevi. Das hat sich in den letzten zehn
2272 5749 3242 5809 Jahren geändert. Die Erschließung des Lan¬
2272 5809 3232 5874 des durch neue Verkehrswege gehört zu den
2252 5864 3222 5929 wichtigen Aufgaben der Regierung, die
2267 5924 3237 6010 unter bewundernswertem Aufwand an
3292 4388 4298 4493 Energie und Klugheit das asiatische und
3307 4493 4293 4558 rückständige Persien in einen neuen, tech¬
3297 4548 4298 4613 nisch und kulturell fortschrittlichen Staat
3312 4598 4293 4674 umwandelt: das moderne Iran. Wir haben
3312 4658 4293 4724 schon über den Bau der Transiranischen
3312 4724 4298 4789 Bahn berichtet, jener großzügigen Unter¬
3297 4779 4283 4844 nehmung, die das Kaspische Meer mit dem
3307 4834 4303 4904 Persischen Golf verbinden wird. Die neue
3307 4889 4293 4974 Schalusstraße dient einem verwandten
3292 4944 4298 5019 Zweck. Ohne Rücksicht auf geographische
3312 5009 4298 5069 Schwierigkeiten hat man die kürzeste
3307 5064 4283 5134 Strecke zwischen Teheran und dem Kaspi¬
3307 5119 4288 5179 schen Meer gewählt und eine Paßstraße ge¬
3307 5179 4293 5244 baut, die an technischer Kühnheit und land¬
3317 5239 4288 5304 schaftlicher Schönheit ihresgleichen sucht.
3307 5289 4303 5359 Da die Paßhöhe einen großen Teil des Jah-
3292 5344 4288 5419 res von Schnee bedeckt ist, wird sie durch
3292 5404 4293 5479 einen Tunnel durchstochen, und die Haupt¬
3307 5474 4288 5529 stadt Irans ist jetzt nur noch sechs Auto¬
3317 5519 4288 5589 stunden vom Meer entfernt. Am nördlichen
3307 5584 4283 5644 Ausgangspunkt, wo bereits ein Sommer¬
3307 5644 4293 5709 palast des Schahs und ein modernes Hotel
3307 5694 4293 5759 stehen, wird von holländischen Ingenieu¬
3312 5754 4288 5814 ren der Hafen Deno gebaut, der für den
3312 5799 4298 5874 Handelsverkehr mit der Sowjetrepublik
3307 5864 4303 5964 und für den transrussischen Verkehr mit
3312 5919 4058 6015 Europa gleich wichtig sein wird.
1167 628 1607 673 \f\Schalusstraße\:f\
240 671 816 761 \fp\Die neue Schalusstraße, die
235 756 811 811 in sechs Autostunden die
261 825 822 859 iranische Hauptstadt Tehe¬
255 875 827 912 ran mit dem Kaspischen Meer
263 917 824 951 verbindet: eine technisch
252 965 822 1003 wichtige Tat, die aber auch
252 1016 825 1046 ein außergewöhnliches Er¬
247 1062 815 1095 lebnis vermittelt, denn zwei
249 1115 822 1145 geographisch und kulturell
249 1162 825 1192 völlig verschiedene Land¬
247 1208 829 1238 schaften, das Iranische Hoch¬
259 1254 820 1286 plateau und die tropische
256 1312 822 1342 Kaspische Senke, sind durch
252 1360 820 1390 die neue Straße einander
250 1409 826 1443 zum erstenmal nahegerückt.\:fp\
540 5589 956 5729 \f\Wasserbüffel am Kaspischen Meer\:f\
245 5714 2142 5794 \fp\Wasserbüffel am Kaspischen Meer. Eben befand man sich noch im Iranischen Hochland, wo
264 5804 2159 5839 riesige Schafherden rastlos über riesige Steppenweiden ziehen, und Kamelkarawanen den neuen
267 5855 2161 5888 Lastwagen Konkurrenz machen. Hier unten ist mit einem Schlage alles verändert. Es gibt keine
273 5906 2153 5939 Kamele, dafür begegnet man großen Herden von Wasserbüffeln, die in der feuchten, schweren
273 5960 1335 5990 Mittagshitze in träger Ruhe am Meeresufer stehen ...\:fp\
