3740 5669
183 1256 924 1330 Das amerikanische Bauernland
415 1329 902 1397 A. C.-Sch. New York, im Februar
233 1380 953 1443 \p\Statt mit "Hüh" und "Hott" lenkt der \g\Far¬
183 1430 929 1473 mer\:g\ in \g\Amerika\:g\ seine Pferde mit "Gee" und
186 1466 953 1519 "How". In manchen Getreidegegenden betrachtet
186 1503 953 1549 er es beinahe als eine Schande, beim Pflügen zwei
186 1549 931 1591 Zügel zu verwenden statt eines Leitseils, das er
180 1578 954 1637 am Pflug festbindet, um die Hände zum Führen
183 1617 929 1655 des Pfluges freizuhaben. Aber trotz solcher konser¬
177 1656 926 1705 vativer Gepflogenheiten müssen die amerikanischen
183 1694 929 1740 Farmer sich mit vielen technischen Neuerungen be¬
183 1739 953 1778 freunden, wenn sie nicht durch die Konkurrenz von
180 1770 917 1805 modern arbeitenden Großbetrieben ruiniert wer¬
180 1802 935 1847 den wollen. Der neue Landwirtschaftssekretär
180 1840 929 1882 Wickard, der Nachfolger des jetzigen amerikanischen
186 1879 953 1927 Vizepräsidenten Wallace, wurde als Sohn eines
177 1916 929 1963 Kleinbauern im Staate Indiana geboren. In sei¬
192 1952 929 1991 ner Heimatgemeinde ist die Zahl der Farmerfami¬
177 1990 939 2038 lien seit seiner Schulzeit um etwa die Hälfte zu¬
183 2028 929 2068 rückgegangen. Viele ehemalige Farmer haben ihr
186 2060 953 2109 Land verkauft. Viele Landarbeiter wurden arbeits¬
186 2101 930 2146 los, weil Großbetriebe durch den Ankauf von Ma¬
186 2142 927 2185 schinen Hilfskräfte einsparen konnten. Für die
186 2172 953 2217 nächsten zehn Jahre sagt Wickard voraus, daß die
189 2218 954 2261 Zahl der Traktoren um 30 Prozent zunehmen, das
182 2248 953 2297 heißt auf etwa 500 000 anwachsen werde; dafür
183 2291 929 2330 werde es etwa zweieinhalb Millionen weniger
195 2323 932 2371 Pferde und Maultiere geben und etwa 500 000
183 2356 953 2411 mehr arbeitslose Farmer, Pächter und ländliche
185 2403 360 2458 Hilfskräfte.\:p\
230 2448 932 2491 \p\Die Tendenz zum Großbetrieb ist in der Land¬
183 2483 953 2526 wirtschaft der Vereinigten Staaten so ausgeprägt
183 2525 932 2574 wie in der Industrie. Es gibt immer mehr Gesell¬
185 2563 932 2615 schaften, welche kleine Farmen aufkaufen. Sie bie¬
177 2600 929 2651 ten dann Geschäftsleuten in der Stadt Landbesitz
183 2637 935 2675 als günstige Kapitalsanlage an und verwalten für
186 2671 953 2721 sie den Betrieb auf rationellere Weise, als es der
186 2709 935 2752 individuelle Kleinbauer vermöchte, indem sie sich
192 2747 936 2796 die Kenntnisse von Experten und alle technischen
186 2786 936 2834 Errungenschaften, wie Verwendung von Maschinen,
183 2831 929 2870 Elektrizität, Kunstdünger und[sic]sofort zunutze ma¬
186 2861 935 2901 chen. Im Staat Virginia mit seinem idealen Bau¬
183 2907 953 2940 ernland gab es vor zwanzig Jahren noch 30 000
186 2933 935 2971 mehr Farmer als 1930; aber die übrig gebliebenen
183 2968 943 3019 Farmer produzierten mehr Güter für den Markt
186 3012 923 3060 als alle Virginia-Farmer zusammen es 1920 ver¬
186 3057 932 3091 mocht hatten. In den sogenannten "Mais-Staa¬
186 3081 953 3123 ten" Nebraska, Idaho und Kansas wollten vor zwei
192 3116 953 3162 Jahren 25 000 besitzlose Bauern Farmen kaufen,
192 3156 953 3203 pachten, mieten; sie fanden nirgends etwas. Im
192 3198 953 3242 gleichen Jahr aber wurden in den Vereinigten
192 3234 936 3272 Staaten 23 500 000 Morgen Land mit einer neuen,
189 3269 953 3311 besonders zähen und ertragreichen Maissorte, dem
195 3309 954 3365 "Hybrid Corn", bebaut, gegenüber nur 40 000
192 3345 553 3403 Morgen im Jahre 1933.\:p\
239 3383 938 3442 \p\Auf vielen Baumwollplantagen im Süden ist
189 3439 954 3480 der Bedarf an Arbeitskräften in den letzten zehn
189 3476 933 3521 Jahren um 30 Prozent zurückgegangen, die Pro¬
192 3508 938 3557 duktion jedoch um 40 Prozent gestiegen. Das Zen¬
189 3548 935 3598 trum der Baumwollproduktion rückt immer mehr
189 3594 938 3629 nach Westen, in die Ebenen von Oklahoma, Arkan¬
189 3628 942 3669 sas, das südöstliche Texas, wo auf riesigen Feldern
189 3664 934 3709 Traktoren verwendet werden können. Die Leid¬
192 3695 953 3736 tragenden sind die Staaten des sogenannten "Alten
189 3738 953 3776 Südens", wie Georgia, Alabama, Mississippi, wo
189 3774 953 3816 arme Neger seit der Sklavenbefreiung neben ebenso
192 3808 953 3850 armen Weißen als Pächter kleine Baumwollfelder
189 3843 938 3887 mit einem Maultier bebauen und die Hälfte oder
189 3883 941 3925 mehr ihrer Ernte dem Landbesitzer abliefern. Diese
189 3923 938 3967 "Ernteteiler" verschlimmern das Problem der
189 3955 938 3998 ländlichen Arbeitslosigkeit; man findet sie als
196 3994 953 4036 heimatlose "Wanderarbeiter" bei der Obsternte in
189 4042 942 4080 Florida und Kalifornien, während des Winters in
189 4071 935 4117 elenden Zelt- und Wagenlagern am Rande der
195 4106 947 4158 Landstraßen oder als Unterstützungsbedürftige un¬
195 4144 805 4195 ter dem ärmsten Proletariat der Städte.\:p\
242 4185 954 4243 \p\Am Niedergang der Baumwollproduktion in
197 4233 947 4274 den Staaten des "Alten Südens" und am Elend
195 4275 947 4314 ihrer ärmeren Bevölkerungsschichten ist aber nicht
203 4312 943 4358 nur die Einführung moderner Maschinen schuld.
206 4349 947 4390 Man findet dort die Folgen einer in den ganzen
200 4391 954 4425 Vereinigten Staaten verbreiteten Erscheinung be¬
205 4418 941 4466 sonders deutlich ausgeprägt: die rücksichtslose Aus¬
203 4457 947 4502 beutung von Land und natürlichen Reichtums¬
203 4494 953 4542 quellen, die von den Gena[sic]rationen von Einwan¬
200 4533 947 4573 derern geübt wurde. Die echte Beziehung zum Bo¬
200 4567 939 4613 den, die einen altansässigen Bauernstand kennzeich¬
200 4608 946 4651 net, fehlte im "neuen Erdteil" völlig. Die Plan¬
200 4647 954 4684 tagenbesitzer im Süden pflanzten die Baumwolle
206 4692 945 4728 nur für den Verkauf an, das heißt für den Gewinn
200 4721 952 4761 an barem Geld. Der Boden, der Jahrzehnt um
206 4754 953 4801 Jahrzehnt Baumwollernten trug, wurde langsam
209 4799 953 4834 erschöpft. Die Baumwollpflücker lebten als typi¬
218 4830 950 4873 sches ländliches Proletariat und wissen in vielen
212 4869 953 4912 Gegenden bis heute nicht, daß man Gemüse an¬
975 919 1726 962 pflanzen, Obst züchten kann, statt Gemüse- und
975 955 1726 995 Obstkonserven zu kaufen, wozu ihnen übrigens das
975 987 1726 1033 Geld fehlt. Sie ernähren sich seit Generationen
975 1026 1726 1072 fast ausschließlich von Mais und Schweinefett, wo¬
975 1068 1702 1106 durch die Ausbreitung der Pellagra, einer skor¬
975 1100 1726 1145 butähnlichen Krankheit, gefördert wurde. So ist
975 1134 1726 1180 heute der "Alte Süden" ein Land mit verarmtem
975 1177 1711 1218 Boden und verarmter Bevölkerung, während er
975 1213 1726 1268 im letzten Jahrhundert die reichste und blühendste
974 1248 1347 1300 Region Amerikas war.\:p\
1007 1284 1706 1332 \p\Dem Raubbau, der auf den Plantagen des
974 1325 1726 1379 Südens getrieben wurde, entsprechen in anderen
975 1367 1702 1414 Teilen Amerikas verschiedene Ausbeutungsmetho¬
975 1405 1705 1447 den früherer Zeiten, die sich heute zum Schaden
975 1445 1702 1483 der Landwirtschaft und der Farmbevölkerung aus¬
975 1480 1672 1519 wirken. In den als "Dustbowl" – Staubschüssel –
975 1516 1711 1558 bekannten Regionen des Mittelwestens, besonders
975 1554 1702 1596 Kansas, Oklahoma, und Teilen von Texas, wur¬
975 1588 1717 1630 den die fruchtbaren Grasebenen während dem
975 1625 1726 1668 Wirtschaftsaufschwung des letzten Weltkrieges und
975 1666 1709 1708 der Nachkriegsjahre statt als Weideland für Wei¬
975 1706 1708 1748 zenbau verwendet und teilweise nach dem Ab¬
975 1740 1709 1781 flauen der Hausse einfach brach liegen gelassen. Der
975 1777 1705 1820 Wind wehte die lockere Erdoberfläche fort, und tie¬
975 1813 1705 1858 fere Sandschichten wurden bloßgelegt. Furchtbare
975 1853 1705 1891 Stürme trugen den Sand in andere Gegenden, die
975 1886 1711 1927 auf diese Weise oft fast über Nacht zu Wüsten¬
975 1925 1714 1970 strichen wurden. Das Vieh mußte abgeschlachtet
975 1964 1720 2001 werden; ruinierte Farmer gesellten sich zu dem
975 1997 1702 2046 Heer heimatloser, armer Wanderarbeiter. Auch zu
975 2035 1714 2079 den Ueberraschungen, die jährlich ihren Tribut an
975 2078 1709 2112 Ackerland und fruchtbarem Boden fordern, haben
975 2111 1699 2151 Profitsucht und Kurzsichtigkeit früherer amerikan¬
975 2149 1703 2191 scher Generationen beigetragen. Holzhandel-Gesell¬
975 2188 1705 2228 schaften ließen ganze Wälder roden; Siedler holz¬
975 2222 1714 2261 ten rücksichtslos ab; das seines Schutzes beraubte
975 2260 1717 2304 Erdreich wurde durch das Wasser zerfressen und
975 2298 1717 2338 geriet ins Rutschen. An Aufforstung und Landkon¬
974 2330 1714 2376 servierung dachte niemand. War ein Wald kahl¬
975 2372 1714 2414 geschlagen, ein Stück Farmland verdorben, dann
975 2410 1709 2452 verließen die Siedler einfach die Gegend und zo¬
975 2443 1711 2498 gen weiter nach Westen, wo die Landreserven un¬
975 2485 1711 2525 erschöpflich schienen. Aber schließlich wurde die äu¬
975 2517 1726 2564 ßerste Westgrenze erreicht. Kalifornien hat heute
977 2554 1711 2603 seine Grenze neuen Ansiedlern verschlossen. In¬
980 2594 1726 2638 zwischen leben viele Farmer auf schlechtem Land,
975 2631 1726 2676 das seinen Mann nicht ernähren kann, und viel
975 2666 1726 2716 guter Boden wird von Farmern schlecht verwendet,
975 2705 1717 2751 die von landwirtschaftlichen Methoden nichts ver¬
974 2736 1069 2790 stehen.\:p\
1018 2776 1727 2837 \p\Die amerikanische Landwirtschaft steht also vor
977 2830 1726 2878 zwei großen Problemen: Durch die technischen Er¬
975 2870 1717 2915 rungenschaften, vor allem die zunehmende Ver¬
975 2904 1714 2949 wendung von Maschinen, werden immer mehr
980 2937 1726 2990 Farmer und Hilfskräfte arbeitslos; die Tendenz
986 2968 1726 3021 zum Großbetrieb gefährdet den Kleinbauern- und
983 3013 1717 3059 Pächterstand. Durch mangelhafte Methoden der
975 3057 1718 3099 Bodenverwertung und rücksichtslose Ausbeutung
975 3093 1714 3129 der natürlichen Reichtumsquellen wird immer
975 3126 1724 3165 mehr Land verdorben, hauptsächlich durch Wind
975 3162 1726 3205 und Wasser, durch Ueberschwemmungen und Trok¬
975 3206 1718 3243 kenheit. Es gehört zu den bleibenden Verdiensten
975 3238 1717 3281 der durch Roosevelt geschaffenen Verwaltung, auf
975 3273 1717 3323 diese Probleme hingewiesen und Programme für
975 3312 1711 3353 die Unterstützung oder besser Sanierung der ame¬
975 3345 1724 3388 rikanischen Landwirtschaft ausgearbeitet zu haben.
975 3385 1720 3430 Es wäre sicher keine Lösung, wollte man den techn¬
975 3423 1724 3469 nischen Fortschritt künstlich aufhalten. Auf lange
975 3458 1717 3502 Sicht wird sich der technische Fortschritt im Gegen¬
975 3501 1726 3541 teil im Sinne des sozialen Fortschrittes auswir¬
975 3533 1726 3576 ken. Durch verbesserte Produktionsmethoden wird
977 3574 1726 3620 das bäuerliche Einkommen erhöht und wird
980 3609 1726 3653 größerer Reichtum geschaffen. Reichtum aber be¬
975 3646 1717 3688 deutet Beschäftigung für mehr Arbeitskräfte.
975 3687 1714 3729 Gleichzeitig kann durch große staatliche Unterneh¬
975 3729 1726 3764 mungen der Boden verbessert werden. So wurde
975 3754 1724 3797 in Tennessee durch die riesige, vom Staat organi¬
975 3792 1726 3843 sierte "Tennesseetal-Verwaltung" eine Anzahl gro¬
980 3835 1726 3887 ßer Dämme gebaut, um den Tennessee-Fluß zu re¬
983 3871 1723 3913 gulieren. Große Striche guten Bauernlandes wur¬
983 3914 1714 3955 den so vor Ueberschwemmungen und Erosion ge¬
977 3944 1723 3988 schützt; gleichzeitig wurde die durch die Dammbau¬
975 3982 1726 4021 ten gewonnene Stromkraft für ein großzügiges
983 4021 1727 4063 Elektrifizierungsprogramm verwendet. Agrono¬
980 4050 1726 4095 men, Forstwirtschaftler und Chemiker retteten und
983 4094 1727 4136 verbesserten den Boden. Die Farmer erhielten bil¬
986 4131 1723 4171 ligen Strom und damit die Möglichkeit zur Ver¬
980 4167 1724 4219 wendung von neuen Maschinen. Neue Einkom¬
975 4207 1717 4249 mensmöglichkeiten eröffneten sich; der Abwande¬
977 4243 1726 4292 rung wurde gesteuert und eine der ärmsten Gegen¬
980 4280 1669 4323 den Amerikas konnte langsam saniert werden.\:p\
1036 4335 1727 4383 \p\Im "Alten Süden" kauft der Staat vielfach
975 4376 1724 4421 ruinierte Baumwoll-Plantagen auf, verwertet den
986 4415 1721 4457 Boden je nach Eignung zum Anpflanzen von Fich¬
983 4450 1723 4496 ten, wodurch neue Papierfabriken Rohmaterial er¬
975 4483 1720 4538 halten, oder zur Gründung von Kollektiv-Siedlun¬
983 4522 1727 4571 gen, wo ehemalige Baumwoll-Pächter und -Pflük¬
983 4562 1720 4607 ker zu selbständigen und ökonomisch unabhängigen
983 4601 1724 4638 Kleinbauern erzogen werden. Natürlich gibt es
975 4634 1724 4680 für das riesige und komplexe Gebiet der Verei¬
983 4675 1723 4712 nigten Staaten keine einheitliche Lösung des Land¬
975 4710 1726 4761 wirtschaftsproblems. Im "Alten Süden" ist es mit
975 4745 1724 4795 der Prosperität der großen Baumwoll-Plantagen
975 4789 1717 4820 vorbei, und man muß versuchen, aus einem ver¬
986 4819 1725 4867 armten ländlichen Proletariat einen Kleinbauern¬
975 4860 1726 4913 stand zu schaffen. Im Mittelwesten müssen die
1744 908 2478 955 Grasebenen gerettet, die Ausbreitung des Landes
1744 950 2478 995 durch Anpflanzen von Waldgürteln und mehr
1743 988 2481 1035 Gras verhindert werden. Zurück zur Viehzucht ist
1744 1027 2478 1069 dort die Losung. Heute gibt es in den Vereinigten
1744 1068 2488 1105 Staaten rund zwölf Millionen Farmer. Aber neun
1744 1098 2478 1140 Millionen würden genügen, um die landwirtschaft¬
1744 1140 2481 1180 lichen Produkte zur Ernährung einer städtischen
1744 1177 2484 1213 Bevölkerung von rund 100 Millionen zu erzeugen.
1744 1211 2488 1256 Das bedeutet, daß die Zahl der von der Landwirt¬
1744 1252 2490 1295 schaft lebenden Farmbevölkerung zu groß ist. Bis
1744 1290 2481 1327 das durch die rasche technische Entwicklung verscho¬
1744 1320 2484 1379 bene Gleichgewicht wieder hergestellt ist, müssen die
1744 1360 2508 1412 staatlichen Unterstützungsprogramme als "Züng¬
1744 1403 2178 1458 lein an der Waage" dienen.\:p\
