3800 5800
987 2171 2260 2260 Eine amerikanische Persönlichkeit:
1411 2296 2289 2391 Dorothy Thompson
1528 2398 2170 2452 Von Annemarie Clarac-Schwarzenbach.
1090 2453 1848 2507 \p\Viele unserer Leser werden schon Reiseberichte
1044 2501 1850 2537 oder Bücher der weitgereisten Journalistin Anne¬
1044 2537 1850 2569 marie Clark-Schwarzenbach gelesen haben. Wir
1044 2570 1850 2608 freuen uns, an dieser Stelle den uns soeben
1047 2601 1817 2643 aus U. S. A. zugegangenen Originalartikel ver¬
1047 2642 1848 2675 öffentlichen zu können. Frau Clark führt von
1045 2675 1848 2710 nun an auch als Schriftstellerin ihren eigent¬
1039 2703 1489 2756 lichen Namen Clarac. Red.\:p\
1006 2754 1824 2808 \p\"In den Artikeln, die ich schrieb, habe ich
961 2800 1824 2844 oft vor Dingen gewarnt, die innerhalb der in¬
961 2841 1848 2892 ternationalen Situation geschehen würden. Und
957 2892 1850 2932 sie sind geschehen. Daran ist nichts, was durch
957 2920 1826 2963 eine prophetische Gabe erklärt werden müßte.
965 2955 1850 3001 Ich bin Journalistin, und eine Schülerin der
971 2995 1848 3044 Politik. Es ist meine Arbeit, das Verhalten
961 3038 1848 3084 menschlicher Gesellschaften zu beobachten. Es ist
955 3082 1821 3131 meine Arbeit, Tatsachen und Informationen zu
961 3115 1142 3163 sammeln."\:p\
1003 3153 1848 3196 \p\Diese Sätze sind aus einer Radio-Rede frei
955 3164 1848 3234 übersetzt, die Dorothy Thompson am 2. Novem¬
955 3225 1828 3280 ber 1940, zwei Tage vor der amerikanischen
974 3270 1820 3318 Präsidentschaftswahl, in der Columbia Broad¬
961 3312 1824 3348 casting Company in New York gehalten hat.
955 3348 1848 3396 Wer in jenen Wochen der Wahlkampagne die
955 3396 1850 3434 Reden und Artikel der \g\berühmtesten Jour¬
965 3424 1850 3467 nalistin\:g\ Amerikas verfolgte, mußte sich fra¬
955 3468 1848 3506 gen, wie sie mit einer solchen Unsumme von
971 3506 1848 3548 Arbeit fertig werden konnte. In ihrem Bureau,
955 3546 1848 3594 auf der Redaktion der Tageszeitung "New York
968 3587 1829 3628 Herald Tribune", stellte ich diese Frage einer
955 3616 1848 3657 ihrer Sekretärinnen, welche mir lächelnd ant¬
955 3657 1848 3700 wortete: "Das ist kein Geheimnis, Mrs. Thomp¬
955 3701 1848 3741 son und wir alle arbeiten praktisch Tag und
955 3738 1817 3787 Nacht." – Das war an einem Samstagvor¬
955 3780 1848 3818 mittag, und Mrs. Thompson war über Weekend
955 3820 1848 3860 auf dem Land. Wie die meisten konzentriert
955 3860 1848 3899 arbeitenden Menschen ist sie nie abgehetzt und
955 3899 1848 3937 hat es selten eilig, – oder läßt es jedenfalls
955 3939 1848 3970 die anderen nicht merken. Als ich Mrs. Thomp¬
965 3974 1850 4018 son, im Jahre 1937, zum erstenmal sah, hatte
955 4015 1848 4065 sie mich zum Tee in ihre Wohnung am Cen¬
965 4050 1850 4096 tral Park eingeladen. Nachdem ein zweiter Gast
955 4092 1848 4140 sich verabschiedet hatte, fand sie zwei Stunden
1861 2452 2738 2507 Zeit, um sich mit mir zu unterhalten. Trotzdem
1861 2504 2718 2547 wird häufig behauptet, Dorothy Thompson sei
1861 2537 2718 2585 eifersüchtig auf ihren Ruhm, und verhalte sich
1861 2578 2718 2627 unkollegial besonders zu Frauen. Ich glaube viel¬
1861 2618 2738 2664 mehr, daß besonders Frauen auf den Ruhm
1861 2656 2616 2700 ihrer großen Kollegin eifersüchtig sind ....\:p\
1899 2702 2715 2749 \p\Dorothy Thompson ist mit dem Schriftsteller
1862 2745 2711 2787 Sinclair Lewis verheiratet. Es gingen einmal
1862 2787 2716 2835 Gerüchte um, sein Buch "Das ist bei uns nicht
1861 2825 2718 2875 möglich" sei zum größeren Teil von seiner Frau
1861 2868 2738 2913 geschrieben, – aber dafür dürfte ihre Zeit viel¬
1861 2911 2738 2949 leicht doch nicht ausreichen, – und wenn sie
1861 2947 2715 2987 etwas zu sagen hat, sagt sie es in ihrer wö¬
1861 2976 2711 3023 chentlich dreimal in der "Herald Tribune" er¬
1861 3020 2738 3077 scheinenden Spalte "On the record" oder schreibt
1861 3061 2738 3110 selbst ein Buch. Die Titel ihrer bisher erschie¬
1861 3107 2694 3145 nenen Bücher sind: "I saw Hitler", "Refugees",
1861 3122 2738 3187 "The new Russia", "Political Guide", – und
1861 3168 2738 3228 ein ihrem einzigen Sohn gewidmetes Kinderbuch
1861 3218 2255 3266 "Once on Christmas".\:p\
1899 3264 2738 3316 \p\Ihr Sohn, Michael, ist jetzt zweiundzwanzig
1861 3304 2724 3348 Jahre alt. Als er während der Wahlkämpfe im
1861 3340 2718 3394 letzten Sommer einmal empört über den Miß¬
1861 3383 2738 3427 brauch demokratischer Mittel und Wege von einer
1861 3419 2722 3467 Tagung der Republikanischen Partei zurückkam,
1861 3462 2711 3508 die er aus Protest mitten während der Sitzun¬
1861 3494 2718 3546 gen verlassen hatte, stellte seine Mutter ihm
1861 3544 2670 3603 ihre Spalte für einen Artikel zur Verfügung.\:p\
1899 3576 2713 3622 \p\Dorothy Thompson selber hatte in ihrer Ju¬
1861 3620 2738 3668 gend keinen so leichten Start. Sie ist die Toch¬
1861 3658 2718 3703 ter eines Methodisten-Pfarrers, wurde 1893 ge¬
1861 3700 2738 3739 boren, beendete die Kurse der Syracuse-Universi¬
1861 3739 2711 3784 tät 1914, mit der Absicht, Lehrerin der eng¬
1861 3779 2738 3820 lischen Sprache zu werden, arbeitete dann in
1861 3818 2730 3860 Organisationen für Frauenstimmrecht. Zwei
1861 3858 2718 3902 Jahre lang saß sie in einer Reklame-Firma,
1861 3894 2715 3939 1919 arbeitete sie für ein Wohlfahrtsdienst-Pro¬
1861 3937 2715 3982 jekt in Cincinnati. Und 1920 reiste sie nach
1861 3970 2738 4020 Europa, um endlich ihrem alten Wunsch Genüge
1861 4015 2738 4059 zu tun: \g\die politischen und sozialen
1861 4053 2738 4092 Beziehungen des Auslands zu stu¬
1861 4091 2026 4140 dieren.\:g\\:p\
2783 1107 3625 1156 \p\Ihre \g\journalistische Karriere\:g\ begann
2751 1147 3617 1196 zufällig, und auf eigenartige Weise: Sie lernte
2751 1188 3625 1235 auf der Ueberfahrt Zionisten kennen, die zu einer
2751 1229 3620 1273 zionistischen Konferenz nach London fuhren. Do¬
2751 1265 3613 1313 rothy überzeugte die Agentur "International
2751 1305 3619 1351 News" von der Wichtigkeit, über diese Konferenz
2759 1345 3613 1391 zu berichten. Kurz darauf erhielt sie in Irland
2751 1384 3616 1425 das einzige Interview von Mc Sweeney, dem
2751 1425 3625 1467 berühmten Hungerstreiker und Bürgermeister von
2751 1462 3625 1506 Cork. In Paris tat sie Publizitätsarbeit für
2751 1500 3620 1547 das Rote Kreuz. Dann erhielt sie ihren ersten
2753 1539 3616 1587 festen Auftrag als Korrespondentin des "Phila¬
2751 1582 3620 1630 delphia Public Ledger", war in Wien, Polen,
2751 1617 3616 1668 Berlin, leitete das Bureau für Zentraleuropa
2751 1663 3616 1707 des "Ledger". Als sie 1928 in die Vereinigten
2751 1699 3625 1745 Staaten zurückkehrte, war sie eine der \g\besten
2751 1739 3625 1786 Kennerinnen\:g\ europäischer Politik, und bald
2751 1775 3613 1821 an der Spitze der amerikanischen Journalisten.
2751 1817 3625 1866 Ihre für die "Herald Tribune" geschriebenen
2751 1858 3625 1905 Artikel werden in 166 amer[sic]kanischen Zeitungen
2751 1899 2936 1939 abgedruckt.\:p\
2789 1937 3619 1984 \p\Amerika war an Dorothy Thompsons Be¬
2751 1977 3622 2019 rühmtheit seit über zehn Jahren gewöhnt. Man
2751 2011 3620 2059 kannte sie als eine temperamentvolle Gegnerin
2751 2053 3613 2095 von Präsident Roosevelt, dessen Innenpolitik sie
2751 2091 3622 2144 scharf kritisierte. Aber ihre Kritik richtete sich
2751 2135 3622 2179 weniger gegen Roosevelts liberale Haltung in
2751 2168 3616 2217 der Durchführung eines Programms sozialer Re¬
2751 2211 3616 2258 formen, deren Notwendigkeit sie immer aner¬
2751 2251 3613 2292 kannt hat, als gegen den Mißbrauch von Roose¬
2751 2289 3613 2341 velts liberaler Toleranz durch extrem linke Füh¬
2751 2327 3616 2379 rer von Parteien und Gewerkschaften, und ex¬
2751 2368 3616 2410 trem rechte Führer von mächtigen Kapital-
2751 2410 3625 2458 und Industriegruppen. Amerika kannte Dorothy
2751 2445 3616 2491 Thompson ferner als leidenschaftliche Antifasci¬
2756 2486 3613 2536 stin, welche europäische Ereignisse präzis analy¬
2753 2523 3622 2572 sierte und voraussagte bis zur Schwelle des
2751 2570 3622 2612 zweiten Weltkriegs, von dessen Kommen in den
2751 2604 3625 2646 U. S. A. kaum jemand wirklich überzeugt war.
2786 2643 3625 2686 – Und Dorothy Thompson war endlich nicht
2751 2683 3625 2730 nur der "Star" der amerikanischen Journalistik,
2753 2722 3622 2772 sondern auch der Stolz der Republikanischen
2753 2759 3255 2803 Partei, der sie angehörte.\:p\
2789 2798 3622 2852 \p\Das Kriegsjahr und U. S. A.-Wahljahr 1940
2751 2840 3622 2890 brachte ihrer Laufbahn eine entscheidende Verän¬
2751 2882 3622 2924 derung: Mrs. Thompson unterstützte während der
2751 2917 3622 2963 Wahlkampagne die dritte Kandidatur von Prä¬
2753 2958 3625 3006 sident Roosevelt mit allen hervorragenden Mit¬
2751 3004 3384 3044 teln, die ihr zur Verfügung stehen.\:p\
2789 3033 3622 3085 \p\Die Ueberraschung in Amerika war groß. Man
2749 3076 3625 3131 darf ohne Uebertreibung sagen, daß keine ein¬
2759 3115 3622 3163 zelne Persönlichkeit, abgesehen von den beiden
2751 3156 3620 3202 Kandidaten selber, im Wahlkampf einen größe¬
2751 3198 3622 3244 ren Einfluß ausgeübt hat als Mrs. Thompson.
2759 3234 3625 3278 Die Gründe für ihre "Schwenkung" hat sie deut¬
2751 3275 3625 3320 lich genug ausgesprochen: der über Nacht sozusa¬
2762 3315 3624 3365 gen zufällig, übrigens auch entgegen den Ab¬
2753 3362 3625 3394 sichten der orthodoxen Republikaner, zu Popu¬
2751 3394 3622 3438 larität gelangte republikanische Gegenkandidat
2757 3432 3613 3475 Roosevelts, Wendell L. Willkie, ist ein politi¬
2753 3468 3632 3516 scher Dilettant. Die Vereinigten Staaten können
2753 3510 3625 3557 sich am Vorabend schwerer außenpolitischer Ent¬
2753 3551 3622 3595 scheidungen innerpolitische Experimente nicht lei¬
2753 3586 3622 3635 sten. Roosevelts außenpolitische Linie ist die einer
2751 3627 3622 3673 durch unleugbare Interessengemeinschaft gebotene
2753 3666 3622 3715 enge Zusammenarbeit mit Großbritannien, das
2751 3708 3632 3747 durch seine Verteidigung gegen die Aggression
2753 3747 3632 3787 der Achsenmächte die vorderste Linie auch der
2751 3777 3361 3831 amerikanischen Verteidigung hält.\:p\
2789 3822 3622 3868 \p\Mrs. Thompson kehrte mit dieser Ueberzeu¬\fml\\:p\
134 1770 1020 1814 \fml\\p\gung im Mai 1940 von einer ausgedehnten
128 1811 1020 1845 Europareise zurück. In einem noch auf dem
147 1849 1020 1890 Dampfer geschriebenen Artikel warnte sie vor der
128 1891 1020 1935 außenpolitischen Lahmlegung und Schwächung,
128 1930 995 1970 welche die U. S. A. durch die innerpolitische
128 1971 1020 2009 Inanspruchnahme eines sechs Monate dauernden
134 2011 996 2051 Wahlkampfes erleiden würde. Sie schlug der
128 2055 1020 2081 republikanischen Partei vor, auf die Nomination
128 2083 1020 2123 eines Kandidaten zu verzichten, und sich zusam¬
128 2122 1020 2164 men mit den Demokraten auf die Wiederwahl
128 2164 1020 2205 Roosevelts zu einigen. So wäre dem Land der
128 2203 1002 2242 Wahlkampf erspart geblieben, und alle Energien
131 2241 1020 2283 hätten sich schon 1940 auf die neue Aufgabe
131 2282 1020 2323 der nationalen Rüstung konzentrieren können.
137 2323 1020 2358 – Aber Mrs. Thompsons Vorschlag war zu
128 2363 1020 2394 außergewöhnlich. In der Folge ging sie zur
128 2394 868 2437 offenen Unterstützung Roosevelts über.\:p\
170 2434 1020 2476 \p\Diese Stellungnahme war ein Zeugnis großen
134 2474 1020 2511 Muts und persönlicher Integrität. Mrs. Thomp¬
128 2514 1006 2554 son riskierte damit ihre Stellung und ihre Kar¬
134 2554 995 2594 riere. Das wußte jeder ihrer Leser und Zuhö¬
137 2594 1020 2634 rer, – ein Publikum von Hunderttausenden,
128 2633 1020 2660 wenn nicht von Millionen, – und die mora¬
127 2681 1020 2714 lische Wirkung ihrer Artikel und Radio-Reden
131 2707 993 2751 war umso größer. – Am Wahltag selber, dem
134 2748 996 2802 4. November 1940, hatte Mrs. Thompson wäh¬
134 2790 951 2829 rend einer letzten kurzen Rede die Lacher, –
128 2825 995 2875 und sehr viel mehr als dies – auf ihrer Seite,
128 2869 996 2915 als sie erklärte: "Joe Louis (der Negerboxer)
134 2910 995 2955 leistete gestern den größten Beitrag zur repu¬
128 2946 1000 2993 plikanischen Wahlkampagne in Chicago. Er sagte:
134 2987 985 3026 ,Willkie wird durch einen Knockout gewinnen'. –
137 3028 1020 3066 Wenn das amerikanische Volk knockout geschlagen
134 3067 1020 3112 werden kann, dann wird Mr. Willkie sicherlich
134 3108 1020 3146 gewinnen. Wenn alle Mittel, das amerikanische
134 3144 1020 3184 Volk zu verführen, einzulullen und einzuschüch¬
134 3184 1020 3226 tern, gewinnen können, dann wird Mr. Willkie
140 3221 1020 3263 gewinnen ... Demokratie, Amerikaner, ist eine
134 3260 1020 3306 Gesellschaft, wo die Leute nicht herumgepufft
128 3307 1020 3340 und -gestoßen werden können ... Das ist die
128 3340 1021 3378 amerikanische Demokratie, das ist die Demokratie
140 3379 993 3420 Lincolns, und das ist die Demokratie Roose¬
128 3418 995 3459 velts. Und darum wird Roosevelt gewinnen."\:p\
170 3450 1020 3499 \p\Roosevelt wurde wiedergewählt. Dorothy
140 3489 1007 3539 Thompson hat sich aber seit dem 4. November
134 3532 1002 3578 keine Ferien gegönnt. Sie hat nicht aufgehört,
128 3572 1020 3610 zu warnen, zu kritisieren, \g\die Menschen auf¬
134 3611 1020 3659 zurütteln aus geistiger Trägheit
140 3657 1019 3699 und moralischer Bequemlichkeit\:g\. Die
139 3689 993 3730 Themata ihrer Artikel, oder vielmehr die An¬
137 3732 1020 3770 lässe zu ihren Artikeln bewegen sich auf einer
137 3770 1020 3810 Skala von außenpolitischen Analysen bis zur
134 3808 1020 3847 Besprechung von symptomatisch wichtigen Bü¬
137 3848 1006 3893 chern oder Filmen. Kein Anlaß ist zu gering,
134 3887 1020 3932 kein Thema zu schwierig, kein Ereignis zu fremd
128 3926 1020 3971 oder zu weit entfernt, um Mrs. Thompsons
140 3964 1020 4007 Interesse zu beanspruchen und von ihr klar und
140 4003 1020 4050 scharf dargestellt und untersucht zu werden. Und
142 4044 1020 4086 jeder Artikel von Mrs. Thompson ist ein lesens¬
137 4082 738 4122 wertes Dokument unserer Zeit.\:p\
