4288 7165
339 4460 1044 4548 Kleine Reise durch Frankreich
471 4530 924 4589 Von Annemarie \g\Clarac\:g\
291 4573 1166 4633 \p\Dieser Weg von der Gare des Eaux Vives in Genf
231 4619 1141 4656 bis zum französisch-spanischen Grenzstädtchen Port Bou
231 4645 1166 4697 hat den Charakter einer kleinen Reise, obwohl es für
230 4681 1166 4722 mich nur eine Etappe einer größeren Unternehmung
231 4717 1140 4763 ist, eine Transitstrecke, die vom Atem des Aufbruchs
235 4751 1166 4805 und der Weite beflügelt sein sollte. Früher hätte man
237 4780 1140 4832 wohl im Auto oder im Schlafwagen eines Schnellzuges
231 4820 1166 4868 dieses schöne französische Land durcheilend, das flüch¬
235 4854 1140 4899 tige und schmerzende Gefühl des unaufhaltsamen Ab¬
237 4894 1168 4943 schieds und einer letzten Erinnerung bewahrt. Heute
237 4921 1166 4973 ist schon der dritte Tag seit meiner Abfahrt, wohl zum
237 4957 1139 5009 zehntenmal bin ich in das enge Abteil eines Lokal¬
237 4992 1166 5041 zuges gestiegen, worin es nach Tabak, Zeitungen,
243 5028 1146 5079 manchmal auch nach Wein und Ziegenkäse riecht, und
237 5067 1168 5110 die Dampflokomotive arbeitet sich wieder gemächlich
243 5094 1133 5142 von einem Landstädtchen zum anderen. Ich habe ge¬
243 5127 1166 5181 lernt, mit einem gelben Fahrplan „Région Sud-Est“
241 5174 1168 5211 umzugehen, und stelle fest, daß ich mich mindestens in
237 5193 1166 5250 der Richtung auf die spanische Grenze zu bewege. Ge¬
242 5228 1166 5281 stern fuhr ich um sechs Uhr morgens von Annemasse
243 5275 1166 5318 weg, und sah noch im letzten Augenblick eine Tram¬
241 5307 1168 5353 bahn, die mich innerhalb weniger Minuten an den
241 5330 1168 5389 Rand von Genf zurückgebracht hätte, — das machte
243 5378 1168 5419 mir den Abschied schwer. Denn ich mußte mir gestehen,
241 5402 1138 5451 daß uns, unter welchen Umständen immer, ein gewi¬
249 5441 1147 5488 ses Maß an Freiheit eingeräumt ist, — aber dieses
247 5471 1168 5520 Maß mag größer oder kleiner sein, wir fühlen uns
243 5505 1030 5559 doch unter dem strengen Gesetz des Schicksals.\:p\
297 5547 1168 5596 \p\In Aix-les-Bains, wo ich den Zug wechseln mußte,
247 5566 1168 5628 stiegen zwei junge Burschen mit Rucksäcken und Skis
249 5611 1165 5658 in mein Abteil, einer von ihnen hatte sich den Fuß
249 5649 1168 5696 verletzt und mußte von seinem jüngeren Kameraden
243 5677 1166 5729 gestützt werden. Er hatte offenbar Schmerzen, und
249 5709 1168 5765 sagte mir, bis die Fraktur geheilt sei, werde es Wochen
243 5744 1166 5798 dauern. „Was braucht ihr auch Skitouren machen im
243 5782 1168 5829 Frühlingsschnee“, sagte ich. Sie warfen einen Blick
247 5821 1153 5866 auf meinen Tropenhelm und antworteten: „Warun
249 5850 1145 5904 begeben Sie sich eigentlich in ein heißes und vermut¬
243 5895 651 5950 lich ungesundes Klima?"\:p\
303 5900 1165 5971 \p\Im Buffet einer kleinen Station, wo wir fünfzehn
253 5955 1168 6003 Minuten Aufenthalt hatten, bestellte ich ein hartes Ei
249 5996 1168 6037 und ein Stück Brot. Aber da ich keine Lebensmittel¬
249 6024 1168 6072 karten hatte, wurde mir das Brot vom Teller wieder
255 6056 1166 6110 weggenommen. Es gab auch keinen Tabak, und da es
259 6086 1168 6149 ein „alkoholfreier Tag“ war, wurde nur Wein und
1169 4443 2107 4501 Bier, aber kein Schnaps oder Aperitif ausgeschenkt,
1169 4483 2107 4535 was vielen Reisenden die Laune verdarb. Kurz vor
1178 4515 2107 4571 Lyon sagten mir die beiden Skifahrer, daß ich un¬
1169 4550 2107 4591 möglich ohne Coupons bleiben könne, und trennten
1163 4580 2107 4619 mir wohlberechnete Rationen an Brot, Fleisch und
1178 4627 2107 4665 Fettwaren von ihren Karten ab. Ich gab ihnen eine
1163 4654 2108 4703 letzte Tafel Schokolade, die der Aeltere einsteckte, um
1163 4691 1662 4742 sie seiner Frau zu bringen.\:p\
1222 4722 2108 4773 \p\In Lyon blieb ich den ganzen Nachmittag, und
1163 4742 2107 4807 verfehlte sogar einen Zug nach Tarascon, weil es mir
1163 4796 2107 4843 innerhalb von vier Stunden nicht gelang, ein halbes
1178 4843 2107 4875 Dutzend Pakete und eingeschriebener Briefe an
1181 4874 2108 4917 Freunde und Unbekannte, teils in Interniertenlagern,
1162 4898 2107 4958 teils an private Adressen zu expedieren. Auf der Bahn
1163 4932 2107 4969 sagte man mir, ich müsse zur Post gehen. Es gab kei¬
1178 4963 2107 5014 nen Taxi, ein Träger begleitete mich endlich zu Fuß.
1163 4999 2107 5046 Auf der Post wurden mehrere Pakete abgewiesen, weil
1162 5036 2076 5097 sie mehr als drei Kilo wogen. Ich trug sie zum Bahn¬
1175 5062 2107 5123 hof zurück, wo es, um sie als Expreßkoli zu schicken,
1163 5105 2076 5150 komplizierte Formulare auszufüllen gab. Als
1162 5138 2107 5203 ich dann mein Handgepäck abholen wollte, standen
1163 5176 2107 5233 vor dem Schalter etwa fünfzig Personen Schlange,
1163 5211 2076 5259 der Beamte war verärgert, und trotz der Intervention
1163 5245 2107 5295 mehrerer Reisender, die bereitwillig meinen Schein
1163 5280 2107 5347 durchgaben, wurden mir meine Handtaschen erst ge¬
1162 5312 2107 5369 geben, als der Zug langsam aus der Station ausfuhr.
1162 5346 2080 5408 Dieser Zwischenfall löste bei den Wartenden, die mein
1181 5394 2108 5427 Verzweiflung sahen, einen Sturm des Protestes aus.
1191 5412 2107 5464 Lang unterdrückte Gefühle der Wut und Empörung
1163 5454 2108 5511 über das von allen Seiten eingeengte Leben, die tau¬
1181 5481 2107 5530 send Vorschriften und aber tausend Schwierigkeiten
1163 5519 2095 5566 des Alltags, machten sich Luft. Ich merkte wohl, daß
1163 5555 2090 5618 man anderes beschimpfte, als nur einen langsamen
1163 5588 2108 5632 und unliebenswürdigen Beamten. Man lehnte sich
1163 5623 2078 5691 hier auf gegen die stündlich gepredigte Pflicht, ein
1187 5652 2107 5709 guter Bürger müsse aus der Not eine Tugend machen,
1163 5690 2107 5743 eine schwere Niederlage statt als Prüfung und Chance
1162 5724 2107 5782 der Besinnung vielmehr als ein freiwilliges Opfer
1162 5756 2107 5811 im Zeichen nationaler Würde stumm und diszipliniert
1162 5804 1334 5854 ertragen.\:p\
1228 5807 2108 5878 \p\Wenige Stunden später, als ich in einem beinahe
1175 5867 2107 5913 leeren Schnellzug nach Nîmes fuhr, sah ich die Land¬
1163 5903 2095 5949 schaft des sanften Frankreichs zum erstenmal wieder
1162 5933 2101 5993 in ihrem unvergleichlich schönen und unverfälschten
1163 5974 2108 6037 Licht. Es war gegen Abend, der pastellzarte Früh¬
1163 6014 2108 6069 lingshimmel und die weißen, leichten, ruhenden Wol¬
1163 6038 2108 6096 ken schienen schon angehalten, um den Eintritt der
1163 6073 2108 6136 Dunkelheit zu erwarten. Aber auf der Erde, auf noch
2103 4441 3012 4478 kargen Rebenfeldern, im zarten Weiß und Rosa junger
2103 4477 3012 4520 Blütenbäume, im saftigen Grün der Wiesen und über
2103 4510 3012 4555 dem schmelzenden, reglosen Wasser eines Flusses
2103 4547 3060 4591 herrschte noch weiches, warm und golden getränktes
2103 4578 3060 4622 Tageslicht. Eine alte Frau in schwarzem Strohhut
2103 4609 3011 4655 hütete ein paar Ziegen. Junge Frauen setzten Ge¬
2103 4645 3006 4693 müse, Kinder jubelten, am Flußufer saßen zwei Kna¬
2109 4684 3012 4721 ben aufmerksam und träge über ihre Angelruten ge¬
2103 4710 3012 4769 neigt. Die Farben von Cézanne, die grauen Glocken
2103 4751 3061 4793 türme von Marcel Proust erschienen am Horizont.
2103 4784 3061 4833 Dann kamen die Abendnebel, und das Land, von den
2103 4813 3017 4857 rötlichen Feuerstößen unserer Lokomotive erhellt,
2103 4854 3061 4902 wurde gespenstisch. Ich wunderte mich, als ich bei
2103 4886 3012 4925 einem kurzen Halt aus dem Fenster schaute, daß es
2103 4910 3061 4962 vor einem Bahnwärterhäuschen eine Frau und zwei
2103 4969 3061 5005 kleine Mädchen und den Lampenschein hinter der ge¬
2103 4985 3061 5036 öffneten Türe eines bescheidenen Wohnzimmers gab.\:p\
2161 5020 3062 5067 \p\Ich schlief, als der Zug in Nîmes einfuhr. Im
2103 5056 3061 5097 letzten Augenblick hörte ich den Lautsprecher den
2119 5089 3062 5135 Namen der Stadt ankünden, ergriff meine Hand¬
2103 5124 3062 5177 taschen, und ein unbekannter junger Mensch half mir,
2103 5164 3062 5205 das Gepäck und mich selbst in einen anderen Zug zu
2115 5195 3062 5239 befördern, der einen Augenblick später in tiefer Dunkel¬
2103 5224 3062 5268 heit aus der Station ausfuhr, nach Narbonne. In
2103 5264 3015 5305 den überfüllten Abteils brannten winzige blaue Lam¬
2103 5300 3017 5342 pen, die Luft war stickig, die Passagiere schliefen. Ich
2121 5341 3064 5380 hatte das Gefühl, zu stören und blieb, ein Paket Ziga¬
2103 5364 3062 5423 retten in der Tasche, im Gang neben dem jungen
2103 5402 3062 5441 Mann stehen, der, eine Pfeife rauchend, durch das ge¬
2103 5435 3017 5493 öffnete Fenster den langsam vorbeiziehenden Nacht¬
2103 5475 2438 5531 himmel betrachtete.\:p\
2161 5489 3064 5561 \p\Er war Militärflieger. Ich lernte von ihm in
2103 5522 3018 5593 zwei Stunden, während wir nicht viele Worte wech¬
2103 5579 3065 5636 selten, welches Gefühl und welcher Stempel für ein
2121 5614 3065 5659 Leben es sein muß, die Lust des Kampfes, den
2103 5646 3065 5699 Triumph des Mutes zu kennen, und besiegt zu sein,
2103 5693 3064 5745 nie gekämpft zu haben. Er erzählte mir von dem Tag,
2103 5721 3065 5768 da er sein Flugzeug an dem vom Sieger bestimmten
2103 5756 2471 5807 Ort abliefern mußte.\:p\
2161 5767 3064 5839 \p\Als ich heute früh in Narbonne in den nächsten
2103 5818 3064 5898 Zug stieg, wurde mir klar, warum ich diese lang¬
2103 5854 2850 5897 wierige Fahrt als „kleine Reise“ empfinde.\:p\
2179 5878 3064 5943 \p\Diese Strecken, die ich zurücklege, und jeder Anblick,
2102 5898 3065 5980 jede Begegnung, jedes Gefühl, — sie sind in Frank¬
2103 5957 3064 6021 reich, – aber die Beengung der künstlichen Grenze [gemeint ist die Grenze zwischen dem von Deutschland besetzten Frankreich und dem selbstregierten, faschischtischen Vichy-Frankreich]
2103 5991 3065 6039 setzt es herab zu lokaler, unfruchtbarer Zerstückelung,
2103 6026 3065 6072 und seine Seele wird sich nicht wieder regen und be¬
2103 6069 2678 6125 flügeln, solange es nicht frei ist.\:p\
