4322 7078
338 4658 1229 4732 Eine christliche Stadt im Herzen Persiens
554 4720 1038 4786 Von Dr. Annemarie \g\Clark\:g\
396 4762 1251 4835 \p\Es gibt zwei Städte mit dem gleichen Namen
344 4822 1252 4858 \g\Djulfa\:g\, beide in Persien, beide von Armeniern be¬
334 4862 1251 4897 wohnt. Eine dieser Städte, wenig über dreihundert
349 4888 1251 4927 Jahre alt, liegt in der Nachbarschaft der alten persi¬
343 4924 1252 4971 schen Hauptstadt Isfahan, ist eigentlich ein Vorort,
336 4965 1251 5004 ein Außenquartier davon. Das andere Djulfa liegt
339 4987 1252 5036 weit oben in der nördlichsten Ecke Persiens, an der
336 5024 1251 5070 Grenze der Sowjetunion: dieses ist das ursprüngliche
343 5059 1251 5111 Djulfa, uralt, war einmal eine bedeutende \g\armeni¬
332 5085 1252 5146 sche\:g\ Stadt und ist heute einer der ärmsten Plätze die¬
339 5129 1253 5170 ser weltverlorenen Provinzen. Der Grenzfluß, der
338 5163 1252 5196 Djulfa von seinem russischen Nachbardorf trennt, und
334 5195 1253 5260 Iran von der Sowjetunion, ist der Araxes, ein Name
335 5231 1251 5264 heroischen Klangs[corr: .] Er schleppt sich, lehmgelb, langsam
334 5264 1251 5310 durch ein lehmgelbes, ausgedörrtes, von Erdbeben
339 5298 1252 5337 heimgesuchtes Gebirgsland. Ihm zu Füßen liegen die
335 5335 1251 5382 Hügel und Täler von Azerbeidschan, fruchtbare Län¬
335 5366 1251 5425 der, wo Obst und Getreide gedeiht, und die Halden
330 5408 1251 5449 mit Weinreben bedeckt sind. Im Rücken dafür zieht
334 5432 1252 5475 sich, majestätisch ruhevoll, immer mit Schnee bedeckt,
339 5466 1251 5521 und silbern-heiter, die luftige Kette des Kaukasus hin.
343 5501 1251 5547 Dazwischen, im toten Streifen, liegt Djulfa: ein
336 5535 1251 5577 Haufen Häuser und Höfe mit langen Mauern aus
336 5567 1251 5606 ungebranntem Lehm, ein wenig abseits eine Bahn¬
336 5606 1251 5644 station. Aber die Bahn, die nach Tiflis hinüberführt,
336 5637 1251 5675 ist heute ohne viel Bedeutung. Die Bewohner von
339 5673 1249 5729 Djulfa sind arme Leute. Vor mehr als dreihundert
335 5708 1251 5738 Jahren waren sie die besten Handwerker Persiens, so
339 5738 1252 5784 fleißig, geschickt und geschäftig, wie man es ihrem
343 5775 1251 5810 Volk heute noch nachrühmt, — die Perser hassen sie
338 5803 1252 5860 dafür, oder verachten sie, es ergeht ihnen ähnlich wie
335 5837 1251 5880 den Juden. Schah Abbas, der einer der größten Herr¬
339 5874 1252 5914 scher Persiens war, und dessen Name mit allem Besten
328 5911 1252 5949 und Vollendetsten der persischen Kunst verknüpft ist,
336 5941 1252 5986 hat das \g\neue\:g\ Djulfa neben seiner Residenz Isfahan
336 5982 1251 6020 gegründet, um die armenischen Handwerker aus dem
332 6014 1252 6065 Kaukasus hierher zu ziehen, und sich ihre Geschicklich¬
334 6040 1251 6102 keit zunutze zu machen. Er hat eine ganze Kolonie von
1259 4629 2175 4687 Armeniern aus Djulfa deportiert, und sie jenseits des
1271 4667 2174 4714 Flusses und der großen Brücken Isfahans angesiedelt.
1265 4702 2174 4752 Sie waren Christen, — die Armenier, die den hettiti¬
1261 4740 2174 4774 schen Ureinwohnern Kleinasiens, wie man sie auf zahl¬
1258 4777 2174 4816 reichen Reliefs dargestellt findet, erstaunlich ähnlich
1247 4807 2175 4855 sehen, sind wie die Georgier in sehr früher Zeit zum
1247 4843 2154 4889 Christentum übergetreten und haben deshalb, als
1247 4868 2174 4911 religiöse Minorität, zwischen Persern, Kurden, Kal¬
1247 4907 2174 4954 däern und Türken ihren [Rassentypus[Kommentar mit Verweis auf AS ambivalente Position gegenüber Rassenlehre – etwa, dass sie sich auch über die Schädelvermessungen der Nazis lustig gemacht hat, aber Schädelvermessung zur Feststellung einer 'Rasse' wohl nicht problematisch fand und womöglich selbst im Zusammenhang der Archäologie betrieb] rein bewahrt.
1246 4937 2174 4991 Es ist nicht schwer, sie zu erkennen: sie haben sehr
1247 4979 2175 5036 steile und kurze Köpfe, niedrige Stirnen, große Nasen,
1246 5004 2174 5058 oft auch hervortretende Augen. Im Profil gesehen,
1247 5046 2174 5089 haben sie Vogelgesichter. Christliche Vornamen sind
1247 5075 2174 5116 verbreitet, so etwa Johannes, — die Familiennamen
1247 5109 2174 5155 enden meistens auf „ian", — also etwa „Balessanian"
1247 5143 2175 5196 oder „Mukhtarian“. Wir in Europa hören seit dem
1246 5183 2174 5230 Weltkrieg meistens nur die Greuelgeschichten (die übri¬
1247 5214 2174 5265 gens keine Märchen sind) von den Armenierverfolgun¬
1247 5253 2154 5294 gen in der Türkei, und von armenischen Flüchtlingen,
1247 5277 2174 5323 die in Syrien ein bedauernswertes Leben führen. In
1247 5320 2174 5354 Persien sind die Armenier eine starke Minorität, wie
1247 5347 2174 5387 die Kaldäer und Assyro-Kaldäer in der Gegend des
1247 5376 2174 5427 Urumiah-Sees. Es gibt armenische Dörfer in der Um¬
1246 5425 2174 5468 gebung Teherans: man erkennt sie meistens, weil sie
1246 5454 2174 5500 besser gehalten, sauberer, ordentlicher gebaut sind.
1247 5492 2174 5527 Ihre Felder sind besser bestellt und ertragreicher, als
1247 5519 2174 5563 die der mohammedanischen Bauern. Armenische Schü¬
1247 5558 2174 5600 ler sind aufgeweckt und ehrgeizig. Ein großer Prozent¬
1247 5586 2174 5637 satz von Aerzten, Zahnärzten und Rechtsanwälten sind
1246 5623 2174 5673 Armenier. Daß sie unbeliebt sind — auch die persischen
1247 5662 2174 5698 Israeliten sind es, — bedeutet nicht, daß in Iran ein
1247 5695 2174 5739 Minoritäten-Problem existiert. Man hat Armenier
1247 5728 2175 5772 und Kaldäer während des Weltkriegs zu Tausenden
1247 5764 2149 5805 massakriert, und versucht heute, ihre eigenen Schulen
1246 5795 2174 5842 Seminare und dergleichen zu unterdrücken. Da kein
1247 5832 2174 5875 genügendes nationales Bewußtsein vorhanden ist, um
1246 5863 2174 5911 einen Widerstand zu organisieren, existiert das Pro¬
1246 5890 2174 5943 blem nicht: die Kaldäer, — vor allem die schismati¬
1247 5922 2174 5968 schen Assyro-Kaldäer, wandern nach Irak und Syrien
1247 5968 2174 6012 aus, — die Armenier bleiben, und sind, zäh, fleißig
1247 6001 2174 6045 und ausdauernd, immer wieder unter den Wohlhaben¬
1247 6023 2175 6076 den der Bevölkerung. Man gewöhnt sich im Nahen
1247 6065 2174 6119 Osten daran, die Unmenge verschiedener Rassen, kleine
2170 4642 3111 4694 Religionsgruppen, Ueberreste einst bedeutender Völker
2170 4694 3113 4741 eingestreut in dominierende islamische Bevölkerungen,
2170 4707 3111 4767 etwa Türken oder Perser, zu sehen. [Wir sind heute
2169 4749 3112 4807 geneigt, der Umgebung, dem Klima, dem Landschafts¬
2169 4779 3112 4842 bild, einen fast entscheidenden Einfluß auf die Psycho¬
2170 4803 2771 4861 logie der Bewohner einzuräumen[Klima-Theorie schon seit dem 18. Jahrhundert verbreitet, heute als 'nurture-nature'-Frage noch diskutiert. AS weist eine reine 'nurture'-Erklärung zurück und scheint Plausibilität in rassischen Eigenschaften zu sehen (obschon hier kulturelle Erklärungen naheliegen würden)] .
2237 4852 3111 4901 Daß „Blut und Boden“ und die ganze Reihe der
2170 4892 3113 4935 mütterlichen- und Erd-Instinkte nicht allein die Be¬
2170 4921 3112 4973 sonderheiten einer Gruppe von Menschen formen, be¬
2170 4965 3090 5009 weisen eben diese Minoritäten. Die Kaldäer beobachtet
2169 4994 3112 5046 man am besten in Urumiah, die Armenier in Neu¬
2169 5019 3112 5077 Djulfa. Sie leben dort seit über drei Jahrhunderten,
2170 5070 3113 5109 mit einem beständigen, aber sehr dünnen Zustrom aus
2170 5104 3087 5139 anderen Städten oder aus Armenien selbst. Sie sind
2170 5122 3111 5168 heute noch, was sie waren, als Schah Abbas sie nach
2170 5157 3111 5205 Isfahan deportierte: meistens Handwerker, und ver¬
2169 5182 3113 5255 gleichsweise wohlhabend. Isfahan ist die schönste per¬
2170 5224 3113 5291 sische Stadt, reich an wunderbaren Moscheen aus dem
2194 5262 3111 5310 sechzehnten und siebzehnten Jahrhundert, Persiens
2169 5288 3112 5348 bester Zeit, — reich an schönen Plätzen, Brücken, Pa¬
2169 5322 3112 5386 lästen und Karawansereien. Aber Djulfa, jenseits des
2170 5376 3084 5420 Flusses, ist sauberer, ordentlicher beisammen, geschlos¬
2169 5393 3113 5453 sener als Isfahan. Das Baumaterial ist dasselbe:
2170 5435 3111 5499 ungebrannter Lehm, — aber die Häuser sind anders,
2170 5475 3092 5522 solider, europäischer. In der Mitte des Orts gibt es
2169 5508 3090 5557 einen runden Marktplatz mit Obstständen, dort ist
2170 5544 3113 5584 auch der Eingang zum Bazar. In den Häusern sieht
2169 5568 3084 5626 man, zu ebener Erde, Frauen und Mädchen an Web¬
2170 5603 3111 5646 stühlen arbeiten. Die Frauen tragen ihre alte Tracht:
2170 5639 3113 5687 bunte Kopftücher, schwere, lange, faltenreiche Röcke,
2169 5678 3059 5728 kurze, bestickte Jacken. Ihr Gesicht ist unverschleiert,
2169 5698 3112 5771 unter dem Kopftuch tragen sie, wie die Jüdinnen,
2170 5742 3111 5801 kleine runde steife Kappen mit klingelnden Goldmün¬
2188 5776 3111 5815 zen oder bunten Perlen. Die Männer, magere, eher
2169 5821 3112 5865 große Leute, sehen proletarisch aus, tragen durchaus
2169 5851 3112 5906 [europäische Arbeiterkleidung[ist eine solche nicht sowieso vorgeschrieben durch den modernisierenden Schah? oder ist das im Irak so?]. Mitten in Djulfa gibt
2170 5884 3113 5939 es zwei alte Kirchen. Von außen gleichen sie, mit ihren
2169 5906 3113 5970 hohen Kuppeln aus gelbem Lehm und den einzelstehen¬
2170 5943 3111 5987 den Glockentürmen, großen Dorfmoscheen. Eine von
2169 5977 3112 6039 ihnen heißt die „Kathedrale“, sie liegt in einem großen
2170 6021 3086 6065 Hof, wo in einem wiederum sehr persischen Haus mit
2169 6045 3112 6104 Holzgalerie und vielen Türen an Stelle der Fenster,
2170 6081 3111 6132 der Bischof von Djulfa wohnt. In einem kleinen Mu¬
3107 4653 4027 4714 seum werden kunstvoll geschriebene und bemalte
3107 4702 4030 4757 Kirchenbücher in armenischer Handschrift aufbewahrt,
3107 4733 4027 4782 auch Heiligenbilder und Gesangsbücher. Die Kathe¬
3107 4767 4027 4819 drale selbst übt auf den Besucher die sonderbarste
3106 4798 4027 4856 Wirkung aus: gewiß ist hier etwas, was uns an katho¬
3119 4829 4027 4887 lische Kirchen, mindestens an die orthodoxen Kirchen
3106 4849 4021 4924 Istanbuls erinnert. Dunkle Bilder bedecken die ganzen
3106 4911 4031 4959 Wände, die alten Motive: [Sündenfall und Jüngstes
3106 4938 4031 4994 Gericht, — Verkündigung und Kreuzestod[während Sündenfall und Jüngstes Gericht die gesamte Heilsgeschichte umreisst (wie sie schon im AT zu finden ist), ist mit Verkündigung und Kreuztod das Leben Jesu umrissen]. Dazwischen
3170 4979 4021 5016 – was man in Moscheen nicht sieht — viel Gold,
3106 4990 4033 5060 welches das Dunkle noch dunkler macht, und in das
3106 5033 4020 5096 Licht geheimnisvolle Schauer mischt. Aber dieser christ¬
3106 5085 4021 5130 lich-vertraute Eindruck wird gestört durch allerhand
3126 5105 4022 5166 Orientalisches: der Boden ist, wie in einer Moschee,
3106 5145 4021 5191 über und über mit dämpfenden Teppichen belegt, und
3107 5186 4017 5232 die Brüstung, die den Altar von den Gläubigen
3106 5217 4021 5265 trennt, ist aus persischen Kacheln gemacht, — ebenso
3107 5245 4022 5294 verkleiden sie den untersten Teil der Wände. Sicher
3106 5280 4025 5333 sind diese Kacheln speziell für die Kirche hergestellt,
3107 5322 4021 5363 und vermutlich von Armeniern — Engel schweben und
3107 5353 4024 5400 Lämmer tummeln sich zwischen den stilisierten Blumen,
3152 5389 4018 5434 – die Blumen aber, man erkennt es plötzlich, sind die
3107 5412 4033 5469 immer gleichen der Teppichmuster, von Senna oder
3107 5442 3267 5497 Ferahan.\:p\
3164 5486 4021 5544 \p\Am Abend hört man dann Glocken läuten, während
3106 5509 4028 5577 drüben in Isfahan die Stimmen der Gebetrufer von
3106 5545 3790 5606 den hohen Moscheetoren niederschweben.\:p\
3176 5583 4024 5646 \p\Man besinnt sich, wo man ist. Isfahan, ein Name,
3107 5613 4024 5679 der eine Epoche und eine Kultur ausdrückt, — dort¬
3106 5654 4022 5709 hin weist, was in Persien geschieht, hundert Beziehun¬
3115 5685 4021 5744 gen, Traditionen, Erinnerungen. So gesehen, ist Djulfa
3106 5729 4027 5776 nur ein Zufall, und ein Fremdkörper in einem Land,
3107 5752 4021 5814 dessen Entwicklung gerade in kultureller Hinsicht über¬
3107 5796 4018 5850 raschend einheitlich ist. Aber für mich war Djulfa ein
3107 5822 4015 5878 Erlebnis. Es bedeutete den stetigen, beharrlichen,
3107 5850 4015 5919 wenngleich anspruchslosen Ausdruck eines Volks, wel¬
3107 5891 4012 5947 ches keine andere Bindung hier besaß, als die des be¬
3106 5919 4014 5985 wußten, kulturtragenden Intellekts und der Religion,
3107 5963 4015 6013 die sie verband. Das andere Djulfa, in der Halbwüste
3107 5994 4012 6047 des Araxes, ist an der Armut des Landes gestorben,
3152 6032 4015 6075 – das neue Djulfa, losgelöst, eine Insel in der isla¬
3106 6051 4014 6126 mischen Welt, verbreitet noch heute die Atmosphäre
3107 6102 3829 6151 eines uns in manchem verwandten Volks.\:p\
