3838 5669
84 3876 819 3937 Fahrt durch ein verändertes Oesterreich
189 3924 723 3986 Erste Eindrücke nach dem Anschluß.
108 3978 844 4019 \p\An der Grenze, bei \g\Martinsbruck\:g\, standen
84 4015 844 4049 drei SA-Männer, zwei davon waren Deutsche. Der
87 4045 821 4084 Oesterreicher sagte nicht viel. Er benahm sich wie
87 4075 844 4128 ein Untergebener, der Angst hat, einen Fehler zu
83 4105 189 4152 machen.\:p\
117 4129 818 4174 \p\Erst in \g\Landegg\:g\ begann es richtig. Das fried¬
84 4149 844 4196 liche Dorf war nicht wiederzuerkennen. Die Straßen
84 4196 844 4230 voll von Truppen, Mädchen flanierten auf und ab,
90 4228 815 4259 zu zweit und dritt, mit eingehängten Armen
84 4255 844 4298 manchmal sprang eine ab, begrüßte einen jungen
96 4286 845 4326 Leutnant, verschwand mit ihm in der Seitengasse.
90 4318 815 4352 Im Gasthof „Post“ drängten sich die Offiziere:
84 4346 844 4388 Reichswehr SS, SA, — man kannte sich nicht gleich
90 4381 819 4414 aus. Als Zivilist wurde man von der Seite an
93 4408 844 4441 gesehen, und kam sich selber verdächtig vor, auch
90 4439 819 4472 wenn man nichts auf dem Kerbholz hatte. Ich
84 4469 813 4508 trank rasch meinen Kaffee. Während ich im Hof
90 4494 844 4544 tankte, rollte eine schwere Motorkolonne durch die
95 4527 845 4564 Dorfstraße. „Kommt alles vom Arlberg runter“
90 4562 845 4602 erklärte mir Josef, der Hausbursche, — „ein Be¬
90 4584 844 4623 trieb ist das ganz Landegg steht auf dem Kopf!“
90 4622 812 4658 „Freut Ihr Euch über die Befreiung?“ — Josef sah
89 4648 844 4688 mich mißtrauisch an: „Befreier“, sagte er dann,
96 4681 845 4725 wegwerfend, — „es kommt darauf an, wie man's
96 4708 227 4755 auffaßt ..."\:p\
114 4719 818 4775 \p\In \g\Innsbruck\:g\, bei Anbruch der Dunkelheit,
93 4770 822 4804 verlangsame ich das Tempo meines Wagens, als ich
93 4799 844 4833 an der schönen Mariensäule vorbeifahre. Sie ist
99 4829 828 4869 mit Fähnchen geschmückt. Das schrille Schwarz¬
96 4857 827 4894 Weiß-Rot will nicht recht passen zu den alters¬
96 4893 845 4921 grauen, demütig-ekstatisch gekrümmten Steinfiguren.
101 4919 844 4954 Ein paar Buben in weißen Hemden, die Haken¬
99 4945 844 4986 treuzbinde am Aermel, springen auf mich zu. „Kön¬
96 4980 845 5035 nen wir helfen?“ frägt stramm der Anführer und
848 3839 1627 3884 ordnet einen seiner Untergebenen ab, mit mir zu
857 3869 1598 3915 fahren und mir den Weg zu zeigen. „Wie ge¬
857 3892 1627 3942 fällt Euch das Soldatenspielen?" — Der Bub mit
854 3933 1628 3974 der dichten, blonden Haartolle in der jungen Stirn
848 3960 1627 4010 runzelt finster die Brauen. „Das ist Dienst“, sagt
841 3993 1627 4037 er „und von jetzt an wird sich jeder einreihen
841 4017 1588 4057 müssen, wenn er nicht als Staatsfeind gelten will."
872 4053 1627 4090 — „Und die Juden, und die früheren 'Roten', was
841 4084 1613 4122 macht Ihr mit denen?“ — Die Antwort kommt
859 4114 1627 4159 zögernd: „Wissen Sie“, sagt er, „\g\unsere\:g\ Juden
841 4143 1627 4192 in der Stadt, überhaupt die österreichischen Juden,
853 4175 1628 4208 die sind eigentlich gar nicht so schlimm. Schlimm
841 4202 1607 4246 sind nur die internationalen. Lesen Sie den „Stür¬
854 4227 1628 4280 mer“ da steht es drin: wie sie das Volk aussaugen,
841 4262 1627 4307 und das Geld einstecken, und die deutschen Frauen
841 4296 1627 4331 verführen!“ Er gewinnt an Sicherheit, jetzt da er
854 4325 1628 4373 sich an die Lehren des „Stürmer“ erinnert, seine
841 4354 1627 4391 Stimme steigert sich, wird scharf und schrill. „Wür¬
841 4385 1582 4427 den Sie sich etwa mit einem Juden einlassen?"
863 4412 1627 4460 „Das kommt darauf an“, sage ich „ob ich ihn sym¬
860 4444 1627 4486 pathisch und liebenswert fände“. — „Na ja — der
841 4471 1574 4516 Junge streift mich mit einem abschätzigen Blick –
854 4505 1628 4551 „Sie sind ja auch Ausländerin. Sie können das
841 4534 1607 4571 alles nicht so begreifen. Man muß Deutscher sein,
841 4567 1627 4611 um den Führer ganz zu begreifen. Die deutsche,
841 4597 1601 4637 nordische Rasse die ist dazu bestimmt, Judas Welt¬
854 4634 1629 4680 herrschaft zu stürzen“ — „Und selbst die Welt zu
841 4660 1628 4696 beherrschen?“ — Der Blonde fällt in den alten,
841 4684 1607 4719 schrill-aggressiven Ton zurück. „Jawohl“, sagt er
866 4715 1627 4778 „weil wir eine höhere Rasse sind. Das werden
854 4748 1398 4789 Sie ja wohl nicht leugnen wollen?"\:p\
890 4786 1627 4827 \p\Ich war weit davon entfernt, es zu leugnen. Ich
841 4823 1627 4869 ließ den Jungen, der seine „Stürmer“-Lektionen so
866 4851 1595 4897 gut gelernt hatte an der Ecke aussteigen, gab Gas,
841 4877 1580 4915 und fuhr der dunklen Landstraße entlang auf \g\Salz¬
841 4911 1601 4953 burg\:g\ zu. — Ich kam nur langsam vorwärts. Fast
841 4945 1595 4989 ununterbrochene Lichterreihen kamen mir entgegen:
841 4975 1627 5018 Kolonnen von Lastwagen, dicht besetzt mit Infan¬
1624 3843 2406 3876 teristen, Feldartillerie, deren mit einer Lederhülle
1636 3849 2406 3906 geschützten Rohre steil in den Himmel starrten, Mo¬
1624 3894 2406 3928 torräder, eines hinter dem anderen, in scharfem
1624 3923 2406 3968 Tempo die Fahrer ausgerüstet mit Stahlhelm,
1624 3951 2406 3987 Schutzbrille, Tornister und Gewehr, Motorräder mit
1624 3984 2407 4025 Beiwagen, je drei Mann und ein Maschinenge¬
1630 4017 2406 4052 wehr, Gruppen von zehn, zwanzig starken Personen¬
1624 4045 2406 4097 autos, besetzt mit Offizieren, SS-Männern, Schupo.\:p\
1660 4087 2377 4124 \p\An einer Kreuzung wurde ich angehalten. „Sie
1624 4114 2407 4170 müssen mindestens eine Stunde warten“ hieß es da,
1624 4153 2375 4190 „bis das Bataillon den Berg passiert hat.“ — Ich
1624 4174 2406 4217 ließ den Wagen stehen und ging in die nächste
1642 4209 2406 4248 Kneipe, um heißen Kaffee zu trinken. Die Wirts¬
1624 4239 2393 4279 stube war leer bis auf einen Tisch, an welchem
1624 4270 2406 4312 drei Männer in Tirolerjacken saßen, die Filzhüte
1624 4298 2406 4335 in den Nacken geschoben. Das Gespräch verstummte,
1624 4331 2406 4371 als ich eintrat. Erst als ich vom Schankmädchen
1624 4358 2406 4399 eine Zeitung verlangte, und mich in das „Tage¬
1624 4390 2406 4438 blatt von Wörgl“ versenkte, wurde mit gedämpften
1639 4418 2406 4460 Stimmen weitergeredet. — „Ich habe die verwun¬
1624 4451 2406 4491 deten Brüder gesehen“, hörte ich, „auf Bahren ha¬
1630 4479 2380 4522 ben sie sie weggetragen, einem lief das Blut über
1624 4507 2407 4546 die schwarze Soutane.“ — „Ich hätt's den Brüdern
1642 4538 2381 4588 gar nicht zugetraut“. — „Man wollte ihnen Be¬
1624 4570 2406 4604 satzung ins Stift legen, und sie haben das Tor
1639 4603 2406 4641 nicht aufgemacht. Gleich stand ein Maschinengewehr
1624 4632 2406 4678 da, und als das Tor aufging, und die Brüder
1624 4661 2406 4702 herauskamen und das Kreuz schlugen, schon wurde
1624 4688 2406 4740 die erste Salve losgelassen. „Nützt auch nicht, sich
1636 4723 2406 4768 zu wehren.“ — „Wenn man sich nicht wehrt, nützt
1630 4752 2406 4808 es genau so wenig“ — Aber es geschieht einem
1624 4786 2389 4830 wenigstens nichts.“ — Ich lege die Zeitung weg,
1624 4812 2406 4864 und fragte: „Wo lag denn das Stift?“ — „Drüben,
1636 4844 2407 4885 am Berg“ kam die unbefriedigende Antwort. Dann
1636 4875 2406 4908 war es aus, — kein Wort mehr war aus den Ge¬
1636 4899 2406 4947 sellen herauszuholen. Der Kleine, der die Geschichte
1636 4928 2406 4978 mit den verwundeten Brüdern erzählt hatte, zahlte,
1624 4965 2407 5016 stand auf und verließ das Lokal mit einem deut¬
2402 3823 3159 3864 lichen: „Na also dann, Heil Hitler!“. Die Anderen
2403 3855 3159 3895 folgten bald nach. Draußen rollten unaufhörlich
2403 3890 3159 3925 die Panzerwagen vorbei, Tanks und Kanonen,
2403 3916 3159 3951 Tanks und Kanonen, und im bleichen Scheinwerfer¬
2403 3949 3159 3986 licht sah man, daß auch Menschen dabei waren,
2403 3977 3163 4016 deutsche Soldaten, den Sturmriemen unterm Kinn,
2403 4009 3159 4047 die müden Augen im knochigen Gesicht starr gerade¬
2403 4042 2613 4088 aus gerichtet.\:p\
2439 4069 3165 4121 \p\Ich entschließe mich in dem kleinen Gasthof zu
2403 4112 3168 4151 übernachten, fahre den Wagen in den Hof und be¬
2413 4140 3172 4183 stelle drin in der Gaststube noch ein Glas Bier.
2403 4175 3159 4209 Es ist Mitternacht, Polizeistunde; ein schnurrbär¬
2403 4204 3172 4236 tiger Gendarm — sicher einer aus der k. u. k. Zeit
2430 4237 3166 4280 — nickt kurz durch die Türe. Als er weg ist, setzt
2403 4264 3168 4296 sich der Wirt an meinen Tisch. „Wenn Sie erlau¬
2403 4292 3159 4330 ben“ sagt er, und hebt sein Bierglas. Er sieht ge¬
2403 4322 3172 4361 drückt und sorgenvoll aus, er sitzt da mit gesenktem
2403 4356 3159 4396 Kopf und schweren gefalteten Händen und seine
2403 4385 3108 4425 müden Augen wandern unruhig umher. –
2403 4413 3168 4453 „Schlimme Zeiten“, sagt er. „Ja“, sage ich, — „aber
2403 4443 3162 4484 jetzt soll es ja besser werden. Er nickt und schweigt.
2416 4478 3165 4518 Dann, als habe er sich zu etwas entschlossen, schaut
2403 4508 3172 4546 er auf mit seinen wasserblauen Augen und frägt:
2419 4532 3171 4578 „Was sagt man denn bei Ihnen, drüben in der
2403 4575 3154 4608 Schweiz?“ — „Was man sagt? Worüber denn?“ —
2403 4595 3172 4633 Er sieht mich an, fast flehend, „Sie wissen doch, was
2403 4627 3168 4667 ich meine. Wegen unserem Oesterreich.“ – „Bei
2403 4650 3165 4698 uns“ sage ich, „da hätte man sich gewehrt. Man
2403 4687 3172 4729 hätte geschossen. Man hätte nicht einfach ein frem¬
2403 4717 3168 4754 des Heer einmarschieren lassen.“ — „So, so“ mur¬
2403 4746 3159 4783 melt der Wirt traurig, „Ihr hättet also geschossen!“
2457 4784 3160 4818 „Aber bei uns liegen die Dinge auch anders.
2403 4811 3159 4847 Wir haben keine große Partei, die den Anschluß
2403 4835 3165 4875 will. Wir haben keine großdeutsche Tradition. Und
2403 4870 3162 4909 vor allem haben wir eine demokratische Regierung,
2403 4903 3162 4938 eine Volksvertretung, bei uns hört man, was das
2403 4929 3159 4964 Volk will.“ — Der Mann nickt bekümmert. „Wir
2403 4962 3159 5009 wurden nicht gefragt“, sagt er. „Es wurde regiert,\fml\\:p\
672 4089 1441 4127 \p\\fml\ohne uns zu fragen. Und die andern haben das
675 4125 1440 4168 Land verraten und schon lange alles vorbereitet
678 4155 1422 4190 und dann losgeschlagen. In jedem Dorf sitzen sie
675 4184 1440 4229 jetzt und regieren und sperren ein und prügeln und
675 4217 1421 4263 verurteilen und schreiben in die Zeitung und
675 4240 1410 4286 schreien im Radio und singen auf der Straße –
672 4270 1441 4310 und wir sind nicht gefragt worden und werden erst
675 4309 1440 4340 recht nicht mehr gefragt. Aber glauben Sie mir,
675 4340 1440 4374 wir, die Leute vom Land, die kleinen, die Bauern,
675 4369 1440 4405 und Gewerbetreibenden wir sind alle sehr traurig,
669 4398 1424 4434 daß es so kommen mußte!“ — Er hält ein, wie er¬
672 4426 1441 4464 schöpft von der langen Rede. Er schüttelt mir die
675 4458 1440 4495 Hand und wünscht gute Nacht und leuchtet mir die
675 4488 1236 4528 Treppe zu meiner Stube hinauf ...\:p\
708 4524 1440 4565 \p\Am nächsten Morgen fuhr ich weiter, über die
672 4554 1441 4589 deutsche Grenze und Reichenhall nach Salzburg, von
672 4584 1441 4620 dort auf leidlich guten Straßen nach Linz, und
675 4615 1440 4646 durch reiches schönes, sanftes Hügelland vorbei
678 4645 1440 4691 an jungen Feldern und tiefgrünen Weiden auf
681 4678 1440 4712 Wien zu. Ich unterhielt mich mit Gastwirten, Te¬
678 4705 1440 4743 lephonisten, Bauern, Tankwärtern, Chauffeuren, mit
681 4736 1440 4772 Kleinbürgern in den Städten: Jubel und Trauer
678 4766 1440 4803 und wechselnde Auskunft, Hoffnung bei den Einen,
678 4798 1424 4837 Resignation bei den Anderen, bei Vielen Furcht
675 4825 1424 4866 vor der Zukunft. Vorwiegend waren es Angehörige
675 4855 1415 4890 des kleinen Mittelstands und Arbeitslose, die an
675 4888 1440 4927 die göttliche Sendung des Führers glaubten und
675 4913 1440 4956 umgekehrt waren es die Nazis, die am dürftigsten
675 4948 1440 4987 zu antworten wußten, die mit Schlagworten und
675 4979 1440 5010 allgemeinen Wendungen auswichen wenn man sie
678 5008 1440 5047 fragte, wieso es denn nun so viel besser und so
675 5035 1440 5072 ganz anders würde. Allerlei angelernte Phrasen
675 5068 1440 5106 bekam ich zu hören. — Und auffallend häufig kehrte
675 5102 1410 5132 das Motiv der Rache und Vergeltung wieder. –
675 5128 1440 5171 Rache und Vergeltung für vier Jahre Schmach, das
681 5160 1440 5191 ist es vor allem, was vielen, die jetzt ans Licht ge¬
678 5184 1440 5228 langt sind, wüst in den Köpfen spukt. In jedem
681 5225 1441 5259 Dorf gibt es Anlaß zur Rache genug. Hat man
678 5248 1441 5288 da nicht einen der Ihren schlecht behandelt? Einen
675 5281 1440 5312 anderen aus dem Gasthof gewiesen? Der Wirt wird
675 5311 1440 5356 es zu bezahlen haben, jetzt da die Nazis regieren
1437 4091 2221 4141 und das deutsche Recht wieder hergestellt ist! Und
1437 4125 2221 4158 war der Nachbar nicht ein Jude? Er soll büßen
1457 4154 2221 4201 für das, was die „internationalen Verbrecher“ uns
1437 4184 1687 4232 angetan haben!\:p\
1481 4212 2220 4256 \p\Aber sorgenvoll und vernünftig — ach, nur allzu
1451 4255 2220 4293 vernünftig! — antworteten alle jene, die nichts
1437 4278 2221 4313 Gutes erwarten. „Was hat diese Eroberung un¬
1437 4308 2221 4349 seres schönen Landes mit einer wahren Vereinigung
1437 4346 2221 4379 in Großdeutschland zu tun?“ hieß es da. Und: „Wo
1437 4364 2221 4416 sind eigentlich unsere Oesterreicher, ja, auch die
1437 4403 2153 4450 österreichischen Nationalsozialisten hingekommen?\:p\
1484 4433 2210 4491 \p\Und es ist schon von ihnen regiert! Zerbrochen
1437 4482 2207 4518 der alte Traum vom majestätischen Adler des kaiser¬
1437 4510 2221 4557 lichen Wien, zerbrochen die starke Idee von der
1437 4539 2221 4577 Vielheit und Einheit der Stämme, zerstört ein
1437 4574 2198 4616 europäisch-lateinisches Land, dessen Boden fruchtbar
1451 4601 2220 4644 war und strotzte vor Kultur, und zu Ende der Ge¬
1437 4631 2221 4683 danke von der katholischen Einheit und Stärke, die
1437 4660 2221 4700 verwurzelt war im Klassischen und Barocken, im
1437 4692 2221 4734 Volkstümlichen und Aristokratischen ... Alte Beamte
1437 4721 2221 4761 wischten sich den streifen [corr.: steifen] Schnauzbart, alte Offiziere,
1437 4747 2221 4790 alte Bauern, alte Knechte und Schmiedemeister
1437 4774 2222 4821 blickten verwundert und verwundet auf die Trüm¬
1460 4810 2220 4857 mer eines Lebens und eines lebendig-fruchtbaren
1457 4843 1741 4889 Teils von Europa.\:p\
1437 4874 2221 4934 \p\Aber schlimmer, akuter, tragischer wurde es in
1437 4916 2192 4951 Wien. Dort erlebte man die Veränderung. Die
1437 4944 2221 4977 Stadt lag unter dem Nebel dichter propagandisti¬
1437 4972 2221 5010 scher Gespinnste. Nichts war mehr Wahrheit, man
1437 5008 2221 5053 konnte nicht erfahren, ob Fey noch lebte und für
1437 5036 2192 5070 die groteske Tragikomödie eines „großen Gerichtes"
1437 5066 2221 5111 aufbewahrt wurde, ob Schuschnigg wirklich im un¬
1460 5102 2220 5144 würdigen Schauspiel eines Scheinprozesses auftreten
1437 5129 2221 5174 sollte, ob Initzer schamlos und freiwillig den Hitler-
1437 5158 2221 5205 Gruß unter die Abdankung des Katholizismus ge¬
1437 5190 2221 5226 setzt und damit Tausende seiner Beichtkinder in
1437 5219 2221 5257 Zwiespalt und Enttäuschung gestürzt habe. Pro¬
1437 5247 2221 5292 paganda war jedes Wort aus dem Radio, jede
1437 5280 2201 5320 Zeitungsüberschrift, jede Rede. Die Wahrheit war
1437 5308 2221 5357 nicht mehr festzustellen im dichten Schwarm der
2217 4091 2991 4137 Gerüchte, Anschuldigungen und Widersprüche. Ne¬
2217 4126 2991 4161 ben Angst, Panik, Verfolgung ging der Jubel ein¬
2217 4160 2977 4194 her, singend marschierten die Knaben durch die
2227 4187 2968 4223 Straßen, die in die HJ. eingereiht werden sollten,
2217 4218 2991 4253 in den Parks und Anlagen wurden reife Männer
2217 4252 2991 4286 aus allen Berufs- und Gesellschafts-Schichten ge¬
2217 4277 2991 4314 drillt. Auffallend fehlte zwar auch hier das eigent¬
2217 4304 2968 4345 liche Proletariat. Nicht als ob sich die Arbeiter
2217 4340 2991 4374 Wiens zu irgendeinem Widerstand aufgerafft hät¬
2217 4367 2991 4407 ten — man muß die düstere Macht und unfehlbare
2229 4403 2977 4432 Organisation des modernen Armee- und Partei-
2217 4431 2981 4469 Apparats gesehen haben, um zu wissen, was das
2288 4460 2991 4500 heißt: Machtergreifung — aber sie „machten nicht
2290 4492 2991 4525 mit.“ In den Arbeitervierteln hingen weniger Ha¬
2217 4523 2991 4550 kenkreuzfähnchen, waren weniger Leute auf der
2217 4543 2991 4592 Straße. Vier Jahre Illegalität unter dem „schwar¬
2236 4584 2991 4621 zen Regime“ haben die österreichischen Linkskreise
2217 4613 2991 4647 hinter sich. Sie haben etwas gelernt, sie bilden ge¬
2217 4641 2992 4675 schlossene Kadres. Viele mögen überlaufen, wenn
2217 4673 2982 4710 Hitler zunächst Arbeit beschafft (und daß er das
2217 4701 2977 4740 tun wird, daran zweifelt niemand), viele werden
2217 4729 2981 4769 abfallen unter Druck und Versprechung. Aber eine
2217 4765 2977 4798 Elite unter ihnen und unter den verschiedensten
2217 4792 2971 4829 Schichten von wahrhaft österreichisch Gesinnten wird
2216 4828 2977 4863 wie bisher, ausharren. Zu dieser Elite werden sich
2230 4855 2977 4888 die enttäuschten Nationalisten und Patrioten, die
2217 4883 2982 4921 Geistigen und Idealisten gesellen. Gerade in Oester¬
2227 4914 2981 4955 reich, dem unfreien, seit dem Februar 1934 undemo¬
2217 4947 2975 4983 kratischen Oesterreich der klerikalen Regierung
2216 4975 2971 5015 nahm die Partei der unzufriedenen Frondeure
2217 5006 2981 5038 Elemente von vielerlei Färbung auf, noch unklarer
2227 5031 2968 5075 waren Ziel und Programm, vor allem sollte sich
2217 5061 2971 5101 „etwa ändern“. Jetzt \g\hat\:g\ es sich gründlich geändert.
2216 5099 2981 5134 Es regieren Menschen, die man eigentlich nie als
2217 5128 2974 5163 „Brüder“ betrachtet hat, die Anschlußfreunde selbst
2216 5156 2971 5196 wundern sich und eines Tages wird vielleicht aus
2217 5186 2971 5224 Enttäuschung und neuer Bitterkeit ein Andreas
2217 5213 2977 5260 Hofer hervorgehen, denn schon jetzt hört man häufig
2217 5248 2848 5292 den Satz: „\g\Das\:g\ haben wir nicht gewollt."\:p\
2583 5267 2947 5327 \g\Annemarie Clark.\:g\
