3848 5608
270 2771 1854 2898 "Das ist bei uns nicht möglich"
254 2900 1051 2975 \p\Vor einigen Jahren hatte der Roman von Sin¬
195 2961 1051 3010 clair Lewis, der diesen Titel trägt, hier in Ame¬
195 3006 1051 3048 rika einen riesigen Erfolg. Der Autor erzählte
195 3049 1051 3091 darin, wie die Vereinigten Staaten durch den mit
197 3085 1049 3128 erprobten, skrupellosen Propaganda- und Terror-
195 3126 1051 3170 Methoden errungenen Wahlsieg eines Demagogen
195 3162 1043 3213 und Diktatur-Aspiranten über Nacht ihre demo¬
191 3203 1049 3249 kratischen Freiheiten einbüßen und sich in einen
189 3249 1051 3286 faschistischen, d. h. "totalen", von einseitiger Ge¬
195 3286 1049 3324 walt regierten Staat verwandeln. Es gab in diesem
191 3320 1051 3361 Buch Warner, welche die Symptome erkannt, die
191 3361 1049 3401 Schwäche der Menschen in Rechnung gestellt, die
189 3397 1049 3442 menschliche Furcht und Kompromiß-Bereitschaft
195 3442 1002 3487 und das Gesetz der Trägheit begriffen hatten –
191 3476 1049 3523 und deren Stimme also nicht gehört wurde, es gab
185 3521 1051 3570 junge sogenannte Idealisten, die an eine Idee
185 3549 1051 3600 glaubten – etwa die Idee der Freiheit, die Idee
183 3598 1051 3643 des Kampfes – weil sie jung waren und noch
183 3635 1049 3683 nicht erfahren hatten, daß ein Menschenleben
183 3675 1049 3720 kaum einen Schuß Pulver wert ist, und daß kaum
183 3714 1049 3754 einer weiter zu denken vermag als bis zum näch¬
183 3756 1049 3797 sten Stück Brot, wenn er hungrig ist, und bis zur
183 3793 1049 3840 Sicherheit der eigenen Haut. Und es gab in diesem
183 3831 1049 3874 Buch einen freundlichen, liberalen, wohlmeinenden
185 3872 1051 3913 Zeitungs-Redaktor, der seine Angestellten und
183 3908 1045 3955 seine Kinder gut behandelte, und an nichts Böses
183 3951 1049 3994 glauben konnte. Bis seine Welt zusammenbrach,
183 3990 1049 4032 sein Gärtner sich als Spitzel erwies, er über Nacht
183 4032 1051 4071 zum Flüchtlinge und Emigranten wurde, und dann
183 4069 1049 4111 zum Verschwörer, zum Kämpfer, der illegale
183 4105 1049 4150 Druckschriften zur Aufklärung des unterdrückten
185 4146 1051 4188 amerikanischen Volkes über die kanadische Grenze
183 4188 1049 4227 schmuggelte, selbstverständlich unter Lebensge¬
185 4215 1051 4267 fahr. Darin gipfelte das Buch, und darin lag seine
183 4265 1049 4302 Schwäche. Denn es gibt Kämpfer – und es gibt
183 4300 1049 4345 Menschen, die weder das Exil, noch den Kampf
185 4343 1051 4385 gegen das "Böse", diese Sorte von tragischer, weil
179 4383 1049 4434 notwendig einseitiger Aktivität, zu ertragen ver¬
185 4418 308 4476 mögen.\:p\ [space mit Stern]
231 4470 1049 4543 \p\Zur gleichen Zeit hatte in Amerika ein anderes
179 4533 1049 4586 Buch einen populären Erfolg. Es hieß "\g\Schwe¬
179 4574 1049 4620 den, der mittlere Weg\:g\", und handelte von
183 4616 1049 4663 den Kooperativen, die nicht auf dem Gedanken von
183 4655 1051 4693 "mehr, besser, billiger" aufgebaut sind, vom Ge¬
185 4693 1051 4736 danken des größten Profits, sondern auf dem
183 4732 1049 4777 schlichten Gedanken, daß die Aktiengesellschaft
178 4773 1040 4815 der Hersteller von Mehl, Wasserstiefeln, elektri¬
178 4819 1049 4850 schen Birnen, landwirtschaftlichen und anderen
178 4850 1049 4900 lebenswichtigen Produkten aus der Gemeinschaft
179 4892 1049 4935 der \g\Käufer\:g\, der Verbraucher bestehen solle,
179 4927 1049 4975 dann würde keine unnötige Ware produziert, dann
181 4971 1049 5010 würden die Preise niedrig und die Ware preis¬
189 5006 1049 5052 würdig sein, und der Gedanke an ungesunden Pro¬
183 5044 1049 5093 fit, an Ueberproduktion wäre automatisch ausge¬
172 5097 1049 5140 schaltet. Ferner handelte das Buch von Schweden,
172 5130 1049 5170 einem gesunden, erzreichen Land, wo die Gruben¬
178 5170 1049 5209 arbeiter leben wie Bauern, wo die Sozialdemokra¬
178 5205 1024 5251 tie sich mit der Monarchie vereinen läßt, wo es –
178 5243 1049 5286 außer einem Hochstapler-Sonderfall wie Iwan
179 5282 1049 5342 Kreuger – keine ganz Reichen und keine wirklich
1073 2915 1931 2980 Armen gibt, und wo sogar (aber das steht nicht in
1073 2975 1929 3020 dem Buch) die Nomaden, die Lappländer, mit ihren
1073 3010 1929 3053 Renntieren leben dürfen wie Nomaden eben leben
1073 3055 1929 3097 müssen. – Es ist ein Engländer, der mich darauf
1071 3095 1927 3136 aufmerksam machte, als ich, vor kaum mehr als
1071 3130 1927 3174 einem Jahr, nach Persien und Afghanistan fuhr.
1079 3162 1927 3213 "Sie werden in die Elbrus-Berge kommen, wo
1071 3205 1929 3253 heute die moderne, diktatorische Regierung Per¬
1071 3251 1927 3294 siens die Nomaden, die Bakhtiari, Kurden und
1071 3286 1927 3337 Kaschghai, seßhaft gemacht hat; Sie werden an die
1071 3332 1927 3373 Grenze der sowjetrussischen Turkmenebenen kom¬
1071 3369 1927 3412 men, da gibt es heute keine schwarzen Nomaden¬
1069 3407 1927 3450 zelte mehr, und Sie werden, in Afghanistan, sehen
1069 3438 1927 3493 ob die junge afghanische Regierung weiser ist, und
1067 3478 1927 3531 die Nomaden, das beste und gesündeste Element
1067 3523 1927 3576 ihrer Bevölkerung, zu schonen versteht. Erzählen
1069 3560 1927 3608 Sie den Beamten in der afghanischen Hauptstadt
1069 3600 1927 3647 Kabul, daß Schweden es verstanden hat, seine
1067 3637 1927 3691 nomadischen Lappen nicht auszurotten. Lernen Sie,
1069 3683 1927 3722 wie es in Sowjetrußland ist, in Turkmenistan, Us¬
1065 3714 1927 3767 bekistan, Kirghizistan, Tadschikistan, wo man den
1067 3756 1927 3803 freien Nomaden ihre Herden und Weiden nimmt
1067 3799 1927 3840 und sie zu Fabrikarbeitern oder Kolchos-Angestell¬
1067 3837 1927 3888 ten auf Baumwoll-Plantagen macht, zu Gefangenen,
1067 3870 1817 3919 für ein bißchen Barlohn. \g\Lernen Sie!\:g\"\:p\
1114 3902 1927 3955 \p\Inzwischen bin ich zurückgekommen. In Afgha¬
1067 3957 1927 3996 nistan, habe ich gelernt, werden die Nomaden des
1067 3992 1927 4036 Hindukusch noch wenig behelligt, haben noch ihre
1067 4030 1927 4081 Schafe und Pferde, wählen noch ihre Aeltesten,
1065 4073 1929 4117 sind gastfreundlich, arm und frei – aber einige
1065 4113 1927 4150 hundert von ihnen müssen jetzt in den Elektrizi¬
1065 4150 1927 4194 tätswerken, Baumwollspinnereien und Zuckerfabri¬
1065 4190 1927 4229 ken von Pol-i-Khomri arbeiten, unter der Aufsicht
1063 4229 1929 4274 deutscher Ingenieure von Siemens. Ich habe auch
1063 4267 1929 4312 gelernt, daß die schwedischen Lappländer glück¬
1063 4308 1915 4351 licher daran sind. Ferner, daß das Buch "Schweden,
1063 4340 1915 4389 der mittlere Weg", in Schweden selbst heftig kri¬
1063 4383 1929 4428 tisiert wurde, weil es die Bedeutung der Koopera¬
1063 4422 1929 4468 tiven übertrieb. Gewiß, Butter, Würste, Gemüse und
1063 4462 1929 4501 Glühbirnen kaufte man billig und gut von den Ko¬
1063 4507 1919 4547 operativen, die außerdem vorzügliche, billige Woh¬
1059 4541 1927 4588 nungen für kinderreiche Arbeiterfamilien bauten.
1061 4582 1927 4626 Aber das Erz aus den Gruben ging nach Deutsch¬
1061 4620 1927 4659 land – und es ist der eigentliche Reichtum Schwe¬
1061 4657 1927 4704 dens. Und deshalb, ohne auch nur zum Schuß zu
1061 4695 1927 4752 kommen, mußte Schweden sich jetzt fügen. "\g\Das
1061 4738 1702 4785 ist bei uns nicht möglich!\:g\"\:p\
1111 4750 1927 4813 \p\Ich lerne, ich lerne. Wird dieser hellhörige, auf¬
1061 4805 1927 4864 geweckte Bub, mein schwedischer Neffe Lars, es
1059 4852 1927 4904 als einen wesentlichen Unterschied empfinden,
1059 4884 1927 4935 wenn er statt einer Pfadfinderbluse das Hemd der
1059 4931 1927 4981 Hitlerjugend trägt? Er ist erst elf Jahre alt. Und
1059 4973 1927 5018 Heinz, der Sohn meiner Cousine, die in Dahlem
1059 5012 1905 5061 bei Berlin wohnt, sagte mir vor zwei Jahren
1059 5052 1927 5101 "Nein, bin nicht gern Hitler-Junge. Ich kann nicht
1059 5099 1927 5132 schießen. An meinen schulfreien Nachmittagen
1059 5134 1927 5190 möchte ich lieber allein in meiner Stube sein und
1059 5164 1343 5213 Modelle bauen."\:p\
1114 5198 1927 5255 \p\Vor einigen Tagen versuchte ich, einem jungen
1057 5251 1927 5292 Amerikaner zu erklären, was es bedeute, wenn das
1057 5286 1927 5347 besiegte Frankreich eine von dem greisen Mar¬
1953 2728 2811 2783 schall Pétain und Ex-Premier Laval ausgearbeitete
1951 2773 2811 2829 "Verfassung" annehme. Es bedeutet nämlich nichts
1969 2815 2811 2860 – was weiß ich von dem kleinen Bauern Frank¬
1953 2854 2811 2900 reichs, dem Fischer, dem Soldaten, was weiß ich
1953 2890 2811 2937 überhaupt noch? Mein junger Amerikaner fragte
1945 2927 2805 2982 mich: "Aber wenn die Franzosen es ertragen,
1945 2965 2807 3018 von heute auf morgen von einer faschistischen Re¬
1945 3016 2811 3063 gierung regiert zu werden – waren die Deutschen
1945 3057 2811 3093 1933, eigentlich mehr mit den Nazis einverstanden
1945 3091 2805 3130 als gestern die Franzosen mit Laval und Pétain?
1945 3130 2811 3182 Sind die Franzosen besser? Werden alle guten
1945 3168 2801 3207 Franzosen jetzt emigrieren? Sind die Belgier Ver¬
1945 3207 2811 3257 räter? Und glauben Sie wirklich, wirkich, daß die
1945 3247 2811 3290 Finnen besser waren, daß Ihre Schweizer Lands¬
1945 3280 2801 3335 leute so anders, so ganz anders und besser und
1945 3328 2803 3375 tapferer sind als alle anderen Nationen und neu¬
1945 3355 2229 3410 tralen Völker?"\:p\
1998 3385 2801 3450 \p\Ich antwortete nicht gleich. Ich dachte nach;
1945 3446 2811 3491 meine Hände lagen auf dem Steuer meines Ford¬
1945 3479 2811 3535 wagens, und wir fuhren durch eine der freundlich¬
1945 3519 2811 3574 sten Gegenden Amerikas, die östlichen Küstenstaa¬
1943 3566 2809 3612 ten von Neu-England. Da gibt es kleine Siedlun¬
1945 3604 2811 3649 gen, die beinahe wie Dörfer aussehen, mit weißen
1945 3641 2811 3694 Kirchen, Bauerngärten und Scheunen – da gibt es
1945 3679 2811 3726 weidende Rinder, Heckenrosen, flatternde Wäsche
1943 3718 2811 3767 – Bierfässer, Fischernetze –, duftende grüne
1945 3762 2811 3803 Hecken, und den durchsichtigen Meerhimmel. Es
1945 3797 2811 3846 gibt Milch und Honig im Ueberfluß, Pfarrer auf
1945 3838 2811 3882 Fahrrädern, scheckige Pferde, Kirschsaft, frische
1943 3876 2797 3919 Himbeeren, duftendes Brot, es gibt Aecker, Hafer,
1945 3915 2811 3959 Weizen – und weites Heidekraut, verkrüppeltes
1945 3957 2811 3996 Waldgesträuch, die ersten flachen Ansätze gelber
1945 3984 2811 4050 Dünen. Es gibt Kargheit und Ueberfluß, Himmel
1945 4032 2742 4077 und Erde, Alltag und sonntägliches Geläut.\:p\
1992 4081 2811 4123 \p\"\g\Geläut!\:g\" Weiß Gott, ich bin erst seit zwei
1945 4117 2811 4164 Monaten im fremden Amerika, und muß mich
1945 4154 2801 4199 schon fragen, ob solche Worte in der deutschen
1945 4194 2801 4239 Sprache üblich seien, ob man mich noch verstehe.
1945 4227 2801 4278 Radionachrichten aus London, Stockholm, Paris,
1945 4272 2811 4334 Bern und Berlin – aus Takio, in allen Welt¬
1951 4310 2107 4369 sprachen. –\:p\
1994 4334 2811 4393 \p\und die einzige Menschensprache, das Stam¬
1945 4381 2801 4436 meln des Kindes, und den letzten Schrei – sie ver¬
1945 4434 2811 4472 stehen es nicht? – Verstehen nicht mehr die Not
1945 4468 2645 4513 des Nächsten, das im Wind Verhallende?\:p\
1994 4489 2801 4551 \p\Die Franzosen, die Schweden, die afghanischen
1945 4537 2811 4594 Nomaden, sie haben eines Morgens, erwachend,
1943 4588 2811 4645 \g\Dekrete\:g\ gelesen. Wer richtet, wer tötet und wer
1945 4624 2793 4673 kämpft in dieser Stunde? Es ist, schätzungsweise,
1945 4665 2797 4712 2 Uhr nachmittags auf meiner Insel an der Ost¬
1943 4706 2793 4752 küste Amerikas. Meine Freundin, Ella Maillart,
1945 4742 2797 4785 schläft hinter Moskitonetzen in Quetta, Belut¬
1945 4777 2801 4827 schistan, also haben sie vielleicht im Fernen Osten
1945 4825 2801 4874 schon die nächste Morgendämmerung, von der ich
1945 4858 2797 4906 natürlich noch nicht einmal weiß, ob ich sie über¬
1945 4906 2783 4945 stehe. Und in Europa setzen die Kanonen und heu¬
1945 4937 2797 5000 lenden Sirenen aus, es ist gerade Zeit für die alt¬
1945 4977 2369 5030 gewohnte Verdunkelung.\:p\
1986 4996 2787 5067 \p\Als Kinder lernten wir ein Abendgebet und be¬
1945 5048 2791 5103 griffen noch gar nichts von Abend- und Morgen¬
1945 5103 2801 5144 gebet, vom wandernden Stern der Weisen. So
1945 5140 2801 5182 friedlich schliefen wir ein. Daß \g\drüben\:g\ schon
1945 5178 2801 5227 wieder Morgen, irgendwo ewig scheinende Nacht
1945 5215 2787 5276 ist, ein Sturmwind über Jamaika, andere Unselig¬
1945 5251 2067 5306 keiten?\:p\
1982 5296 2811 5353 \p\Ich habe jetzt, während der letzten drei Stun¬
2829 4213 3685 4274 den, mehrere Artikel gelesen von der berühmte¬
2815 4265 3685 4318 sten amerikanischen Journalistin, Dorothy Thomp¬
2823 4304 3685 4367 son, der Gattin von Sinclair Lewis. Sie warnt ver¬
2815 4341 2963 4399 gebens.\:p\
2874 4375 3683 4434 \p\Aber wenn ich jetzt aufhöre zu schreiben, wie
2815 4399 3683 4480 einer, der verzweifelt ist und lieber schweigt und
2817 4464 3211 4521 schläft und vergißt –\:p\
2880 4482 3679 4556 \p\gut, sei es so, und nichts mehr – und nur die
2815 4539 3685 4594 Gewißheit sanft und herb blühender, ewiger
2815 4574 2953 4643 Felder.\:p\
3111 4594 3685 4687 Annemarie Clark–Schwarzenbach.
