4775 6320
223 5283 2941 5394 Kaspisee-Persischer Golf
744 5408 1646 5509 Die transiranische Bahn
2021 5408 2907 5503 Von Annemarie Clark-Schwarzenbach
240 5577 2900 5672 Persien war lange ein abgeschlossenes Land mit allen Anzeichen einer scheinbar unaufhaltsamen Degeneration:
247 5665 2897 5726 Positives und Negatives bewiesen diesen Vorgang, Verfeinerung, edle Tradition einerseits, andererseits schwin-
237 5719 2903 5780 dende Gesundheit des Volkes, Opium, Niedergang religiöser Kultur. Oelfelder und Weltkrieg haben Persien in den
240 5773 2900 5837 Strudel der Weltereignisse gezogen, halb schon wurde es als eine Kolonie von England und Rußland betrachtet,
243 5830 2897 5895 dann kam die Revolution — und ein militärischer Handstreich brachte einen neuen Schah auf den Thron. Damit
237 5878 1433 5956 änderte sich in Persien vieles, und vielleicht zu rasch.
1660 3955 1751 4029 \f\transiranische Bahn\:f\
254 4580 2914 4648 \fp\Zu den kühnsten Unternehmungen des neuen Staates gehört der Bau der transiranischen Bahn. Mitten im Hochgebirge, am Firuskuh¬
247 4644 2903 4698 Paß, gibt es nun Brücken, Dämme, Tunnels. Aber unterhalb dieser frei und kühn anmutenden Brücke haben sich die Arbeiter ihr
250 4685 2910 4746 Barackendorf errichtet, — einen schauerlich zusammengewürfelten Haufen von Armut, Krankheit, Schmutz und Elend. Ueber Wert
247 4732 2914 4793 oder Unwert der gewaltigen Unternehmung, die das Kaspische Meer mit dem Persischen Golf verbinden wird, hat man viel diskutiert,
250 4786 2900 4840 Truppentransporte oder Handelsverkehr? Vorteil für England, für die Sowjetunion, oder einfach ein Werk, das den Stolz der Iranier
250 4830 2910 4908 befriedigt? Aber sind diese Fragen richtig gestellt? Die Technik ist eine Waffe, — zum Segen gereicht sie nur, wenn sie eingesetzt wird
250 4884 892 4965 gegen die Leiden der Menschen.\:fp\
3444 5536 3546 5604 \f\Hochebene von Firuskuh\:f\
3005 5594 4303 5662 \fp\Auf der Hochebene von Firuskuh, sehr weit entfernt von Städten,
3005 5655 4296 5712 Unternehmungen und anderen Menschen, treiben die Nomaden
3005 5702 4296 5760 seit etlichen tausend Jahren ihre Herden auf die Sommerweiden.
3005 5753 4296 5807 Dort wurde das große Antlitz Asiens geprägt, — ob es unverän¬
3005 5790 4306 5858 derlich und ewig ist? — Den kleinen Hirtenbub kümmert es
3001 5847 4181 5915 jedenfalls nicht, daß er an der Scheide zweier Zeitalter lebt.\:fp\
