3934 5669
771 1052 1963 1159 "The great dictator"
941 1177 1794 1248 Charlie Chaplins neuer Film
193 1256 972 1303 \p\Die Welt-Première in Neuyork von Charlie
168 1300 971 1339 Chaplins seit drei Jahren erwartetem, inzwischen
165 1338 971 1388 totgeglaubtem, jetzt endlich auferstandenem Film
165 1373 971 1418 "The great dictator" war das sensationellste
165 1407 971 1467 künstlerische Ereignis der Wintersaison. Ein pri¬
165 1451 971 1488 vilegiertes Publikum von Gönnern, Kennern,
168 1486 971 1532 Fachleuten, Kritikern und Prominenten füllte das
168 1529 939 1568 Broadway-Theater, Charlie Chaplin sprach per¬
165 1565 971 1605 sönlich auf der Bühne ein paar einleitende Worte,
165 1602 971 1648 in seiner bescheidenen und freundlichen Weise,
163 1647 942 1691 die ihm stürmische Sympathiebezeugungen ein¬
165 1681 971 1730 trug. Es war bekannt, dass Chaplin diesen Film,
168 1726 942 1764 worin er unter eigener Regie die Doppelrolle eines
165 1758 948 1806 kleinen jüdischen Friseurs und des grossen Dik¬
165 1784 972 1849 tators spielt, als sein wichtigstes Werk betrachtet
159 1831 971 1882 sehen will, und man war auf eine Spitzenleistung
272 1929 793 1963 \f\Chaplin als Friseur\:f\
398 2791 721 2860 \fp\Chaplin als Friseur\:fp\
165 2873 963 2928 des amerikanischen Humors, im Dienste einer
165 2909 791 2958 moralisch-politischen Absicht, gefasst.\:p\
196 2950 963 2990 \p\Diese Spitzenleistung erwies sich in fast fa¬
165 2990 944 3047 taler Weise als Kulminationspunkt, sowohl in der
168 3035 963 3078 Laufbahn des Künstlers, wie für eine Form hu¬
171 3072 945 3115 moristischer Gesellschafts- und Zeitkritik, die un¬
165 3115 939 3155 fruchtbar werden könnte, eben weil sie sich da¬
163 3152 950 3203 mit begnügt, moralische Gefühle in der Kritik
165 3188 404 3246 abzureagieren.\:p\
193 3212 954 3268 \p\Charlie Chaplin hat immer mit genialer Intuition
162 3271 951 3322 die legitimen Mittel echten Humors benützt, um
168 3310 947 3356 jene klassisch gewordene Chaplin-Figur mit stei¬
165 3351 954 3399 fem Hut, Stöckchen, grossen Schuhen, kleinem
165 3392 954 3435 Schnurrbart und fassungslos traurigen Augen zu
162 3430 951 3476 schaffen, bei deren rührend pathetischem Anblick
165 3469 954 3518 der Zuschauer den Tränen nahe ist, ohne sich
159 3505 948 3558 eines versöhnenden Lächelns enthalten zu können.\:p\
196 3546 942 3592 \p\Aber diese jetzt klassische Figur der amerika¬
162 3568 945 3637 nischen Leinwand hat ihre Vorläufer und armen
168 3625 947 3671 Brüder, man findet sie in alten Filmen wieder,
165 3665 939 3714 die im "Museum of Modern Art" in Neuyork ge¬
163 3713 944 3753 legentlich gezeigt werden: Ein Weltkrieg-1914-18-
165 3751 954 3797 Film zum Beispiel beginnt mit einem auf komisch
159 3784 948 3835 frisierten Flugzeugabsturz, – der überlebende
165 3824 944 3872 Soldat, der, neben dem Pilot sitzend, in komischer
165 3866 944 3909 Verzweiflung sein Mützchen festhält, wird auf
165 3903 944 3953 komische Weise verwundet und verliert sein Ge¬
165 3940 951 3986 dächtnis, womit die Voraussetzungen für die nach¬
159 3982 722 4028 folgende Komödie geschaffen sind.\:p\
193 4014 942 4075 \p\Genau so hebt der Chaplin-Film "Der grosse
165 4054 954 4117 Diktator" an, nur dass der verwundete Soldat des
168 4105 956 4151 ersten Weltkrieges, der sein Gedächtnis verloren
159 4139 954 4182 hat, im Privatleben ein jüdischer Friseur ist und
165 4173 951 4224 geheilt zurückkehrt in dem Augenblick, als die
166 4215 942 4258 ersten Sturmtruppen in das Ghetto seiner Heimat¬
165 4251 945 4292 stadt einmarschieren. Die Aehnlichkeit des jüdi¬
169 4291 945 4335 schen Friseurs mit dem "Diktator" fügt dann der
168 4325 947 4367 Handlung die Voraussetzungen der uralten Ver¬
165 4365 580 4410 wechslungskomödie hinzu.\:p\
193 4411 945 4447 \p\Aber wieviel Ursachen tiefen Missbehagens be¬
165 4441 951 4481 reits in diesem Exposé des Films, der doch keine
165 4480 944 4526 schlichte Komödie sein will, noch eine Wochen¬
171 4518 945 4558 schau, sondern die moralische Interpretation eines
168 4554 942 4597 Zeitgeschehens, und die Plattform für einen gros¬
165 4594 944 4631 sen Künstler! Man macht sich heute ungern über
165 4633 944 4674 Bomben und abstürzende Flugzeuge lustig, dafür
162 4671 945 4719 sind sie zu gefährlich. Man sieht ungern die Frage
982 1253 1769 1305 "Nationalsozialismus" oder "Fascismus" zum Pro¬
982 1297 1769 1348 blem einer Rassenverfolgung reduziert, eine solche
982 1344 1769 1387 Einseitigkeit kann nur verwirrend wirken. Man
982 1387 1770 1433 verfolgt ungern, wie schlecht maskierte, reali¬
981 1419 1769 1476 stisch dargestellte "Sturmtruppen" als Tölpel und
981 1465 1769 1510 komische Figuren aufmarschieren, sieht ungern
982 1503 1754 1549 die Schrecken eines modernen Pogroms als sen¬
982 1541 1751 1592 timentale Farce. Endlich nimmt man höchst un¬
982 1583 1754 1635 gern die Folter auf sich, die Wachsfigurenähnlich¬
982 1627 1751 1669 keit der Chaplinschen Diktatorenmaske mit ihrem
982 1663 1761 1715 lebenden Vorbild in akrobatischen Vorführungen
982 1706 1754 1745 vor Augen zu haben, die yiddisch gefärbte Imi¬
982 1740 1761 1791 tation deutscher Reden in den Ohren, – und zu
982 1779 1751 1822 warten auf die Erlösung durch einen genialen Ein¬
982 1819 1754 1870 fall, eine geniale Geste, ein geniales Wort. Denn
982 1865 1754 1901 wozu sonst der etwas qualvolle Luxus der auf La¬
982 1901 1751 1943 chen abgestimmten Parodie einer Wirklichkeit,
982 1938 1754 1981 die uns wahrhaftig keine Ursache zu Heiterkeits¬
982 1978 1297 2024 äusserungen bietet?\:p\
1006 2014 1760 2078 \p\Gewiss, der Film ist nicht langweilig, und es
982 2066 1757 2110 fehlt nicht an genialen Details und Szenen, die den
982 2102 1751 2154 alten Chaplin wiedererkennen lassen. Als jüdi¬
982 2146 1761 2183 scher Friseur rasiert er einmal seinen Brotgeber
982 2183 1761 2220 zu Lisztschen Klängen, seift ein anderes Mal im
982 2215 1748 2259 Ueberschwang junger Liebe sein Mädchen ein,
982 2255 1754 2304 statt ihr die Augenbrauen zu zupfen. Im Konzen¬
982 2298 1751 2339 trationslager exerziert er fasziniert vor seinem
982 2330 1751 2375 Bett, ähnlich wie er einst im Film "Modern
982 2368 1751 2415 times", als Arbeiter am laufenden Band nicht
982 2405 1769 2452 mehr aufhören konnte, Schrauben zu drehen. Aber
982 2448 1769 2489 diese echten Chaplin-Meisterstückchen sind jetzt
982 2484 1751 2531 auf eine traurige Weise entwertet und abgespielt,
1000 2528 1749 2567 – denn man weiss und spürt, dass Chaplin, der
982 2561 1751 2599 Regisseur, selber sie nur noch als Einlagen be¬
982 2594 1769 2643 trachtet, und im Grund etwas ganz ganz anderes
982 2632 1751 2681 will; er verfolgt eine Idee. Ein Moralist war
982 2672 1769 2712 Charles Chaplin immer, – aber diesmal soll seine
982 2708 1769 2764 Moral umgesetzt werden in die Tat, – und man
981 2750 1094 2799 wartet.\:p\
1009 2761 1754 2836 \p\Man wartet vergebens. Die Verwechslungs¬
981 2824 1769 2877 komödie hebt an: der jüdische Friseur entweicht
982 2870 1748 2907 aus dem Konzentrationslager in der Uniform eines
982 2904 1769 2944 Offiziers, wird wegen der bewussten Aehnlichkeit
982 2944 1769 2989 für den Diktator gehalten, und steht plötzlich auf
982 2980 1769 3025 einer fahnengeschmückten Estrade vor einer nach
982 3017 1769 3075 Tausenden zählenden Menge, die an seinen Lippen
1775 1243 2562 1315 hängt. – Es ist der Schluss des Films. Charlie
1778 1306 2564 1355 Chaplin, der Mensch, reisst die Masken ab, die des
1778 1344 2564 1387 Friseurs und die des Diktators. Die Szenerie ver¬
1779 1381 2562 1428 flüchtigt sich. Es bleibt nur die Masse Mensch,
1781 1418 2561 1458 und die Grossaufnahme Chaplins, der nun seine
1781 1454 2561 1501 Rede anhebt, welche ein Appell an die Brüder der
1792 1492 2561 1541 ganzen Erde sein soll, das erlösende Wort. Aber
1921 1590 2389 1627 \f\Chaplin als Diktator\:f\
2009 2313 2345 2371 \fp\Chaplin als Diktator\:fp\
1785 2388 2571 2442 diese Rede ist dürftig, sie erinnert an pazifistische,
1785 2433 2561 2475 an kommunistische und andere peinliche Aufrufe,
1789 2470 2561 2513 und ihre Wirkung ist nicht grösser als die eines
1789 2504 2570 2553 papierenen Leitartikels. Chaplin aber, der viel¬
1789 2541 2570 2595 leicht diese Schwäche spürt (der Text der Rede
1785 2592 2561 2632 wurde von ihm selbst verfasst), – versucht, sie
1789 2629 2561 2672 durch Intensität wettzumachen, – und jetzt, da
1785 2665 2571 2706 er es nicht mehr will und beabsichtigt, – jetzt
1786 2698 2570 2744 gleichen sein Gesicht mit den beschwörenden
1789 2732 2570 2787 Augen und seine fanatisch gesteigerte Stimme
1789 2773 2570 2827 zum erstenmal erschreckend denen seines Vor¬
1786 2813 1946 2865 bilds ...\:p\
1821 2837 2570 2901 \p\Was immer die politische und moralische Wir¬
1786 2889 2558 2947 kung des "Grossen Diktators" in Amerika hätte
1786 2935 2570 2980 sein können, – sie ist verpfuscht. Die Zuschauer
1786 2967 2570 3016 lachten in der Premiere nicht viel, aber ein Teil
1786 3010 2570 3062 dieses Publikums schien sich in dem angenehmen
2589 1031 3378 1088 Gefühl zu ergehen, der kleine Charlie habe dem
2588 1083 3372 1134 grossen Diktator eines ausgewischt. Auf dem lan¬
2588 1119 3363 1167 gen Weg durch das Foyer, die Treppen und Gänge
2588 1164 3369 1199 des Theaters wurde man von Plakaten eskortiert,
2595 1201 3378 1237 mit dem Bild der klassischen Chaplin-Figur und
2592 1234 3371 1275 der Aufschrift \g\"Die Welt lacht wieder"\:g\.
2588 1269 3378 1321 Und man stellte fröstelnd fest: dass gerade Charlie
2588 1314 3374 1352 Chaplin sein geniales Talent dazu missbrauchen
2588 1347 3369 1396 musste, um eine Tragödie zu einer billigen Ko¬
2588 1391 3374 1437 mödie zu degradieren, – und einer der schwer¬
2588 1422 3375 1462 sten Realitäten, die wir zu tragen haben, ihren
2588 1459 3375 1507 ernsten Gehalt zu nehmen, – das ist unserer Zeit
2588 1501 2787 1555 vorbehalten.\:p\
2619 1523 3369 1581 \p\Aber "Der grosse Diktator" war in den Ver¬
2588 1584 3369 1626 einigten Staaten kein Erfolg. Noch vor kurzer
2592 1611 3371 1656 Zeit hätte dieser Film ein amerikanisches Publi¬
2589 1648 3378 1708 kum kaum befremdet, da man zu den europäischen
2589 1688 3372 1730 Ereignissen zu wenig Beziehungen hatte. Heute
2589 1721 3375 1769 hat sich Amerika aus seiner Isolation befreit, die
2589 1761 3372 1812 kritische Aufnahme, die der Film Charlie Chaplins
2601 1800 3375 1852 gerade bei den breiten Massen des Kinopublikums
2589 1841 3369 1901 gefunden hat, ist für diese Wandlung symptoma¬
2952 1874 3375 1930 tisch.\:p\
2589 1878 2952 1931 A. C. S.
