3811 5669
199 588 876 666 Sommertage auf Nantucket
199 653 906 721 \p\Gehört diese Insel, über die ich heute schreiben
160 693 923 751 will, überhaupt zu Amerika? Wenn ihre Bewohner
160 745 910 780 vom Festland sprechen, so sagen sie "dort drüben, in
159 778 908 816 Amerika", ganz, als sprächen sie von einem anderen
159 811 911 851 Kontinent, mit dem sie nichts zu tun hätten. Und
159 846 908 878 doch braucht die Fähre nur drei oder vier Stunden,
159 876 908 911 um die Küste von Massachusetts zu erreichen, und sie
170 913 903 948 fährt jetzt, während des Sommers, nicht weniger als
159 943 903 982 dreimal täglich. Allerdings verdankt Nantucket süd¬
159 975 908 1017 lich von Boston diesen lebhaften Verkehr nur seinen
170 1005 908 1048 Feriengästen; überhaupt lebt sie hauptsächlich von
167 1043 911 1078 den Fremden, und schon im September, wenn die kurze
164 1075 908 1115 Saison vorbei ist und die Herbstnebel einsetzen, wird
159 1108 908 1148 es hier sehr still. Man hat mir erzählt, daß dann
159 1137 911 1179 von den fünfzehnhundert Einwohnern des Dorfes
162 1177 908 1212 Siasconset nur etwa siebzig übrig bleiben. Aehnlich
159 1202 908 1249 ist es im Städtchen Nantucket, dem Hauptort und
167 1239 903 1282 Hafen der Insel, wo es eine Schule, ein kleines
159 1275 908 1312 Krankenhaus, eine Polizeistation und eine Feuerwehr-
170 1309 903 1344 Halle gibt, und wo man jetzt kaum die holprig ge¬
159 1337 925 1386 pflasterte Mainstreet hinauffahren kann, weil so viele
164 1372 831 1427 Autos auf beiden Seiten der Straße parken.\:p\
205 1406 905 1469 \p\Die Geschäfte sind erstaunlich gut versorgt, beson¬
167 1457 903 1499 ders die Obst- und Gemüsehandlungen, deren Aus¬
159 1484 911 1537 lagen bersten unter der Last von Himbeeren, Heidel¬
170 1524 903 1564 beeren, Birnen, Pflaumen, Pfirsichen und gelben Me¬
167 1556 910 1601 lonen, der Tomaten und jungen Kartoffeln, der Kohl¬
170 1591 903 1638 köpfe und Spinatkörbe. Dann gibt es Fischgeschäfte;
167 1623 903 1669 die Netze und Angelruten stehen neben den Schau¬
164 1654 913 1699 fenstern an der Hauswand, und hinter den Fenstern
164 1694 906 1733 liegen die Fische schillernd aufgereiht, Mackerelen,
167 1726 901 1764 Weißfisch und Blaufisch; die sogenannten "Baby-
174 1761 908 1798 Hummer" sind so groß, daß zwei Menschen kaum
164 1783 482 1843 einen aufessen können.\:p\
210 1830 906 1878 \p\Die Fischer der Insel Nantucket haben kein schwe¬
172 1873 903 1916 res Leben. Ich habe es selbst gesehen, wie sie einfach
167 1900 911 1941 die Leine über den Rand eines kleinen Motorboots
170 1936 908 1978 hinaushingen und in die Tiefe sinken ließen und fast
174 1968 908 2010 jede Minute wieder einen Fisch herauszogen. Früher
170 2005 903 2042 muß das anders gewesen sein, in der Zeit, als Nan¬
164 2035 913 2073 tucket der größte Walfischhafen der Welt war. Da
174 2068 908 2105 fuhren die Männer auf großen Segelbooten bis nach
167 2103 911 2147 Neufundland hinauf, bis nach Brasilien und sogar bis
167 2137 908 2175 an afrikanische Küsten. Viele Segler gingen verloren.
167 2167 911 2205 Und es war ein hartes Handwerk, die Wale in den
164 2203 913 2240 Hafen zu bringen, auszukochen, und das Oel nach
167 2232 908 2277 Boston und nach England zu verkaufen. Später, als
167 2269 908 2304 man anfing, Petroleum zu verwenden, verlor das
164 2300 913 2337 Walöl an Wert; außerdem waren die Wale in den
164 2330 905 2372 Gewässern von Nantucket selten geworden, und schließ¬
159 2359 925 2404 lich gaben die Inselbewohner die Walfischfängerei
164 2400 866 2452 auf und kehrten auf ihre kleinen Farmen zurück.\:p\
207 2439 908 2487 \p\Die ersten Siedler, im 17. Jahrhundert, waren
160 2481 910 2524 auch Bauern gewesen. Sie hatten auf der geschützten
167 2519 925 2554 Ostseite der Insel Hafer, Roggen und Mais ange¬
159 2552 908 2587 pflanzt, Schafe gezüchtet und sich recht und ehrlich
159 2584 911 2619 durchgebracht; aber zu Reichtum waren sie erst später,
160 2617 901 2653 durch die Wale, gekommen. Heute merkt man der In¬
170 2648 908 2684 sel immer noch den alten, soliden Wohlstand an. Da
164 2683 906 2721 sind zum Beispiel die Häuser der alten Kapitäne, die
167 2714 903 2753 sich zurückgezogen hatten und in Nantucket nieder¬
164 2744 905 2788 ließen. Es sind keine luxuriösen Häuser; aber man
159 2778 925 2816 möchte gleich darin wohnen. Sie stehen an stillen Sei¬
159 2806 908 2856 tenstraßen, die von schönen Bäumen freundlich be¬
159 2841 903 2888 schattet werden; sie sind aus Holz gebaut, weiß ge¬
159 2878 908 2923 strichen und von einem Gärtchen und einem weißen
160 2911 893 2951 Lattenzaun umgeben. Am Törchen und auf der Ve¬
159 2943 903 2983 randa hängen große Schiffslaternen; der Geruch der
159 2975 925 3016 Petroleum- oder Walöldochte mochte die alten Herren
159 3008 908 3051 wohl abends an vergangene Zeiten erinnern. Die
160 3038 903 3080 Möbel in der Wohnstube stammen aus England; es
159 3077 903 3117 sind Mahagonitische, Empirestühle, deren Lehne mit
155 3105 905 3143 einer Lyra verziert ist, Kommoden mit geschwungenen
159 3140 903 3182 Löwenfüßen und grüne Sammetsofas. Auch silberne
159 3175 908 3212 und gläserne Leuchter gibt es, und Schnupftabakdosen,
164 3205 821 3252 Lichtputzscheren, Nadelkissen für die Hausfrau.\:p\
197 3243 906 3304 \p\Und welche Gärten! Ich werde sie nie wieder ver¬
164 3295 905 3334 gessen. Sicher haben sie keinerlei Aehnlichkeit mit dem
155 3330 906 3365 weiten Rasengrün englischer Parks, mit den symme¬
155 3364 908 3402 trischen Spielen der Mongolengärten in Indien, mit
159 3389 903 3430 den hängenden Wundern der Semiramis, eher schon
155 3422 896 3470 gleichen sie Emmentaler Bauerngärten. Aber im Em¬
152 3462 903 3496 mental gibt es nicht so viel Rosen wie in Nantucket.
155 3494 908 3536 Es sind kleine, wilde Heckenrosen; sie wuchern über
951 551 1693 596 die Zäune, breiten sich über die Dächer von Kapitäns¬
950 591 1694 628 häusern und Scheunen und Farmhütten aus, halten
951 624 1684 664 sich nicht an die Grenzen der Beete, sind eine einzige
955 656 1699 693 freundliche rosenrote Pracht; das Gesicht möchte man
951 693 1696 729 ihnen entgegenneigen, wenn sie am Abend von Tau
951 724 1693 761 bedeckt sind, und atmet dann zugleich Malven, Bethu¬
951 756 1559 806 nien, Jasmin und den gelben Heideginster.\:p\
993 790 1694 851 \p\Der Ginster, das ist eine Sache für sich. Man findet
951 840 1694 880 ihn nicht hinter den Gartenhägen; aber die ganze
951 875 1688 916 Heide ist gelb von ihm, diese sandige, karge, vom ewi¬
951 911 1688 945 gen, leichten Meerwind durchwehte Heide, wo es
951 935 1713 978 Preißelbeeren gibt, verkrüppeltes Gebüsch, graue Feld¬
951 975 1688 1013 hasen, und wo dann plötzlich die Düne beginnt, die
950 1007 1688 1048 schon von Flutwellen bedeckt wird. Oder sie geht plötz¬
951 1043 1688 1080 lich in das unheimliche Moor über. Kein Mensch be¬
951 1075 1693 1110 tritt das Moor. Es ist dunkel, es hat einen besonderen
951 1108 1713 1148 Geruch, und selbst an hellen Sommerabenden schwebt
951 1140 1688 1180 ein tanzender Nebel darüber, der den Anblick des gel¬
951 1170 1693 1212 ben Sonnenunterganges bricht, in Gold und Tränen
951 1207 1713 1244 auflöst, bis nur noch die im Meer versinkende Schwer¬
951 1239 1693 1275 mut übrig bleibt, und man an Geister glauben möchte,
951 1270 1688 1310 die dort ihr Spiel treiben. Eigentlich möchten die
951 1305 1713 1344 Leute stehen bleiben, in diesen Anblick versunken, oder
951 1342 1472 1386 möchten murmeln: "Gott schütze mich."\:p\
992 1384 1691 1434 \p\Die Inselbewohner sprechen vom Moor auch wie¬
951 1427 1713 1467 von etwas Geheimnisvollem. Der Häusermakler zum
951 1456 1693 1496 Beispiel sagt: "Ich könnte Ihnen diese kleine Som¬
951 1489 1713 1527 mervilla vermieten, mit Bad und Gasherd; aber sie
951 1524 1713 1559 hat keine Aussicht auf das Meer, man überblickt die
951 1552 1713 1603 Moore." Der fremde Gast sieht dann aus dem Fenster,
951 1593 1696 1631 sieht die von Ginster blühende Heide, einen gelben
951 1626 1713 1663 Sonnenuntergang, ein paar vom Wind gekrümmte
951 1656 1694 1694 Fichten und dahinter einen Nebelstreifen über einem
951 1688 1693 1728 dunklen, unendlich scheinenden Landstrich. "Also das
951 1723 1696 1759 ist das Moor", sagt er, "mir soll es recht sein", und
951 1758 1684 1808 stellt einige Tage ein wenig erbittert fest: "Hier gibt
951 1791 1512 1840 es ja, mitten im Sommer, Abendnebel!"\:p\
988 1831 1696 1886 \p\Würde er sich nur umwenden, er würde, auf der
951 1875 1713 1913 winzigen Anhöhe, die man auf dieser flachen Insel
951 1908 1688 1951 schon einen "Hügel" nennt, das Dorf Siasconset er¬
950 1945 1713 1991 blicken, gekennzeichnet durch den schwarzen Wasserturm
951 1976 1693 2017 und den breiten Leuchtturm am Nordende; er würde,
950 2012 1694 2052 wenn er auf der geraden, durch den Wald führenden
951 2043 1713 2090 Straße zehn Meilen weit nach Nantucket hineinfahren
951 2078 1688 2115 würde, einen ganz klaren und milden Abend finden
951 2108 1693 2147 einen von weißen Schäfchenwolken bedeckten, stahl¬
951 2140 1713 2183 blauen Himmel, im Westen die Pracht der versinken¬
951 2173 1694 2212 den Sonne, am Eingang der kleinen Stadt zuerst die
950 2207 1713 2247 kleinen Negerhäuser mit Rosen und Wicken in den
951 2235 1713 2275 winzigen Gärten, dann die emsige Hauptstraße, und
951 2272 1693 2312 nur um die nächste Ecke herum das blaue, stille, wun¬
950 2305 1701 2355 derbare Meer. Er würde auch die zweihundert Jahre
950 2342 1693 2387 alte Windmühle sehen, die allerdings jetzt, am Abend,
951 2369 1713 2412 ihre Flügel nicht mehr dreht. Auch die schönen, glän¬
951 2407 1713 2449 zenden Pferde draußen im Jagdstall schlafen schon,
951 2442 1694 2484 und die Meute der kleinen, gelbgefleckten, niedrigen
951 2472 1713 2511 Hunde; aber die Einwohner von Nantucket schlendern
951 2507 1713 2537 einher und haben bereits, gegen sieben Uhr, sommer¬
951 2537 1696 2574 lichen Feierabend. Ein dressierter Affe tanzt auf dem
950 2569 1713 2616 Marktplatz; sein Herr, ein zerfetzter Wanderbursche,
951 2602 1713 2644 hält ihn an der Leine und spielt die Drehorgel; die
951 2637 1713 2679 sommersprossigen Buben von Nantucket werfen ihm
951 2671 1713 2708 Centstücke zu, die er mit emsigen, mageren, kleinen
950 2706 1693 2748 Händen einsammelt, in die Tasche seines karrierten
951 2736 1694 2773 Ueberrockes steckt, dann wieder den steifen Strohhut
950 2773 1713 2821 zurecht drückt und zu seinem Herrn eilt, um das Geld
951 2799 1163 2849 auszuhändigen.\:p\
982 2833 1694 2901 \p\Sonntags läuten in Nantucket die Glocken. Ich
951 2881 1694 2930 weiß nicht, ob die Kapellen Presbyterianern, Purita¬
951 2925 1688 2966 nern oder anderen Sekten gehören; aber ihr Geläut
951 2961 1713 2993 mischt sich mit dem Morgenwind und der immer ver¬
951 2991 1713 3028 nehmbaren, leisen Brandung. Jetzt wird es bald
951 3025 1713 3068 Herbst; dann kommt der Nebel zu seinem Recht und
951 3058 1694 3093 flutet über die ganze Insel. Die Läden schließen; die
951 3087 1714 3130 Gäste reisen nach New York zurück; die Fähre fährt
951 3120 1713 3160 bald nur noch einmal wöchentlich. Dann muß man
951 3153 1714 3198 Kaminfeuer anzünden wegen der Feuchtigkeit. Sogar
951 3190 1714 3222 die Pferde des Jagdstalls werden auf das Festland
951 3220 1714 3257 hinübergeschafft, "nach Amerika", zur Fuchsjagd in
951 3257 1693 3292 Kentucky oder Maryland. Auf der Insel werden dann
951 3285 1713 3322 Preiselbeeren eingekocht und unzählige Tabakspfeifen
951 3320 1684 3357 jeden langen Abend geraucht. Ich wüßte gern, ob ich
951 3352 1713 3395 dann noch hier sein werde, in Siaconset, den Blick
951 3382 1634 3429 auf das Moor gerichtet. Aber ich weiß es nicht.\:p\
1572 3425 1668 3470 A. C.
