4337 7145
1971 1203 2387 1272 Ella Maillart
1309 1267 2187 1322 \p\Im Dezember war die offizielle Equipe der
1259 1316 2186 1361 Schweizer Skiläuferinnen zu einem Trainingskurs in
1259 1353 2186 1403 der Skihütte Schwendi ob Klosters versammelt. Ihre
1259 1395 2186 1443 Trainerin war Ella Maillart. Es sollte überflüssig sein,
1259 1428 2186 1471 sie unseren Lesern vorzustellen: Vor zehn Jahren
1259 1462 2157 1500 schon erregte Ella Maillart Aufsehen, als sie mit drei
1259 1497 2186 1543 jungen Genferinnen auf der kleinen 15-Tonnen-Yacht
1259 1533 2186 1573 "Bonita" nach Griechenland segelte. Es war der An¬
1259 1567 2186 1613 fang einer unabhängigen und kühnen Laufbahn, die
1259 1601 2187 1642 äusserlich alle Merkmale des Abenteuerlichen ver¬
1259 1634 2186 1682 eint, deren tiefe und echte Impulse wir ahnen kön¬
1259 1670 2186 1718 nen, wenn wir Ella Maillarts Bücher mit denen profes¬
1265 1708 2186 1756 sioneller Vagabunden, Sensationsjäger und rasender
1259 1745 2186 1786 Reporter [Kommmentar: impliziter Verweis auf Egon Erwin Kisch und sein gleichnamiges Reportagebuch von 1924] vergleichen. Die junge Seglerin, Hockeyspie¬
1259 1780 2186 1817 lerin, Skiläuferin ist, ohne es beabsichtigt zu haben,
1259 1815 2186 1845 berühmt geworden — in den Kreisen englischer und
1259 1844 2186 1895 amerikanischer Forscher, Alpinisten, Journalisten
1259 1882 2186 1911 kennt jeder ihren Namen. Sie selbst versichert, sie
1259 1922 2186 1963 hätte ohne materiellen Zwang nie angefangen, zu
1259 1951 2186 1993 schreiben. In Moskau versuchte sie, sich ihren Unter¬
1259 1983 2186 2027 halt als Sportlehrerin zu verdienen, sie blieb gleich
1259 2023 2186 2065 sechs Monate, und durchstreifte mit russischen Kame¬
1258 2058 2186 2104 raden, selbst schon geläufig russisch sprechend, die
1259 2086 2186 2129 kaukasischen Gebirgsländer. Diese Absichtslosigkeit
1259 2127 2186 2170 der werdenden Schriftstellerin gibt Ella Maillarts er¬
1271 2164 2186 2201 stem, 1932 erschienen Buch "Parmi La Jeunesse
1259 2195 2186 2235 Russe" nicht nur den Charme unbefangener und leb¬
1259 2235 2186 2280 hafter Beobachtung, sondern auch seinen einzigartigen
1259 2263 2186 2309 dokumentarischen Wert. Man ist in der Schweiz ge¬
1259 2303 2186 2347 neigt, schon das Interesse für das Phänomen "Sowjet¬
1259 2338 2186 2374 union", als tendenziös und gefährlich zu verurteilen.
1259 2374 2186 2410 Ella Maillart, die man keiner politischen Tendenz ver¬
1259 2409 2186 2449 dächtigen kann, die keine vorgefasste Meinung kennt,
1259 2437 2186 2480 und über Geschehenes und Erlebtes kaum ein Ur¬
1259 2468 2186 2506 teil fällt — diese junge Schweizerin, bürgerlicher Her¬
1259 2506 2186 2545 kunft, hat es verstanden, sich vom ungeheuren Bal¬
1259 2544 2186 2585 last unserer Anschauungen, Institutionen, Gewohnhei¬
1259 2577 2186 2618 ten zu befreien, und den jungen Russen auf einem Bo¬
1258 2617 2186 2659 den zu begegnen, wo nur das Wesentliche zählt — der
1258 2646 2186 2703 Gehalt des Menschlichen. Das Resultat dieser Be¬
1259 2681 2186 2724 gegnung: Die Jugend Sowjetrusslands ist frei von
1259 2723 2186 2769 Bindungen, die sie nicht selbst durchbrochen hat, un¬
1259 2756 2186 2807 beschwert von einer Vergangenheit, gegen die sie sich
1259 2793 2186 2840 nicht einmal auflehnen musste, denn sie hat sie nie
1259 2829 2186 2873 gekannt. Diese erstaunliche Unbeschwertheit erlaubt
1259 2863 2186 2900 es, alle Energien der neuen, im Aufbau begriffenen
1259 2898 2186 2945 Welt zuzuführen, von der diese glückliche Generation
1260 2933 2186 2980 ein Teil ist. Ella Maillart folgert: Auch bei uns gibt
1259 2961 2186 3015 es junge Menschen, die sich befreien und bis zum
1259 2997 2116 3044 Sinn des wirklichen, direkten Lebens durchringen —
1259 3012 2186 3066 aber um ihn nicht wieder zu verlieren, suchen sie
1259 3066 2169 3112 fremde Ozeane, neue Länder auf. Sollte es möglich
1259 3110 2186 3155 sein, auch ohne solchen Aufbruch in Uebereinstim¬
1259 3144 2186 3182 mung mit den Gesetzen des Lebens zu sein? ... Da
1259 3171 2186 3219 rührt sie schon an die grossen Fragen, die sie immer
1259 3210 2186 3267 beschäftigen, an die tiefsten Impulse, die ihr schwie¬
1259 3248 2186 3284 riges und abenteuerliches Leben leiten werden. Ihre
1259 3282 2186 3322 beiden Bücher "Des Monts Célestes Aux Sables Rou¬
1259 3317 2166 3360 ges" (1934) und «Oasis Interdites» (1937) sind sozu¬
1259 3353 2186 3388 sagen unter dem Leitmotiv des Aufbruchs, geschrie¬
1267 3386 2163 3428 ben, der für Ella Maillart Befreiung schlechthin be¬
1259 3410 2186 3474 deutet — der einzige Weg, der uns geblieben ist, um
2182 1264 3121 1326 uns den ursprünglichen Quellen, den wahren Energien,
2182 1322 3121 1375 den fundamentalen Gesetzen des Lebens zu nähern.
2182 1355 3121 1409 Welche Faszination des Reisen, welche Magie der Na¬
2182 1384 3121 1428 men, welche Eroberung aller Fernen! — Ella Mail¬
2182 1427 3121 1469 lart ist nach Russland zurückgekehrt, ihre Sehnsucht
2198 1455 3120 1504 galt Asien, ihr zweites Buch berichtet, wie sie nach
2182 1493 3121 1552 Kasakistan und Kirgisistan vordrang, bis zu den rie¬
2182 1531 3121 1582 sigen Gletschern des Himmelsgebirges (wo einige
2182 1566 3121 1619 Jahre später ihr Landsmann Lorenz Saladin den Tod
2182 1596 3121 1644 finden sollte), bis an die Grenze Chinas. Monate lang
2182 1630 3121 1681 vagabundierte sie allein durch die Länder der Turk-
2182 1671 3123 1716 menen, der Usbeken, sah die von grossen Erinnerun¬
2182 1697 3121 1752 gen der Völkerschicksale umwetterten Städte Samar¬
2182 1737 3121 1788 kand, Buchara, Khiwa, erlebte die neue Begegnung von
2182 1773 3121 1825 Orient und Okzident, Fünfjahresplan in den Steppen
2182 1813 3121 1865 Chingis Khans und Timurs, Kolchosen und Fabriken
2182 1846 3121 1881 am Rand uralter Karawanenspuren und der Weide¬
2182 1878 3121 1927 plätze der Nomaden — sie schiffte den Amu Daria
2182 1917 3121 1962 hinab und über den Aral-See, knapp bevor das Eis
2182 1950 3121 1982 die Schiffahrtswege sperrte, und legte schliesslich mit¬
2182 1977 3121 2019 ten im Winter fünfhundert Kilometer Wüste mit einer
2182 2018 3100 2063 Kamelkarawane zurück. Aber das erstaunlichste
2182 2056 3121 2106 Abenteuer ist das der "Verbotenen Reisen" (so lautet
2182 2090 3121 2148 der Titel der kürzlich erschienen Uebersetzung von
2182 2128 3121 2167 "Oasis Interdites"): Zusammen mit dem begabten jun¬
2182 2162 3121 2218 gen "Times"-Korrespondenten, Peter Fleming, brach
2182 2197 3121 2241 Ella Maillart von Peking auf, durchquerte auf kaum
2182 2235 3121 2286 begangenen Spuren die Mongolei, Pässe und Hochebe¬
2182 2269 3121 2317 nen, die Wüste Taklamakan, gelangte in die verbo¬
2182 2303 3121 2358 tene Provinz Sinkiang, das von Kriegen und rätsel¬
2182 2337 3121 2387 haften politischen Intriguen heimgesuchte Chinesisch
2182 2367 3121 2424 Turkestan, wandte sich von der Stadt Kaschgar aus
2182 2405 3121 2450 nach Süden, überstieg die gigantische Barriere des
2182 2443 3121 2487 Himalaya, und erreichte so, nach sechs Monaten, ihr
2182 2476 3123 2523 Ziel: Indien. — Was diese Reise an Strapazen, Ent¬
2182 2511 3121 2558 behrungen, Gefahren bedeutete, welchen Mut und
2182 2538 3121 2579 welche Ausdauer sie in sich schliesst — es lässt sich
2182 2581 3121 2632 mit allen Mitteln der Phantasie nur ahnen ... Ella
2182 2614 3121 2667 Maillart selbst tut nichts, um ihre Leistung und die
2182 2648 3121 2700 ihres Gefährten zu heroisieren, in ein sensationelles
2182 2687 3086 2728 Licht zu rücken. Sie schreibt einfach, unmittelbar, per¬
2182 2717 3121 2776 sönlich und sachlich zugleich. Und es gelingt ihr, das
2182 2758 3089 2797 Wesentliche zum Ausdruck zu bringen, das ihr von
2182 2792 3089 2836 allem am Herzen liegt: die Begegnung des aller über¬
2182 2826 3094 2870 nommenen Bindungen ledigen, von allen ihres Gehalts
2182 2861 3121 2909 entleerten Formen befreiten Individuums mit dem
2182 2893 3094 2934 [wirklichen[gesperrt] Dasein.  — Unter den grossen Him¬
2182 2934 3094 2977 meln Asiens wird die Beziehung wieder hergestellt
2182 2970 3121 3008 zwischen Ich und All — Quelle aller Lebenskräfte,
2196 3002 3121 3045 die uns im emsigen Getriebe westlichen Fortschritts
2182 3036 2608 3092 verloren zu gehen droht[Kommentar: Maillarts Existenzphilosophie, auch in ihren Briefen].\:p\
2235 3070 3121 3111 \p\Scheint es abwegig, die Reiseberichte einer unge¬
2182 3107 3121 3152 wöhnlich begabten und ungewöhnlich mutigen Schwei¬
2182 3141 3121 3183 zerin so interpretieren zu wollen? — Die Stellen in
2182 3176 3086 3224 Ella Maillarts Büchern sind selten, die solche Inter¬
2182 3208 3121 3269 pretationen erlauben, aber man kann sie nicht über¬
2182 3246 3121 3287 gehen, noch missdeuten: «... dieses Verlangen nach
2182 3278 2412 3328 Ewigkeit" ...\:p\
2241 3317 3121 3361 \p\Ella Maillart hat unendliche Wagnisse auf sich ge¬
2182 3353 3121 3388 nommen, um diesen Drang zu befriedigen, und hat
2208 3383 3121 3426 grosse Beweise erbracht; sie muss grosse Antriebe
2181 3419 2316 3475 kennen.\:p\
2729 3413 3062 3476 \p\Annemarie [Clark[gesperrt]\:p\
