3826 5669
272 3810 696 3874 Baltisches Tagebuch. [Ironisierung der nationalsozialistischen Ideologie, ähnlich dem Brief an Klaus Mann]
454 3888 520 3918 IV.
233 3908 736 3980 Kleine Begegnungen in Danzig.
150 3966 877 4008 \p\Ich wollte einen friedlichen Sonntag in der alten
129 4000 878 4038 Hansastadt verbringen. Ich lehnte mich, am frühen
120 4030 877 4063 Morgen, aus dem Fenster meines kleinen Hotel¬
128 4057 878 4105 zimmers und sah unter mir das nun schon gewohnte
126 4089 877 4122 Bild einer belebten Straße, geschmückt mit vielen
128 4117 878 4154 Hakenkreuzfahnen, die von den Balkonen roter Back¬
121 4150 877 4187 steinhäuser wehten, sah die dunklen Türme der Kir¬
129 4179 879 4218 chen, die alten Dächer über schmalbrüstigen Häuser¬
126 4211 877 4247 fronten, und den langsamen Fluß, der sich dann
125 4241 877 4274 braußen zur Hafenbucht weitet —, und ich hörte
126 4268 878 4307 den feiertaglichen Klang der Glocken, die in Danzig
132 4301 877 4354 zwei- und dreistimmige Fugen in schönem Metall¬
126 4329 876 4363 Klang zu spielen wissen. Der Abglanz einer durch
132 4360 877 4415 graue Wolken gebrochenen Frühlingssonne lag über
126 4389 877 4433 der Stadt und versilberte heiter den blauen Dunst
125 4422 445 4471 über den Wasserwegen.\:p\
177 4446 877 4488 \p\Ich will Ferien haben, beschloß ich, „Ferien vom
176 4483 878 4532 Ich" [Anspielung auf gleichnamigen Roman von Paul Keller (1915) bzw. seine erste Verfilmung (1932); der Stoff handelt von einer fiktionalen Therapiemethode, in der Patient:innen für eine gewisse Zeit an einem ländlichen Rückzugsort die eigene Identität aufgegeben. Er nimmt moderne Formen therapeutischer Auszeit-Formate vorweg.]—, einen ganzen Tag lang weder von Politik
132 4512 878 4550 sprechen noch an der Schreibmaschine sitzen, sondern
129 4540 878 4574 vor den Toren der Stadt, im Buchenwald von
125 4569 877 4605 Oliva und an der Meeresküste von Zoppot einen
129 4602 877 4654 Sonntags-Spaziergang machen. – Aber mit
129 4639 877 4675 wem? — Ich stelle mir vor, daß die Danziger Bür¬
126 4661 877 4711 gerinnen ebenso denken wie ich, daß sie ihren Kin¬
126 4692 877 4744 dern die Sonntagskleidchen anziehen, viele Butter¬
129 4722 879 4766 brote streichen, und einen schönen Ausflug mit ihnen
132 4751 877 4808 ans Grüne machen. Ich werde mir jemanden
134 4784 219 4825 suchen.\:p\
149 4811 877 4850 \p\Ich zog mich also an, verließ das Hotel, und ging
135 4840 877 4881 zuerst einmal in das „Café zum Alten Tor“. Man
126 4876 877 4925 muß in Danzig wissen, in welches Kaffeehaus man
129 4913 879 4959 geht. Da gibt es kleine Cafés in den engen Seiten¬
883 3776 1656 3821 gassen, wo sich die S.A.-Männer und Sturmbann¬
884 3806 1656 3848 führer treffen. Da deht [corr: geht] es natürlich rauh und männ¬
878 3835 1657 3884 lich zu. In der Nähe des Bahnhofs sitzen, in einem
887 3863 1657 3906 rauchigen alten Raum, die „Verdächtigen“: jüdische
884 3896 1656 3938 Kaufleute, die früher einmal den Handel der
887 3924 1656 3974 städtischen Firmen mit den Bauern vermittelten,
874 3972 1657 3997 oder angesehene Holzhändler waren, junge, blasse,
874 3988 1656 4031 dunkelhaarige Studenten, die auf unerlaubten Um¬
874 4019 1656 4056 wegen ausländische Zeitungen erhalten und ältere
874 4043 1656 4086 Herren, die in der üblen „Systemzeit“ städtische
874 4078 1656 4125 Verwaltungsämter inne hatten. Aber da gerate ich
874 4114 1657 4158 schon wieder in die „Politik“. — Und dann gibt es,
874 4134 1656 4185 am Marktplatz, das Café, wo die ehrbaren Danziger
874 4174 1656 4218 Bürgersfrauen Kuchen essen und sich mit ihren
874 4204 1657 4242 Freundinnen über die lieben Nachbarn unterhalten.
874 4230 1656 4282 Dort also ging ich hin — es war inzwischen fast
874 4263 1656 4308 halb 11 Uhr geworden — und saß gleich darauf
874 4287 1656 4331 neben einer einsamen Dame, die höflich zur Seite
874 4320 1656 4371 rückte, um mir auf der steifen, schmalen Polsterbank
874 4350 1656 4401 Platz zu machen. „Ein schöner Tag heute", sagte
874 4379 1656 4418 ich — und sie antwortete zu meiner Ueberraschung:
883 4410 1575 4459 „Sie sind wohl nicht von hier?“ – "Nein" –
874 4432 1656 4475 „... aber auch keine Jüdin?“ — Als ich sie darüber
874 4468 1656 4508 beruhigen konnte, daß nicht alle Ausländer Juden
873 4496 1656 4532 seien, gerieten wir in ein gemütliches Gespräch.
874 4528 1656 4568 Ob sie keinen Ausflug machen wolle, an einem so
874 4560 1656 4599 schönen Tag? Mit den Kindern? Sie habe doch
874 4590 1656 4627 sicher Kinder? — Sie hieß Frau Amalie Boedeke,
874 4621 1656 4669 war mit einem Kaufmann Branche Heringshandel
874 4650 1656 4703 verheiratet und hatte drei Kinder. Aber einen Aus¬
874 4682 1657 4720 flug machte sie nicht. Der Mann war Unterführer
874 4706 1656 4762 in der S. A. und hatte, natürlich, Festtags-Dienst.
873 4735 1656 4781 Die Kinder hatten auch alle Dienst [vgl. div. Fotografien von Kindern in Uniform auf den Strassen Danzigs]. „Und wenn
883 4766 1656 4812 man sie dann mal auf der Straße antrifft“ sagte
874 4794 1656 4845 Frau Boedeke, „dann kennt man sie gar nicht. Sie
874 4840 1656 4873 sehen ja alle ganz gleich aus, in ihren Hitler-Uni¬
874 4859 1656 4906 formen. Nur der Horst, der Aelteste, der ist bei der
874 4890 1656 4949 Marine-S.A. und tragt Matrosenanzug. Das ist
1653 3769 2410 3819 schmuck.“ — Horst ist siebzehn Jahre alt, und man
1653 3799 2405 3842 merkt, daß die Mutter stolz auf ihn ist. Nur weiß
1653 3827 2404 3868 sie gar nicht, was aus ihm werden soll. Er war so
1653 3858 2435 3904 tüchtig in der Schule — aber das nützt ja heutzutage
1653 3884 2435 3920 nichts mehr. Er hätte dann eine Lehrlingsstelle
1653 3918 2436 3970 im Heringshafen haben können. Aber zuerst mußte
1653 3945 2435 3983 er natürlich in irgendeine Truppe der Partei ein¬
1653 3978 2435 4020 treten, sonst kommen die Jungen zu nichts. Und
1653 4006 2435 4054 jetzt ist er bei der Marine-S.A., das ist sehr ehren¬
1653 4045 2436 4083 voll, aber die Stelle hat er ausgeschlagen — er
1653 4063 2435 4126 hat dafür keine Zeit übrig, wegen der vielen Uebun¬
1653 4110 2414 4142 gen. „Nun frage ich Sie, sagt Frau Boedeke trübe,
1653 4130 2435 4177 „was soll aus dem Horst werden?“ — „Und Ihr
1653 4157 2435 4208 Töchterchen?“, frage ich, — weil ich mich ja heute
1653 4187 2435 4234 nicht auf politische Gespräche einlassen will, und
1653 4219 2357 4254 Marine-S.A. zur politischen Erziehung gehört. –
1653 4248 2435 4288 Ja, die Anna, sie ist erst 12 Jahre alt, ein liebes,
1653 4275 2435 4333 stilles Kind. Früher sind wir Sonntags zusammen
1653 4311 2435 4355 an den Strand gegangen, in der alten Zeit. Aber
1653 4351 2436 4393 jetzt ist sie ein B.D.M.-Mädchen, und muß viel üben
1653 4371 2410 4409 und auch marschieren und so etwas, damit sie eine
1654 4400 2404 4441 richtige „Deutsche Frau“ wird. — „Da haben Sie
1653 4429 2435 4472 es ein bißchen einsam, Frau Boedeke?“ Sie sieht
1652 4455 2436 4506 mich mißtrauisch an. „Wir üben keine Kritik“ sagt
1653 4486 2435 4546 sie streng, — „das duldet mein Mann nicht. Und
1653 4521 2435 4562 die Jugend gehört eben unserem Führer.“ — Sie
1653 4548 2436 4599 verzehrt, ein bißchen hastig, ihren Sahnekuchen, dann
1652 4581 2437 4624 fährt sie wieder im alten, leicht klagenden Ton
1653 4610 2436 4655 fort: „Ich bin ja nun auch sehr beschäftigt. Mein
1653 4638 2435 4685 Mann sagt immer, es sei eine Schande, daß ich nicht
1653 4675 2435 4713 in der N.S.-Frauenschaft bin, wo wir Frauen po¬
1653 4701 2422 4734 litisch erzogen werden. Aber woher soll ich die Zeit
1653 4732 2411 4771 nehmen? — Früher hatten wir ein Mädchen, jetzt
1653 4765 2435 4812 seit der Guldenabwertung muß ich alles selber
1653 4795 2435 4835 machen.“ — Die Guldenabwertung erfolgte, nach
1653 4822 2435 4867 einem großartigen Maifest der nationalsozialistischen
1653 4852 2435 4896 Partei, am 2. Mai 1933. „Die Juden und die Polen
1653 4880 2435 4928 hatten das ausgemacht, um uns zu schaden", sagt
2451 3755 3195 3807 Frau Boedeke und richtet einen triumphierenden
2439 3789 2660 3837 Blick auf mich [Schwarzenbach gibt hier die nationalsozialistische Propaganda bezüglich der Abwertung des Danziger Guldens korrekt wieder, die Zeitangabe scheint jedoch falsch zu sein: Die Guldenabwertung fand am 1. Mai 1935 statt, vgl. https://www.jstor.org/stable/44928941?seq=1].\:p\
2454 3804 3189 3854 \p\Es ist offenbar schwer, in Danzig „Ferien von der
2432 3849 3192 3893 Politik“ zu machen. Oder irre ich mich? Ist das
2432 3883 3192 3923 alles längst nicht mehr „Politik“, ist das das täg¬
2432 3922 3193 3954 liche Leben, das tägliche Brot, der Alltag der Bür¬
2432 3944 3196 3982 ger dieser einst stolzen und freien Hansestadt? Sind
2432 3970 3192 4017 sie alle „politisch erzogen“, die Siebzehnjährigen
2432 4015 3193 4046 und die Schulmädchen und die Hausfrauen, die kein
2432 4036 3192 4080 Winkelchen ihrer Seele davor bewahren können,
2432 4058 3186 4118 nicht einmal für einen Spaziergang am Feiertag?\:p\
2460 4104 3192 4141 \p\Ich habe dann schließlich jemanden gefunden, der
2432 4131 3195 4172 mit mir ins Grüne und aus dem Fahnenwald hin¬
2432 4163 3196 4207 aus an den weiten, friedlichen Strand hinaus fuhr.
2431 4194 3196 4229 Eine kleine Jüdin — ich traf sie im Café der
2438 4224 3193 4270 „Verdächtigen“, wo sie mit ihrem Bruder, einem
2432 4255 3186 4292 vergrübelten Studenten, saß. Der Student hatte
2432 4282 3183 4329 einmal hochfliegende Pläne, er wollte Musikkritiker
2432 4315 3197 4358 werden, in Berlin oder Paris oder Dresden. Jetzt
2432 4345 3189 4385 hatten sie zusammen eine kleine Musikalienhandlung.
2442 4379 3192 4416 Die neue, zeitgemäße Musik, die Marschalbums und
2439 4407 3189 4449 Lieder der Hitler-Jugend durften sie allerdings nicht
2432 4441 3192 4482 halten, weil sie Juden waren. Und weil nun also
2432 4470 3189 4508 das Horst-Wessel-Lied nicht in ihrem Schaufenster
2432 4501 3192 4540 lag, wurden sie natürlich von der Partei und allen
2431 4537 3192 4574 Gutgesinnten boykottiert. — Trotzdem hat das kleine
2431 4562 3183 4604 Fräulein Jakobsohn kein Wort über Politik ge¬
2432 4593 3189 4633 redet, als wir am Nachmittag zusammen zur alten
2432 4623 3189 4663 Schloßkirche von Oliva [vgl. A-5-13/065,	A-5-13/067] hinausgingen. Einen Aus¬
2432 4657 3189 4689 länder zu treffen, erklärte sie mir, sei genau wie eine
2432 4687 3192 4733 Reise zu machen. Eine richtige Ferienreise sei das.
2463 4720 3195 4763 In einem kleinen, russischen Restaurant in Zoppot
2432 4757 3183 4795 aßen wir nachher russische Kotelettes, zu denen ich
2432 4792 3187 4833 mein Lieblingsgericht, Preiselbeeren, haben wollte,
2432 4816 3186 4860 die es aber nicht gab. Wir tranken auch Wodka,
2431 4842 3196 4894 und Fräulein Jakobsohn wurde davon heiter und
2431 4878 3170 4919 gesprächig. — „Vielleicht erreiche ich es \g\doch\:g\ noch!"\fml\\:p\
550 4977 1315 5019 \p\\fml\sagte sie, und nickte mir mit einem glücklichen Lä¬
553 5011 1248 5050 cheln zu. — „Was wollen Sie denn erreichen?“ –
556 5041 1315 5079 „Daß mein Bruder einen Paß bekommt und ins
546 5067 1314 5113 Ausland gehen kann“ sagte sie, „er geht mir sonst
559 5102 1215 5144 hier zugrunde, und er hat so große Gaben!"\:p\
577 5132 1314 5170 \p\Ich fragte nicht, was aus ihr dann werden würde.
547 5163 1314 5200 Wir machten uns auf den Heimweg. — Am nächsten
547 5195 1314 5228 Tag, vor meiner Abreise aus Danzig, wurde beim
547 5226 1299 5268 Hotelportier für mich ein Paketchen abgegeben, es
553 5256 1282 5296 enthielt ein Glas eingemachter Preiselbeeren! –\:p\
944 5287 1314 5336 \g\Annemarie Clark\:g\.
