3602 4502
632 389 1567 489 Annemarie Schwarzenbach:
1373 626 2600 701 Zwischen den Kontinenten ... [add below: "Zwischen Afrika u. Europa"]
2728 646 3382 749 Tat nimmt es er
743 828 3289 922 \p\Als in Freetown die Offiziere der britischen Marine-Polizei unser
626 959 3364 1074 Schiff verliessen, und das Stampfen unserer Maschinen wieder einsetzte,
626 1112 3301 1212 hatten wir, – eine gemischte Schar von Passagieren, zum ersten Mal den
665 1261 2089 1361 Eindruck, uns von Afrika zu entfernen.\:p\
641 1398 3379 1504 \p\Gleichzeitig hatten Viele [sic] unter uns, während der portugiesische Dampfer
638 1542 3266 1648 vierundzwanzig Stunden in Freetown zur Kontrolle lag, zum ersten Mal
629 1691 2445 1794 die Realitat, und die Nähe des Krieges gespürt.\:p\
626 1831 3403 1940 Freetown liegt im letzten Drittel der riesigen, afrikanischen Westküste,
626 1972 3316 2078 noch etwas unterhalb ihrer am weitesten nach Westen sich bauschenden
650 2118 3391 2218 Stelle, die von Bathurst und von Dakar beherrscht ist. Wie bisher, würden
644 2258 3197 2358 wir noch mehrere Tage lang dieser Küste folgen, und manchmal einen
701 2407 3313 2513 Blick von ihr erhaschen: ein flaches, im gläsernen Licht von Ozean und
641 2551 3269 2651 Himmel einem toten Spiegelbild gleichendes Ufer, eine unhörbare, sil¬
650 2688 3230 2806 berne Brandung, ein[add above: en] Dschungelstreifen, einen trauernden, durchsichtig
647 2834 3116 2943 blauen Hügelzug. Aber wir würden nicht mehr anlegen. Das anmutige
641 2978 3197 3084 Städtchen Luanda, sein weisser Sand und seine rötlichen Klippen am
656 3118 3364 3227 Wildnisrand lag[add abvoe: en] längst hinter uns, ebenso die düstere Wildnis[add inline: Dschungel]fülle von
647 3261 3283 3382 Sazaire, und die romantische Aequatorinsel San Thomé mit ihren alten
641 3405 3403 3519 Forts und Kapellen, und den aus dem Inneren des Urwalds emporsteigenden
644 3551 3298 3660 Bergkegeln. – Ja, das war noch Afrika gewesen, San Thomé! – wenn auch ein
662 3691 3245 3806 trotz der glühenden Sonne schon milderes, vom Meer verbrämtes, durch
656 3834 3277 3943 die alten Plantagenhäuser, die kleine Stierkampfarena unter Bananen¬
680 3975 3143 4081 bäumen, und die bunten Kopftücher der lustig schwatzenden Frauen
1686 189 2495 303 –2– (Zw. den Kontinenten)
594 481 3274 589 erheitertes une traulich gemachtes Afrika. Ein Tropenbild, eine afrika¬
594 624 3260 741 nische Bildergallerie war des Inselchen San Thomé gewesen, verglichen
629 765 3143 879 mit den Weiten der Savannen, der nie endenden Tiefe des Urwalds im
582 909 2507 1032 Inneren des schwarzen Erdteils, aus dem wir kamen.
579 1056 3245 1171 \p\Zu ihm gehörte Freetown, und rief daher bei allen aus Afrika heimkeh¬
567 1208 3251 1317 renden Passagieren seltsame Gefühle und Erinnerungen wach. Sie hatten
603 1357 3277 1464 sich schon weit geglaubt, hatten vielleicht ihren Tropenhelm und ihre
579 1491 3286 1608 Khakishorts in ihrem Einschiffungshafen zurückgelassen, hatten während
576 1631 3277 1754 der Fahrt auf dem Meer, wo der Wind die Hitze verteilte und dem Himmel
594 1777 3361 1900 bewegte, schon vergessen, wie sie dort, in Afrika, jahrelang gelebt hatten:
671 1930 3212 2044 unter einer Bleikuppel, umgürtet von Dickicht, in der lastenden Hitze
600 2073 3298 2187 ihrer Bureaux, Läden und Zementterrassen, immer nur halb gelebt, und im
647 2222 3373 2345 Kampf gegen das Klima, ohne die Hilfe, die von der Freude frischer Winde,
576 2357 3054 2477 munterer Bäche, ziehender Wolken und wiegender Baumkronen kommt.\:p\
647 2512 3215 2620 – Als wir eines Morgens, vor der Dämmerung, in Freetown anlegten, waren
629 2652 3412 2763 wir wieder im Banne dieses Afrikas: der Horizont war ein Feuergürtel über
734 2798 3331 2906 dem Stahlblau des Meeres, daraus stieg der Tag auf, von einer Hitzewelle
594 2945 3340 3050 getragen, grau, und blendend, obwohl die Sonne sich hinter Dunstschichten
632 3085 3245 3196 verbarg. Im Grau des Morgens sprang der Felsen von Freetown vor, einem
588 3228 3179 3339 afrikanischen Gibraltar, und im gerodeten Grün der Küste lagen die
647 3378 3260 3489 weissen Hauser der Europäer weithin verstreut, bis zum Leuchtturm und
582 3509 3167 3629 den Radiotürmen, die ein anderes Felsenriff zur Rechten krönten. Die
597 3661 3218 3769 englische Kontrollbehörde kam in einer Motorschaluppe an Bord, – eine
594 3802 3289 3921 Schar rötlich bis schwarzbraun verbrannter, junger Leute in Khaki oder
594 3948 3173 4071 Weiss, in Tropenhelm, kurzärmeliger Tunika, shorts, und Kniestrümpfen.
1612 131 2501 245 –3– (Zw.den Kontinenten)
588 417 3140 538 Während sie über die Treppen und durch die Gänge eilten, und junge
576 572 3158 690 Marine englische Matrosen mit Kindergesichtern, schweren Revolvern,
573 713 3394 840 schweren Schuhen, und in kragenlosen Henden sich auf dem Deck verteilten,
567 853 3304 974 Standen die Passagiere an der Reeling und blickten über die Bucht hin¬
594 1002 3298 1120 weg, aus ihrer Ruhe gestört, dumpf und betäubt von der Hitze, beunruhigt
573 1143 3316 1269 durch das Bild der Küste, der sie wohl in Gedanken folgten bis dorthin,
555 1295 3251 1410 wo sie in einer Stadt, einem Posten ihre Angehörigen, Freunde, oder ein
576 1438 3224 1553 Haus zurückgelassen haben mochten ... Beunruhigt auch weil wir uns, zum
588 1581 2194 1699 ersten Mal, in einem Kriegshafen befanden.
579 1728 3227 1834 [p]Wir waren nicht weit von Dakar. Am Tage zuvor waren Möbelstücke, Holz¬
567 1877 3206 1986 teile, Reste eines versenkten Schiffes an uns vorbeigetrieben. Jemand
579 2014 3400 2126 hatte in der Ferne ein Unterseeboot zu erkennen geglaubt. Flugzeuge waren
594 2155 3167 2270 über uns hinweggeflogen. Aber das waren nur warnende, und wieder ver¬
573 2301 3283 2416 schwindende Zeichen gewesen. Jetzt sahen wir Freetown, dessen Namen wir
573 2442 3391 2565 nur aus dem Radio kannten. Und wenn sich auch der grössere Teil der afri¬
570 2580 3349 2705 kanischen Kolonien im Krieg befindet, und man im Bewusstsein des Krieges
564 2728 3334 2858 zu leben gemeint hatte, so war doch der Anblick des Hafens von Freetown
582 2877 3286 2998 eine ganz andere Wirklichkeit. Man hatte in den Kolonien schwarze Trup¬
567 3029 3355 3150 pen gesehen, viele junge Europäer waren aufgeboten worden, Kriegsmaterial
585 3167 3310 3288 war eingetroffen. Aber noch der abessynische Feldzug der belgischen Ko¬
608 3321 3400 3451 lonialtruppe hatte einen leicht romantischen Charakter einer einzelnen
567 3461 2259 3585 kriegerischen Aktion oder Expedition gehabt.
582 3607 3328 3732 lonialtruppe hatte viel mehr einer leicht romantischen, abenteuerlichen
588 3744 3104 3885 kriegerischen Expedition geglichen, als den anonymen, furchtbaren
570 3899 3412 4031 Massenaktionen des modernen Krieges, – der Europa überschwemmt, aber Afrika
576 4036 3361 4183 bisher noch verschont hatte. Wohl hatten sich die afrikanischen Gebiete,
1707 180 2579 288 –4– (Zw. den Kontinenten)
594 530 3322 650 teilweise von ihrem Mutterland abgeschnitten, an der Seite kriegführen¬
588 676 3286 785 der Mächte kämpfend, wirtschaftlich auf die Folgen und Forderungen des
591 819 3224 927 Krieges umstellen müssen, und Jedermann [sic], vom höchsten Beamten bis zum
597 965 3370 1079 kleinsten Pflanzer, Kaufmann und Freiwilligen führte "den Krieg" ständig
603 1106 3325 1223 im Mund: denn der Krieg erklärte die Misere der Kaffeepflanzer und die
597 1258 3218 1372 Prosperität der Zinn- Kupfer- und Goldgruben, die erhöhten Steuern, die
629 1395 3343 1515 mangelnden europäischen Produkte, und die Unmöglichkeit für Angestellte
603 1535 3337 1655 und Funktionäre, nach abgelaufenem Dreijahres-Termin die "Europaferien"
594 1685 3301 1805 anzutreten. Man reiste dafür in die Südafrikanische Union, man tröstete
606 1829 3385 1944 sich, nach dem Krieg werde man umso längere und schönere Ferienreisen in
612 1979 3322 2087 Europa machen ... Und obwohl die spärlichen Nachrichten von Angehörigen
647 2121 3334 2235 m Mutterland, – und mehr noch die fehlenden Nachrichten von Vermissten,
615 2265 3400 2383 vielleicht Gefangenen, vielleicht längst Getöteten, – oder die Erzählungen
615 2412 3364 2523 von gelegentlich eintreffenden "Refugiés" und die täglichen Radioneuig¬
606 2556 3334 2664 keiten hatten genügen müssen, um in den Kolonien die Tatsache und Trag¬
603 2699 3325 2807 weite des Weltkrieges zum Bewusstsein zu bringen, – blieb der Krieg ein
609 2844 3346 2962 Phantom, ein Begriff, den man wie im Geschäfts- und Börsenleben anwandte,
617 2982 3289 3100 um eine Baisse oder Hausse eine Massnahme zu erklären, – ohne dass man
620 3137 3269 3246 genau zu verstehen trachtete, was sich hinter diesem Begriff verbarg.
1656 3274 3340 3377 [p]– Unter den Passagieren nach Lissabon, die in
644 3415 3266 3526 Freetown die ersten, mit düsterer, grauer Schutzfarbe bemalten Kriegs¬
620 3560 3415 3665 schiffe sahen, befanden sich viele, die jahrelang nicht in Europa gewesen
653 3708 3412 3813 aren, – Missionare, portugiesische Kaufleute, – und die von den Ereignissen
623 3848 3272 3959 ausserhalb des afrikanischen Buschs wenig wussten, und nichts wissen
692 3993 3292 4104 wollten. Sie wollten nach Eürope zurück, – und wollten die süsse Heimat
622 4193 3316 4229 genau so vorfinden, wie sie sie vor fünf, vor zehn oder zwanzig Jahren
1594 202 2498 332 –5– (Zw. den Kontinenten)
606 420 3274 559 verlassen hatten. Andere kehrten aus "politischen" Gründen nach Europa
594 551 3415 696 zurück, – teils als Flüchtlinge, aus Protest, zum Beispiel gegen die Sonder¬
597 704 3158 843 politik des Generals De Gaulle, – teils als Freiwillige, um sich zum
600 844 3260 992 Beispiel in London der Sache der Allierten zur Verfügung zu stellen,
614 984 3355 1138 teils als aus Interniertenlagern Entlassene, die gegen Kriegsgefangene
603 1137 3269 1278 der anderen Seite ausgetauscht wurden. Nach den Begriffen des Krieges
594 1277 3191 1428 befanden sich also Feinde und Verbündete miteinander an Bord, – aber
600 1423 3269 1571 etwas verband sie: der Wunsch, die europäische Küste wiederzusehen, das
594 1564 3343 1714 fremde Afrika mit der Erde der Heimat zu vertauschen, selbst wenn diese
597 1713 2510 1849 Erde verarmt, zerstampft, besiegt, oder bedroht war.
579 1850 3415 2007 \p\Die Männer der Marine-Polizei in Freetown hätten wohl über, oder jenseits
603 1990 3346 2156 solcher Gefühle sein sollen, unabhängig davon, ob ihr Posten sich an der
588 2134 3248 2290 afrikanischen Sierra Leone-Küste, im Fernen Osten, oder in einem euro¬
585 2291 3233 2436 päischen Dorf befinde, nur auf ihre Aufgabe bedacht, und die Menschen
582 2425 3340 2579 nur noch einteilend und behandelnd als Freund oder Feind. Aber ich habe
588 2560 3280 2728 sie eine junge Frau mit rücksichtsvoller Höflichkeit behandeln sehen,
591 2710 3331 2870 die mit ihren drei kleinen Kindern eine Erlaubnis, nach Frankreich heim¬
576 2853 3260 3016 zukehren, erhalten hatte, während ihr Mann als "Vichyst" in der freien
591 2997 3358 3156 französischen Kolonie interniert blieb. Als ich kurz vor der Weiterfahrt
582 3143 3125 3303 zum letzten Mal mit den Offizieren zusammensass, fragten sie mich:
603 3283 3083 3443 Werden Sie dort, wenn Sie in einem friedlichen Land Ihre Artikel
579 3423 3209 3589 schreiben, auch den Empfang erwähnen, den Sie bei uns gefunden haben?
570 3570 3298 3732 Werden Sie sagen, dass wir auch in der Einsamkeit dieser afrikanischen
576 3726 3221 3874 Fieberküste, und trotz unseres unerfreulichen Amtes, recht menschlich
579 3872 1244 3972 geblieben sind?" –\:p\
1650 191 2468 306 –6– (Zw. den Kontinenten)
686 484 3131 599 \p\Diese Polizisten und Soldaten, die in einem wahrhaft höllischen
662 627 3343 745 Exil am Rande Afrikas den Krieg überdauerten, waren in der Tat mensch¬
668 761 3236 888 icher, warmherziger, und schlichter in ihren Gefühlen, als Viele, die
755 914 3439 1044 weitab vom Phantom des Krieges eine normale, geschützte Existenz führend,
632 1048 3215 1181 Begriffe des Hasses, der Rache, und totaler Siege geprägt hatten, die
671 1176 3236 1321 jeder Wirklichkeit entbehrten, und doch zu jenen Unmenschlichkeiten
659 1316 3388 1463 beitragen konnten, die wir in dieser Zeit schon an ihrem fürchterlichen
695 1444 1092 1547 Werk sehen.\:p\
659 1582 3325 1733 \p\Als der Dampfer in die rasch sinkende Tropennacht hinaussteuerte, und
653 1714 3388 1888 der Felsen von Freetown in Glut und Bläue zurückblieb, fragte ich mich,
653 1854 3266 2014 ob dieser Ort des Krieges zwischen den Kontinenten nicht vielleicht
650 2009 3263 2166 geeignet sei, dem kämpfenden und leidenden Menschen seine Bestimmung
662 2132 3343 2300 wieder wach zu rüfen. Fern vom Schutz des eigenen Landes, vom Trost der
656 2278 3430 2444 Heimaterde, und herausgerissen aus dem Kreis des ungefahrdeten, normalen
638 2430 3352 2593 Lebens, -zwischen den Gewalten des Meeres, und den entfesselten Fronten
632 2574 3334 2748 des krieges, – und weit vom Kampf um ein Stückchen Besitz und Existenz,
650 2745 3385 2874 nur ein Sandkorn in der Flut[add above: Masse] der in diesen Krieg gerissenen Menschen, –
656 2872 3403 3047 muss man sich da nicht besinnen, was in uns trotz allem lebendig bleibe,
638 3012 3322 3181 wohin unsere Liebe strebe, und die falschen Phantome und hohlen Worte
653 3162 1029 3271 verwerfen?\:p\
614 3299 3286 3459 \p\Wenn die Menschen nach solcher Prüfung an ihre Küsten, in ihre Länder
612 3433 3128 3605 zurückkehrten, so wie wir jetzt der Küste Europas entgegenfuhren,
647 3580 3131 3745 würden sie nicht gelernt haben, dass die Begriffe des Krieges von
614 3729 3385 3904 Freund und Feind nichts sind, verglichen mit den schlichten und starken,
695 3878 3200 4035 ewigen Gefühlen, die wir alle teilen, und die uns zu Brüdern machen?\:p\
