4775 6320
3184 694 4464 842 Mazanderan
4063 1002 4193 1082 Text
4061 1055 4474 1162 und Aufnahmen
4063 1152 4163 1227 von
4063 1207 4351 1295 Annemarie
4061 1280 4489 1380 Schwarzenbach
463 2821 2462 2928 \p\Zwischen dem riesigen Hochplateau von Iran und dem Kaspischen Meer, zwischen den
456 2911 2462 2986 Kaukasusketten im Westen und der Turkmenischen Steppe im Östen, liegen die schma¬
458 2961 2467 3039 len Landstriche mit den schönklingenden Namen Mazanderan und Gilan, — Persiens
448 3024 2460 3084 fruchtbarste Provinzen! Kommt man über die hohen, schneebedeckten persischen Pässe
461 3069 2465 3141 in dieses Tiefland der «Kaspischen Senke», so überschreitet man die merkwürdigste
458 3126 2455 3186 klimatische und landschaftliche Scheide, die sich denken läßt; tropische und feuchte
466 3176 1065 3251 Wärme herrscht an Stelle
451 3231 1055 3304 der kontinentalen Troc¬
448 3274 1060 3357 kenheit, Wald, richtiger
453 3339 1065 3402 Urwald, überschwemmte
448 3382 1065 3472 Reisfelder, Meeresdünen,
461 3434 1062 3517 große Sumpfgebiete an
448 3487 1055 3575 Stelle des kargen Hochflä¬
453 3545 1065 3620 chen-Bodens. Und nicht
451 3592 1062 3677 nur dies: man begegnet
446 3660 1060 3727 einer gänzlich fremden Ar¬
446 3705 1065 3775 chitektur, den Menschen
448 3763 1050 3843 und Formen eines abge¬
451 3808 1062 3890 schlossenen, fast verzau¬
443 3865 1062 3935 berten Landes. Am Abfall
446 3925 1060 3985 der Berge gibt es Alpwei¬
446 3975 1052 4038 den mit strohgedeckter
461 4028 1065 4088 Viehkralen — im Urwald
451 4073 1050 4141 Köhlerhütten — am Mee¬
446 4138 1060 4206 resstrand höchst eigenartig
453 4193 1055 4266 gebaute Dörfer mit spitzen
446 4238 1065 4319 Strohdächern, die bald an
3121 4449 4474 4534 Aargauer Bauernhäuser, bald an afrikanische Negerhütten
3121 4532 4479 4592 erinnern. Turkmenen bewohnen die Provinzen — wie auch
3121 4579 4479 4639 drüben über der Grenze die Sowjetrepublik Aserbeidschan.
3121 4622 4471 4704 Die Leute sind verhältnismäßig reich, weil sie in einer üppi¬
3129 4689 4486 4752 gen Natur leben: Reis und Baumwolle, Fisch, Kaviar und
3139 4742 4479 4795 Wild gibt es, Schafe und Zebus werden gezüchtet — auch
3121 4782 4481 4862 Felle von Geparden, Leoparden, Tigern und Bären werden
3121 4845 4479 4915 in den Bazaren der nächsten Städte und oben in Teheran
3126 4900 4471 4957 verkauft. — Die Leute von Mazanderan galten früher für
3121 4937 4474 5020 Zauberer, die es verstanden, böse Krankheiten zu verbrei¬
3124 5005 4479 5065 ten ... man versteht die Herkunft des Leumunds, wenn
3126 5060 4466 5128 man in diese reiche, doch von Malaria heimgesuchte, frucht¬
3121 5110 4474 5180 bare und doch so sonderbar verwunschene Gegend gelangt.\:p\
2788 1265 3004 1297 \f\Haus mit Strohdach in Mazanderan\:f\
4056 2079 4486 2184 \fp\Ein Aargauer Bauern¬
4056 2154 4491 2222 haus? Nein, nur das
4056 2199 4479 2260 schützende, steile Stroh¬
4056 2252 4486 2307 dach ist verwandt. Das
4053 2302 4484 2365 Dach steht auf Pfählen.
4056 2347 4484 2415 Eine Treppe führt aus
4056 2397 4486 2455 die Galerie und zum
4056 2435 4484 2510 Wohnraum. Zu ebener
4056 2487 4491 2548 Erde befindet sich ein
4056 2543 4479 2608 aus Lehm gemauerter
4053 2583 4491 2648 Stall. Die Luke im
4056 2625 4486 2698 Dach ist das Fenster des
4053 2680 4306 2753 Wohnraums.\:fp\
3122 3742 3370 3779 \f\Alphütte am Firuskuh-Paß\:f\
2595 4148 4486 4248 \fp\Alphütte am Firuskuh-Paß. In dem viereckigen «Kral" wird nachts das Vieh zusammengetrieben.
2605 4231 4486 4301 Zum Schutze gegen Angriffe von Raubtieren, die in der Gegend von Mazanderan noch recht
2595 4279 3770 4354 zahlreich sind, ist die Hütte mit einer Dornhecke umgeben.\:fp\
2130 5043 2406 5079 \f\Hirte von Mazanderan\:f\
3259 5323 4486 5406 \fp\Ein Hirt von Mazanderan. Er trägt die runde Turkmenen¬
3299 5406 4479 5456 mütze und einen Mantel aus schwarzem Ziegenfilz. Er ver¬
3347 5441 4474 5501 bringt sein Dasein im Urwald und auf den kleiner
3407 5493 4481 5549 Weideplätzen im Gebirge, hoch über dem grauen Spie¬
3452 5546 4479 5601 gel der Kaspisee. Sein Gesicht prägt große Ruhe aus.
3497 5596 4479 5654 Als er photographiert wurde, rührte er sich nicht,
3550 5639 4479 5709 änderte keine Miene und sah ohne Neugier in
3610 5686 4479 5764 den unbekannten Apparat. Das Reden hatte
3655 5729 4479 5809 er sich abgewöhnt; er antwortete auf keine
3697 5779 4479 5837 Frage und schien an unseren fremden
3747 5834 4479 5907 Erscheinungen völlig uninteressiert.\:fp\
