4252 5669
709 684 1114 753 „Die Pfeffermühle"
707 746 1478 798 \p\hat mit einer Vorstellung in Burgdorf am 17. De¬
709 789 1485 834 zember ihre erste Schweizer Tournée dieses Win¬
709 826 1492 868 ters abgeschlossen. Zu früh für ihre Freunde, die
707 857 1485 903 sich erinnern, daß das literarische Kabarett letztes
700 898 1485 932 Jahr bis in den späten Frühling hinein vor aus¬
707 926 1492 969 verkauften Sälen gespielt hat. Es hätte doch
700 962 1492 1003 zweifellos auch in diesem Jahre noch Menschen
709 1000 1492 1035 genug gegeben, die sich am Geist und Witz, an
703 1028 1492 1075 der künstlerischen Regsamkeit des neuen Pro¬
716 1059 1492 1103 gramms erfreut hätten, die seiner nachdenklichen
703 1100 1492 1146 Schwermut, seiner schmerzlichen und aufrichtigen
703 1126 1492 1175 Kritik an menschlichen und unmenschlichen Din¬
707 1166 1492 1208 gen dieser Zeit zugänglich gewesen wären! Eine
700 1201 1492 1242 Reihe kleinerer Städte hat die Aufführungen der
709 1233 1492 1275 Pfeffermühle verboten, auch die Engadiner Tour¬
703 1271 1487 1316 née mußte abgesagt werden. Wir wissen: Das war
707 1301 1492 1337 früher nicht nötig, und ist auch heute nicht ge¬
707 1335 1485 1378 schehen, weil man an der Pfeffermühle und ihren
703 1369 1487 1412 jungen Künstlern etwas auszusetzen hätte, sondern
707 1405 1492 1437 weil man neue Skandale der Frontisten vermei¬
698 1435 1478 1480 den will. Es ist immer schwer, ja unmöglich, eine
707 1471 1492 1512 geistige Unternehmung gegen die ungeistige Bru¬
700 1503 1492 1539 talität zu schützen. Und doch ist dieser halbe und
696 1541 1478 1582 zweifelhafte Erfolg der Frontisten ein Symptom,
694 1576 1473 1615 welches Aufmerksamkeit verlangt. Denn es ver¬
694 1608 1492 1639 letzt eine der besten Schweizer Traditionen, wenn
698 1639 1492 1683 geistige und künstlerische Aeußerungen durch die
694 1671 1469 1714 gemeinen Mittel des Faustrechts unterbunden
694 1707 1492 1742 werden können. Glücklicherweise fiel es den Fron¬
698 1739 1492 1778 tisten erst so spät ein, die Pfeffermühle als Ab¬
698 1773 1492 1819 lenkungsobjekt für ihre leere Radaufreude zu
698 1808 1492 1853 wählen. Erika Mann und ihre Freunde hatten
707 1844 1492 1889 Zeit genug, in großen und kleinen Schweizer
694 1874 1492 1923 Städten den Beweis für ihr Talent, ihren Mut
694 1914 1492 1946 und ihre reine künstlerische und menschliche Ab¬
694 1946 1460 1990 sicht zu erbringen. Und sie können sicher sein, daß
694 1978 1492 2030 ein zahlreiches Publikum sich seine Unbefangen¬
700 2010 1467 2051 heit nicht nehmen ließ und die Rückkehr der
703 2042 1067 2097 Pfeffermühle erwartet.\:p\
1041 2071 1494 2131 \p\Annemarie Schwarzenbach.\:p\
