3680 5440
1854 1585 2607 1669 Internationales Rotes Kreuz
1961 1653 2507 1728 Die Aufgaben in Lissabon
1866 1715 2651 1765 A. C. S. \p\In der Schweiz dürfte wohlbekannt sein
1814 1766 2660 1807 was im Ausland noch gelegentlich hervorgehoben
1812 1804 2642 1854 werden muß, daß das „Comité International de
1814 1828 2692 1885 Croix Rouge" (C. I. C. R.) nicht ein Komitee von
1818 1882 2649 1922 Delegierten der nationalen Rotkreuzorganisa¬
1812 1914 2649 1975 tionen aller Länder ist, sondern ein von diesen Orga¬
1812 1962 2658 2023 nisationen unabhängiges, rein schweizerisches Komitee
1818 1996 2654 2039 das seinen Sitz in Genf hat und dessen Mitglieder,
1821 2038 2658 2098 Delegierte und Mitarbeiter schweizerischer Nationali¬
1804 2076 1975 2124 tät sind.\:p\
1865 2115 2642 2166 \p\Ueber die im „ Code des prisonniers de guerre"
1818 2156 2646 2201 definierten Aufgaben, die Organisation und die all¬
1821 2195 2654 2241 gemeine Tätigkeit des Internationalen Komitees von
1818 2235 2651 2277 Roten Kreuz wurde in einem früher an dieser Stelle
1812 2286 2660 2314 erschienenen Beitrag schon gesprochen. Der Aufgaben¬
1821 2315 2660 2354 kreis — Paketsendungen, Beförderung von Korrespon¬
1820 2350 2649 2408 denzen für Kriegsgefangene, Inspektion der Gefan¬
1818 2379 2692 2435 genenlager usw. — hat sich seither nicht verringert,
1818 2430 2660 2479 und neue, durch die Leiden des Krieges dringlich ge¬
1818 2469 2658 2518 wordene Aufgaben sind dazu gekommen, so z. B. Sen¬
1824 2511 2654 2559 dungen für internierte und notleidende Zivilbevölke¬
1824 2555 2692 2592 rungen und Großeinkäufe von Lebensmitteln. Die
1818 2586 2658 2631 Durchführung des Hilfswerkes ist aber, besonders
1821 2625 2693 2675 durch die wachsenden Probleme des Transports und
1820 2666 2353 2722 Verkehrs, noch erschwert worden.\:p\
1872 2682 2661 2756 \p\In diesem Zusammenhang wurde es für das
1827 2733 2693 2783 Genfer Komitee bald nach Kriegsbeginn notwendig,
1827 2778 2660 2828 einen Delegierten nach dem als Transithafen wichtig
1827 2814 2693 2875 gewordenen Lissabon zu entsenden. Oberst
1824 2853 2692 2915 Friedrich \g\Iselin\:g\ hat sich in dieser Eigenschaft die
1827 2895 2693 2963 größten Verdienste erworben, als er ganz allein die
1824 2950 2692 2977 Verantwortung und die enorme Arbeit übernahm,
1827 2976 2693 3035 in Lissabon den Warenverkehr für das Rote Kreuz zu
1827 3019 2660 3058 organisieren und zu leiten. Später traf dann als
1824 3056 2666 3101 zweiter Delegierter Walter \g\Menzel\:g\ in Lissabon
1824 3088 2692 3130 ein, und von diesem bescheidenen Stab wird in ein
1824 3133 2666 3180 paar engen Bureaus in der Nähe des Hafens eine
1824 3168 2692 3224 aufopferungsvolle Arbeit geleistet, die allein das
1827 3208 2663 3252 Wirken des Genfer Hilfswerkes ermöglicht. Aber auch
1824 3248 2666 3290 die Rotkreuzorganisationen aller Länder, die kollek¬
1830 3286 2654 3336 tive oder individuelle Liebesgabenpakete, Nahrungs¬
1835 3329 2666 3381 mittel. Kleider und Medikamente über Lissabon be¬
1830 3361 2675 3412 fördern, arbeiten mit der dortigen Delegation des
1830 3408 2692 3463 C. I. C. R. zusammen und bedienen sich seiner Ver¬
1833 3450 2445 3494 mittlung und seiner Transportmittel.\:p\
1883 3482 2670 3533 \p\Das Personal der Delegation dürfte bald vermehrt
1830 3525 2692 3568 werden, was angesichts der zeitraubenden Kompli¬
1833 3565 2661 3606 ziertheit und der Fülle der in Lissabon abzuwickelnden
1833 3600 2607 3650 Transporte als unbedingt notwendig erscheint.\:p\
1888 3631 2692 3693 \p\Am 3. Mai hat die C. I. C. R.-Delegation den
1833 3674 2692 3735 schwedischen Dampfer „\g\Vega\:g\“ mit einer Fracht von
1833 3724 2692 3778 660 Tonnen, davon 146 Tonnen verschiedener Waren
1835 3760 2692 3811 und 17 092 Postsäcke mit je sechs bis sieben Fünfkilo¬
1830 3806 2672 3843 paketen, nach Marseille entsendet. Es war dies die
1833 3835 2666 3881 68. von C. I. C. R.-Schiffen ausgeführte Fahrt zwischen
1839 3877 2672 3927 Lissabon und Marseille oder Genua, seitdem der
1839 3919 2672 3959 Schiffsverkehr für das Internationale Komitee in
1839 3955 2692 4007 Dezember 1940 organisiert worden ist. Sämtliche
1833 3991 2670 4041 Fahrten sind ohne nennenswerte Zwischenfälle ver¬
1806 4035 2692 4098 laufen, obwohl die praktische Durchführung dieses
2696 2290 3538 2365 Seeverkehrs nicht einfach ist. Unter den von Lissabon
2693 2345 3535 2397 abtransportierten Waren, die aus England, Canada,
2688 2379 3538 2429 den Vereinigten Staaten, Brasilien, Argentinien,
2698 2423 3544 2469 Urugway und Afrika eintreffen, beziffert sich die Zahl
2696 2466 3535 2513 der Postsäcke allein auf rund 630 000, was etwa vier
2696 2502 3544 2550 Millionen Fünfkilopakete bedeutet. Die Warenlisten
2688 2555 3544 2602 eines C. I. C. R.-Schiffes sind ungemein schwierig zu
2696 2581 3535 2628 erstellen, da sich die Fracht aus vielen verschiedenen
2688 2627 3544 2675 Warengattungen zusammensetzt, wie zum Beispiel
2696 2660 3544 2713 Nahrungsmittel, Tabak, Seife, Medikamente, Kleider,
2698 2700 3543 2740 Instrumente, Sport- und Spielartikel usw. Ferner
2688 2729 3538 2783 muß bei der Zusammenstellung der Fracht die Quota
2696 2775 3542 2821 berücksichtigt werden, die dem Roten Kreuz eines
2688 2817 3538 2863 jeden Landes für seine Sendungen zuerkannt ist.
2688 2863 3542 2907 Diese Quoten werden nach Maßgabe der in Lissabon
2688 2901 3544 2939 auf Abtransport wartenden Warenmengen verteilt.
2688 2937 3542 2976 Die Formalitäten für die Reexpedition der Transit¬
2688 2975 3542 3021 sendungen beanspruchen mindestens vierzehn Tage
2705 3013 3538 3067 und eine beträchtliche Arbeit. Dies gilt auch für die
2705 3055 3542 3100 Sendungen auf dem Luftwege, die dringende Waren,
2688 3088 3538 3139 vor allem \g\Medikamente\:g\, umfassen. In letzter
2702 3136 3538 3178 Zeit hat die Delegation auch die Weiterbeförderung
2688 3165 3542 3212 von Medikamenten für gewisse Zivilbevölkerungen
2708 3208 3542 3254 übernommen, unter anderem 25 Tonnen für das
2702 3240 3542 3304 belgische und 30 Tonnen für das polnische Rote Kreuz.\:p\
2758 3295 3542 3333 \p\Diese wenigen Zahlen mögen genügen, um die
2702 3311 3542 3368 Aktivität und die großen Leistungen der C. I. C. R.¬
2714 3366 3550 3412 Delegation in Lissabon zu charakterisieren; sie zeigen
2688 3416 3544 3458 auch, daß diese Tätigkeit noch erweitert werden könnte,
2702 3446 3544 3488 wenn die praktischen Möglichkeiten dazu vorhanden
2708 3483 3550 3527 wären. Zurzeit stehen der Delegation folgende Schiffe
2688 3517 3550 3586 zur Verfügung: die portugiesischen Dampfer
2708 3568 3542 3609 „Ambriz“, „ Padua" und „Tagus“ sowie die schwedi¬
2702 3597 3542 3656 schen Dampfer „Vega“ und „Embla“. Ihr Tonnage¬
2688 3640 3550 3706 raum ist aber ungenügend, so daß in Lissabon noch
2688 3679 3550 3728 etwa 150 000 Säcke und 3500 Tonnen verschiedener
2688 3730 3544 3763 Waren auf Abtransport nach Marseille warten. Da¬
2688 3756 3547 3799 her sieht man dem Eintreffen des 4600-Tonnen¬
2711 3798 3542 3845 Dampfers mit Ungeduld entgegen, den die „Fonda-
2702 3844 3538 3883 tion pour l’Organisation des Transports Croix-Rouge“
2708 3880 3550 3918 durch die Schweizerische Reederei angekauft hat.
2711 3919 3550 3965 Dieses Schiff wird unter Schweizer Flagge fahren
2688 3954 3547 4002 und unter der Bezeichnung „\g\Caritas Nr. I\:g\“ dem
2708 3990 3547 4035 humanen Werk des C. I. C. R. dienen, welches das
2688 4035 3306 4088 weiße und das rote Kreuz vereinigt.\:p\
