3897 5669
893 2076 1844 2225 Fahrt nach Zermatt
457 2258 2379 2386 \p\Bis zum Dörfchen Stalden fahren wir mit dem
373 2379 2379 2510 Auto. Dann ist es zu Ende, und eilfertige Hotel¬
361 2485 2376 2598 boys führen uns zu ihren Garagen. Sie stellen sich
356 2588 2379 2744 auf das Trittbrett des Wagens und dirigieren mit
361 2712 2379 2855 Kommandostimme durch die enge Dorfstraße, wo
361 2810 2369 2951 zum Überfluß dunkelbraune Maultiere vor uns her
343 2931 2371 3057 trotten und kleine Kühe vor den Brunnen stehen,
351 3045 2369 3148 ohne auf unser Tuten zu achten. Stalden hängt
343 3141 2371 3269 hoch über dem Tal, das sich hier in zwei Arme
343 3259 2346 3400 teilt. Beide sind eng wie Schluchten, von brausen¬
343 3370 2364 3506 dem Wasser erfüllt. Nach Saas-Fee führt nur ein
351 3486 2369 3605 Saumpfad. Auf den trottenden Maultieren werden
341 3602 2371 3723 alle Lebensmittel und zuweilen auch die Fremden
343 3701 2371 3847 befördert. Wir begegnen dem Zug der hübschen\:p\\fml\
1500 567 3556 715 \p\\fml\geduldigen Tiere, die — mit hölzernen Tragsätteln
1489 689 3546 826 beladen — klug ihren gewohnten Weg gehen. Die¬
1489 798 3561 935 ser Weg beginnt so malerisch wie nur denkbar:
1500 906 3556 1054 zwischen Obstgärten, ein Wald weißer Blüten im
1507 1023 3556 1132 Frühjahr, schwere Last violetter und sammetblauer
1500 1132 3556 1256 Pflaumen im Herbst. Die Pflaumen sind klein und
1500 1254 3556 1380 hart wie alles, was in den Bergen beheimatet ist.
1494 1365 3556 1520 Sie tragen eine Schicht von zartem, mattfarbigem
1513 1494 3561 1606 Staub; wenn man sie mit der Hand abreibt, kommt
1500 1593 3561 1712 die glatte, schillernde Fruchthaut zum Vorschein.
1507 1702 3564 1818 Sie sind süß und stark im Geschmack. Frauen und
1507 1813 3577 1961 Kinder sammeln sie ein und tragen sie in hohen
1500 1930 3569 2062 „Chratten" in das Dorf. Die Obstgärten senken
1500 2038 3561 2183 sich steil zu der tiefen Schlucht der Saaser Visp.
1500 2142 3561 2274 Die alte Kienbrücke führt darüber: eine Brücke, die
1494 2269 3577 2404 in Entzücken versetzt. Sie ist wie aus dem Felsen
1507 2375 3566 2520 herausgewachsen, aus Steinplatten scheinbar achtlos
1500 2497 3569 2639 und doch unerschütterlich gefügt, sie ist lang und
1500 2603 3556 2730 hoch und senkt sich ein wenig über den tragenden
1513 2727 3577 2865 Pfeilern, so daß eine zarte natürliche Schwingung
1500 2839 1841 2953 entsteht.\:p\
1598 2945 3437 3074 \p\Die Bauern nennen ihre Scheunen „Kammern" –
1500 3059 3569 3183 sie sind auch klein genug dafür und stehen wie
1518 3165 3587 3313 Pfahlbauten auf Pflöcken, damit Wiesel, Ratten und
1513 3289 3561 3445 Mäuse den kostbaren Roggen nicht fressen können.
1518 3398 3561 3538 Im Saasertal heißen die Häusergruppen „Im Bo¬
1513 3512 3574 3652 den, „Zen Schmieden", „Unter dem Berg, und
1513 3623 3574 3761 die Namen sind immer schon ein Stück Lokal¬
1500 3737 3569 3908 geschichte. Das erste Pfarrdorf heißt Saas-Grund,\:p\\fml\
345 558 2350 678 \p\\fml\das zweite, berühmtere Saas-Fee, am Ende des
355 670 2352 775 Tales, am Fuße des weißen Feegletschers und der
355 775 2345 892 Mischabelgruppe, Zentrum der Bergsteiger wie im
355 885 2352 1025 Nachbartal Zermatt, und wie dort gibt es Dynastien
355 998 2352 1128 von Bergführern, deren Namen ebenso gut klingen
355 1112 2340 1240 wie die der Häuser und Flecken: Andenmatten, Kal¬
362 1220 1685 1350 bermatten, Supersaxo, Zurbriggen.\:p\
458 1328 2330 1455 \p\Nach \g\Zermatt\:g\ braucht man nicht auf Maul¬
348 1435 2348 1562 tieren zu reiten, man fährt mit der Zahnradbahn
345 1548 2332 1658 von Stalden aus durch das \g\Nikolaital\:g\, wo die Matter
362 1652 2348 1790 Visp, vorsichtig eingedämmt, mit Wasserfällen und
350 1772 2348 1885 tosenden Wirbeln ihren Weg erkämpft. Es ist eine
338 1875 2335 2010 sehr kühne und sehr drückende Landschaft, man
350 1982 2335 2100 muß sich an die Nähe und Übergewalt der jäh¬
350 2095 2328 2228 ansteigenden Berge gewöhnen. Eine \g\unwahr-
332 2200 2332 2338 scheinliche\:g\ Landschaft, schwelgend in Gegen¬
345 2305 2342 2458 sätzen. Man hört oft, das Wallis sei südlich, klas¬
350 2415 2348 2560 sisch, sogar italienisch. Die Rebengelände im Tal,
355 2538 2332 2652 die kleinen Städte, besonntes Gemäuer und male¬
332 2640 2230 2762 rische Fassaden mögen zu dieser Ansicht führen
345 2750 2298 2888 hier oben ist mindestens der Ausdruck „klassisch"
345 2850 2342 2990 schlechthin unangebracht. Denn klassisch ist das
350 2968 2328 3112 Maß, und das Wallis ist von erschreckender Maß-
345 3082 705 3218 losigkeit.\:p\
428 3182 2340 3322 \p\\g\Zermatt\:g\: Einer der weltberühmten Orte; man
332 3300 2342 3412 riet mir ab, darüber zu schreiben oder gar über das
345 3405 2332 3520 Matterhorn, weil man es auf tausend Postkarten,
338 3518 2348 3660 Souvenirs, Warenzeichen, Medaillen und bestickten
350 3625 2348 3782 Taschentüchern gesehen habe, so daß jedes Wort\:p\\fml\
1465 564 3530 688 \p\\fml\den Überdruß nur vermehren könne. Aber es gibt
1478 682 3525 827 Eindrücke, die man nicht profanieren kann, und
1483 783 3520 942 dazu gehört sicher dieses Dorf der Bergsteiger am
1486 899 3507 1038 Ende eines armen Tales, an der Grenze der Über¬
1483 1015 3507 1161 welt, und seine Existenz im Schatten des Giganten.\:p\
1566 1128 3512 1264 \p\Mitten hinein in diese Überwelt führt die \g\Gor¬
1465 1241 3523 1393 nergratbahn\:g\. Ihr Ruhm ist berechtigt, sie führt
1483 1352 3515 1506 wunderbar mühelos hinauf in jene Regionen, die
1463 1473 3512 1599 man von unten in ihrer Herrlichkeit nur ahnt, und
1465 1584 3523 1720 die bis vor kurzem den Passionierten der Bergwelt
1483 1687 3510 1823 vorbehalten blieben. Heute stehen alte Damen mit
1478 1792 3512 1939 Sonnenschirmen auf der besonnten Terrasse und
1465 1934 3510 2057 verfolgen durch enorme Fernrohre die Bergsteiger,
1465 2029 3507 2171 die irgendwo an einer der gleißenden Wände als
1470 2145 3507 2274 winzige Punkte hängen — man kommt in Ver¬
1450 2258 3510 2390 suchung, das gefährliche und leidenschaftweckende
1465 2369 3479 2480 Handwerk der Hochtouristik als ein „Puppenspiel“
1463 2472 3502 2606 im wahren Sinne des Wortes zu betrachten. Aber
1452 2578 3502 2722 die Größe des Schauplatzes bewahrt uns davor: der
1452 2699 3510 2812 kahle Grat, nur noch Felsen, Geröll, feuchtglitzern¬
1452 2812 3502 2943 des Gestein — man fühlt sich etwa wie ein kleines
1457 2933 3505 3054 Kind, das von einer starken Hand plötzlich in die
1450 3038 3510 3175 Höhe, zu den Köpfen der Erwachsenen gehoben
1460 3142 3512 3268 wird. Tatsächlich ist man in eine Gesellschaft von
1460 3263 3507 3407 Giganten geraten, deren Namen man legendenhaft
1439 3378 3502 3502 kennt wie die Hannibals, Alexanders, Cäsars und
1460 3489 3497 3623 Napoleons: Matterhorn, Monte Rosa, Dent-Blanche,
1452 3592 3502 3723 Gabelhorn, Zwillinge — und zu ihren Füßen brei¬
1460 3716 3484 3868 ten sich die Gletscher aus, urzeitliche Ströme, Gor¬\:p\\fml\
380 580 2385 695 \p\\fml\nergletscher, Theodulgletscher, Schwärzegletscher,
398 700 2388 818 Breithorngletscher, scheinbar erstarrte Straßen, die
385 805 2382 952 auf allen Seiten die Täler zwischen den riesigen
398 918 1038 1045 Häuptern füllen.\:p\
488 1010 2385 1155 \p\Auf dem Gornergrat gibt es Scharen von bläu¬
402 1128 2395 1252 lichen Bergdohlen mit gelben Schnäbeln. Sie über¬
392 1245 2378 1342 fliegen langsam steuernd die kahlen Schuttflächen
398 1345 2385 1478 und lassen sich in der Nähe des Hotels nieder. Man
392 1462 2380 1572 kann sie mit Brot füttern: sie sind beinahe zahm.
398 1565 2375 1700 Es ist, als fühle sich hier oben alles Lebendige ver¬
392 1685 680 1798 bündet.\:p\
892 1755 1885 1902 [head]Etwas über Hochtouren
488 1885 2385 2022 \p\Am Riffelhorn, schwarz zerklüfteter Felsblock,
398 2000 2398 2138 übt der Laie die ersten Griffe. Es gibt dort ein
392 2112 2378 2248 langes und gar nicht einfaches „Matterhornkamin",
390 2218 2385 2350 und unser Führer versicherte mir, daß er jeden
392 2330 2378 2432 Schüler auf das Matterhorn mitnehme, der diese
398 2445 2385 2572 Probe ernster Kletterkunst bestanden habe. Für
410 2548 2385 2658 viele Touren braucht man nicht klettern zu können,
392 2652 2385 2805 sondern lediglich steigen und atmen. Denn von
392 2752 2392 2885 3000 Meter aufwärts wird die Luft dünn und der
402 2880 852 3002 Atem kurz.\:p\
488 2980 2392 3128 \p\Der Unbefangene fühlt sich in Zermatt ein wenig
392 3088 2378 3222 wie in St. Anton unter den Skifahrern. Nach weni¬
398 3188 2382 3342 gen Tagen schlägt sein Gewissen beim Anblick der
412 3318 2388 3428 Führer und der alten Alpinisten, die, rotverbrannt,
402 3418 2380 3558 mit Seil, Rucksack und Pickel gegen Mittag wiegen¬
392 3528 2385 3670 den Schrittes durch die Dorfstraße kommen. Gegen
398 3642 2375 3758 Mittag: dann haben sie schon sechs oder neun Stun¬\:p\\fml\
1448 553 3495 701 \p\\fml\den hinter sich, denn Bergsteigen ist ein matinaler
1446 665 3495 814 Sport. Wenn man zu spät aufbricht, kann der Ab¬
1453 780 3493 921 stieg sehr viel anstrengender werden, weil der
1443 890 2239 1031 Schnee weich wird.\:p\
1538 1008 3490 1144 \p\Und die Photographenläden von Zermatt! Die
1453 1118 3485 1264 Suggestion ist unabweisbar: Porträts von Bergfüh¬
1433 1228 3482 1356 rern, von tapferen Studenten aus München, die eine
1441 1351 3475 1492 Erstbesteigung ausgeführt, eine Nordwand bezwun¬
1453 1438 3485 1604 gen haben [in Berichten über Saladin macht sich Schwarzenbach über solche 'Hobbybergsteiger' im Vergleich mit dem Risiko Saladins später lustig]— englische Ladies, die irgendeinen
1433 1576 3472 1699 Schnelligkeitsrekord im geschürzten Rock aufwei¬
1435 1676 3482 1819 sen, und andere, denen eine Traversierung zum
1430 1789 2421 1932 x-ten Male gelungen ist.\:p\
1543 1893 3488 2034 \p\Neben den Namen vieler Führer steht ein kleines
1433 2014 3480 2162 Kreuz und eine Ortsbezeichnung. Das wirkt so er¬
1441 2152 3477 2270 greifend wie der kleine Friedhof des Ortes mit den
1443 2241 3467 2400 vielen Inschriften „Mort au Cervin“ — und ebenso¬
1430 2346 3472 2505 wenig abschreckend. Bergsteigen ist nicht nur ein
1430 2462 3480 2612 Sport — es ist eine durchaus ernste und männliche
1420 2582 1760 2694 Passion.\:p\
1512 2692 3475 2833 \p\Entsprechend ernst und schwierig ist der Beruf
1430 2797 3465 2943 des Bergführers. Unser Führer war als Siebzehn¬
1441 2909 3477 3068 jähriger zum erstenmal auf dem Matterhorn, als
1430 3024 3477 3170 Träger natürlich, denn das Führerexamen darf man
1412 3137 3459 3268 erst mit dreiundzwanzig Jahren machen. Seither,
1418 3239 3378 3370 erzählte er uns, war er dreiundachtzigmal oben
1430 3360 3459 3500 und er lächelte dazu, weil uns der schwarze Riese
1423 3467 3454 3608 mehr Eindruck machte als die anderen, noch schwie¬
1423 3598 3470 3723 rigeren Gipfel, die er uns durch sein Glas zeigte.
1420 3700 3480 3825 Die beiden Deutschen, die Brüder Franz und Toni\:p\\fml\
343 573 2380 683 \p\\fml\Schmid, bezwangen in drei Tagen, vom 31. Juli
335 683 2382 824 bis 2. August 1931, die ungeheuerliche Nordwand.\:p\
440 798 2375 939 \p\Unser Führer war noch jung. Er erzählte uns in
338 908 2369 1044 der Hütte viele Geschichten: von einem Kollegen,
335 1026 2369 1169 der beim Schmuggel zwischen Italien und Saas-Fee
338 1136 2362 1272 erwischt wurde, und dem man sein Führerpatent da¬
338 1238 2375 1361 für entzog, so daß er seither als Träger gehen muß
481 1361 2362 1502 – was ihn nicht nur zu einem armen Manne ge¬
320 1474 2231 1584 macht hat, sondern beinahe zu einem ehrlosen [ein ähnliches Schicksal ist dasjenige des fiktionalen Antagonisten in "Flucht nach oben"].\:p\
422 1586 2377 1699 \p\Die alten Führer wissen noch mehr Geschichten
320 1696 2377 1845 als die jungen, aber sie sind schwerer zum Sprechen
333 1809 2377 1924 zu bringen. Die Jungen geben Ratschläge, teilen
338 1917 2375 2044 ihre Erfahrungen mit und loben den Anfänger, das
325 2034 2362 2172 ist notwendig und ermutigend. Die Ausländer ver¬
333 2142 2377 2290 stehen einen Walliser meistens überhaupt nicht, die
338 2264 2369 2369 Ostschweizer nur mit Mühe. Wenn zwei Führer
320 2372 2377 2479 sich zusammen unterhalten, hört man die vielen ü's
338 2479 2369 2628 („Büebe" heißt es für Buben) wie im Berner Ober¬
338 2582 2382 2735 land. In der Hütte sorgt der Führer wie eine Mut¬
325 2707 2344 2848 ter für seine Schutzbefohlenen, rät ihnen, „Socken“
320 2812 2362 2968 anzuziehen – gemeint sind weiche Hausschuhe,
333 2932 2372 3037 und was man essen soll, und um neun Uhr wird man
325 3042 2382 3183 unweigerlich schlafen geschickt. Mit dem Schlafen
320 3145 2364 3288 hat es allerdings seine Schwierigkeiten, denn An¬
330 3273 2364 3416 fänger haben Lampenfieber oder sie vertragen die
320 3385 2375 3523 Höhe nicht. Um drei Uhr geweckt zu werden,
320 3493 2369 3603 kommt ihnen zudem barbarisch vor. Und doch,
343 3600 2380 3720 welche Eindrücke, gerade für den Anfänger! Nichts
320 3720 2364 3869 um sich zu haben als Fels und Eis und das Rau¬\:p\\fml\
1474 542 3521 705 \p\\fml\schen der Gletscherwasser — bei Mondlicht einen
1489 674 3531 823 Gletscher zu überqueren, langsames Gehen am Seil
1469 782 3526 929 hinter dem Führer, der von Zeit zu Zeit mit dem
1487 898 3513 1045 Pickel unsicheren Grund untersucht und dann die
1456 996 3521 1159 Richtung ändert (er sieht die überdeckten Spalten,
1474 1123 3508 1236 wie ein Hund die Fährte riecht) — der unbeschreib¬
1476 1226 3521 1368 lich farbenreiche und wunderbare Übergang von der
1479 1342 3513 1489 Nacht zum Tag, das Blauwerden des Himmels, die
1479 1464 3503 1587 grauen, harten Umrisse der Bergketten, die schwe¬
1469 1569 3508 1704 benden Wölkchen in großer Höhe, zartgefärbt und
1458 1696 3503 1817 durchsichtig, langsames Emportauchen der italieni¬
1456 1791 3508 1946 schen Alpen, des Montblanc und der Berneralpen,
1464 1879 3508 2042 Nebelmeer erfüllt wogend die Täler, die Bläue wird
1448 2019 3503 2155 immer durchsichtiger, der Blick immer weiter, und
1458 2130 3490 2264 man geht immer noch im nachtkalten Hauch über
1446 2259 3485 2370 den bläulich stumpfen Schnee, bis plötzlich das
1448 2354 3495 2475 Licht wie eine Welle und ganz warm über den
1433 2468 3503 2620 nächsten Kamm herüberflutet. Oder: hinabsteigen
1448 2579 3490 2715 am lockeren Seil, in der brennenden und spiegelnden
1453 2682 3492 2824 Sonne, die Schneefelder hinter sich lassen und durch
1435 2793 3477 2940 die steilen Geröllhalden abwärts laufen, und endlich,
1435 2919 3498 3051 mittags, das Dorf wieder erreichen, und auf eine
1430 3030 2912 3178 so angenehme Weise erschöpft sein.\:p\
1531 3141 3492 3263 \p\Manchmal ist es in Zermatt im September noch
1422 3247 3495 3397 so heiß, daß die Bauern ihr Gras noch einmal
1422 3366 3487 3531 schneiden — in anderen Jahren liegt um dieselbe
1435 3485 3498 3627 Zeit schon Schnee. Am 15. September geht die Jagd
1425 3580 3487 3725 auf. Es gibt Hasen, Murmeltiere und Gemsen. Die
1430 3702 3495 3862 meisten Führer gehen dann auf die Jagd, sie bleiben\:p\\fml\
326 632 2350 774 \p\\fml\oft tagelang fort. Dann, im Winter, sind sie wieder
339 739 2348 858 Führer und Skilehrer. Zermatt ist ein schwieriges
321 855 2350 1002 Skigebiet, aber es gibt dort immense Abfahrten
331 974 1723 1088 mit 2000 Metern Höhendifferenz.\:p\
