5367 6829
1012 297 2861 600 Annemarie Clarac-Schwarzenbach
1661 655 3774 886 Irgendwo in Französisch Westafrika
875 1051 4902 1359 \p\Dieses Gebiet, das zur "Afrique Française Libre" gehört, steht unter
825 1342 4792 1579 militärischer Verwaltung der Regierung des Generals De Gaule, und
842 1518 4852 1821 befindet sich im Kriegszustand. Man vermeidet es daher, Berichte mit
836 1755 5259 2090 detaillierten Angaben in die Aussenwelt gelangen zu lassen, und kontrollier
825 1969 4962 2294 zensuriert auch den Nachrichtendienst und die lokale Presse im Lande
842 2200 5023 2487 selbst. Uebrigens sind Postverbindungen nach Aegypten, AmerikaKenya, der
891 2503 4962 2707 Südafrikanischen Union, Amerika, und Europa zwar vorhanden, aber weder
836 2712 5199 2993 regelmässig noch zahlreich. Kürzlich aus der Schweiz eingetroffene Briefe
842 2899 4990 3136 haben teilweise sieben Monate gebraucht, teilweise zwei oder drei, und
836 3147 4902 3312 ein Brief kam in der kurzen Frist von nur fünf Wochen an. Die Zensur
836 3301 4913 3625 ist selbstverständlich streng. Für Journalismus im üblichen Sinn ist
847 3548 4968 3884 hier kein günstiges Feld. Man ist nicht geneigt, sensationell gefärbte
847 3757 5105 4005 oder romantisch verbrämte Schilderungen zum Ruhme irgendwelcher Helden
842 3966 4990 4225 der Feder zirkulieren zu lassen, die keinen ernsteren Zweck verfolgen
847 4291 5111 4544 und vielleicht Schaden stiften können. Denn Gerüchte, sogar wohlmeinende,
853 4456 4918 4709 können immer zu Quellen von Missverständnissen oder des Missbrauchs
853 4671 4715 4973 werden. Und da wir uns hier, wie gesagt, im Kriegszustand befinden,
847 4880 4979 5138 das heisst in einem Kampf auf Leben und Tod, zählt für uns nichts als
853 5133 2938 5380 das Ziel, diesen Kampf zu gewinnen.\:p\
858 5369 4814 5644 \p\Es würde nur mit einem Achselzucken beantwortet, wollte hier Einer
853 5589 5083 5837 die Frage der Pressefreiheit aufwerfen. Ebensogut eine Debatte über die
853 5782 4863 6090 Freiheit des Individuums eröffnen, während Bomben und Fallschirmab¬
864 6046 5094 6304 springer vom Himmel regnen, und es sich [add abvoe line: darum] handelt, die Abwehr wirkungsvoll
858 6227 4929 6552 zu handhaben und die Zivilbevölkerung in Luftschutzkellern unterzu¬\:p\\fml\
726 332 4924 664 \p\\fml\bringen. Oder ebensogut über Arbeitsstunden und Löhne streiten, während
743 653 5166 872 über Nacht eine Brücke fertiggestellt werden muss, ohne die unsere Truppen
726 833 3658 1097 am nächsten Tag verloren sind, und wir mit ihnen.\:p\
732 1035 4958 1345 \p\Hingegen ist es nicht nur wünschenswert, sondern von beinahe unentbehr¬
726 1289 4564 1548 licher Wichtigkeit, dass sachliche Berichte über die Gebiete der
777 1503 4975 1790 "Afrique Française Libre" in der mit uns verbündeten oder sympathisie¬
726 1773 4699 1981 renden Welt verbreitet werden. Denn wir kämpfen diesen Kampf nicht
732 1958 5144 2296 allein, und nicht für uns allein. Wir sind weder französische Chauvinisten,
726 2245 5031 2437 noch Legionäre und Abenteurer, – noch Rebellen gegen eine sogenannt legi¬
732 2414 5256 2746 time Regierung in Vichy, die in Tat und Wahrheit eine vom Feind eingesetzte,
726 2617 5166 2921 dem Feind dienende Scheinregierung ist. Wir anerkennen sie nicht, – und dass
743 2836 4997 3118 sie unsere Offiziere und Soldaten zu zehn und zwanzig Jahren Gefängnis
737 3078 4986 3337 oder zum Tod als Deserteure verurteilt, kann uns nicht mehr anhaben als
743 3286 4930 3573 etwa die Gewissheit, dass ein Gegner im Gefecht uns tötet, wenn wir ihn
726 3557 4857 3759 nicht töten. Denn wir befinden uns im Krieg. Wir teilen die Auffassung
748 3720 4885 4018 von Vichy nicht, dass Frankreich den Krieg verloren habe. Ein Teil von
726 4018 5053 4322 Frankreich hat eine Schlacht verloren, ein Teil der französischen Nation
726 4181 5048 4525 hat sich ergeben müssen. Die Regierung, die daraufhin ganz Frankreich und
732 4429 5031 4693 die Ehre der Nation dem Feind ausliefern wollte, hat einen Verrat began¬
726 4626 4761 4930 gen gegen uns, und gegen unsere Verbündeten. Sie hat Verpflichtungen
743 4913 4857 5121 gebrochen, und fährt fort, sie zu brechen, indem sie vorgibt, die neuen,
743 5093 4761 5425 gegenüber dem Sieger eingegangenen Verpflichtungen zu erfüllen. zu
737 5301 5093 5543 müssen. Da sie wohl weiss, dass der Sieger seinerseits kein gegebenes Wort
737 5537 5076 5864 hält, und dass der Pakt des Waffenstillstands also ein Scheingebilde ist,
737 5757 4930 6010 deckt sie mit ihrem Wort einen weiteren Verrat. Diese Verlogenheit, der
754 5976 5087 6297 wissentliche Missbrauch des Wortes der nationalen Ehre, die es erfordere,
743 6179 5099 6489 die aus der Niederlage resultierten Verpflichtungen gegenüber dem Sieger\:p\\fml\
767 481 5056 812 \p\\fml\einzuhalten, um in Wirklichkeit den Feind zu decken und zu unterstützen,
778 756 5061 1036 – dies ist die Quelle der fürchterlichen Demoralisation, welcher der Teil
750 946 4160 1299 Frankreichs heute ausgeliefert ist, der sich ergeben hat.\:p\
761 1204 5067 1489 \p\Aber es ist nur ein Teil Frankreichs. Französisch Afrika ist ein anderer
750 1400 4837 1708 Teil, und ein bedeutender. Denn wir haben keinen europäischen, sondern
761 1713 5067 1960 einen Weltkrieg. Und die Kolonien sind heute nicht mehr nur Filialen, die
767 1864 5179 2167 vom Mutterland abhängen und ihm ausgeliefert sind, –sie sind reiche, starke
756 2083 5207 2368 Länder mit eigenen Häfen, Strassen, Eisenbahnen, Flugplätzen, Nahrungsmitteln,
750 2318 5084 2592 Rohstoffen und Fabriken, und mit einer eigenen Entwicklung. Die Regierung
756 2547 5196 2777 des Generals De Gaulle und jeder seiner Soldaten sind entschlossen, dieses
756 2771 5089 3023 Reich nicht an die Regierung der besiegten Fraktion auszuliefern, welche
761 2962 5179 3230 sie wiederum dem Feind ausliefern würde, sondern sie für Frankreich zu er¬
756 3219 5033 3488 halten. Sie ist entschlossen, den Krieg an der Seite seiner Allierten zu
750 3471 3320 3746 führen gegen jeden Feind und bis zum Ende.\:p\
750 3617 5252 3886 \p\Jede Sendung unserer Radiostationen, und jeder Artikel, der hier geschrieben
761 3925 4955 4160 wird und ins Ausland gelangt, erfüllen den Zweck, die Verbindung herzu¬
761 4154 5224 4350 stellen [above line:] u. zu stärken zwischen dem Freien Frankreich, das nicht allein durch eine Gruppe
761 4373 5106 4591 von Männern vertrete Kämpfenden vertreten wird, sondern durch ein strate¬
761 4563 4994 4793 gisch und oekonomisch bedeutendes Territorium, – und seinen Verbündeten.
756 4737 5078 5011 Das Die Kräfte des Freien Frankreich in Afrika, Syrien, London, sind heute
767 5005 5140 5252 die Quelle der moralischen Erneuerung und die [above line] Zukunftsgarantie der französischen
761 5201 4787 5459 Zukunft Nation, die ihren Platz in der Zukunft der Völker wieder einnehmen
756 5504 1103 5660 muss.\:p\
2178 5733 2923 6024 (9. Juni 1941)
