3704 5480
223 1022 862 1107 Afghanisch-Turkestan
182 1117 955 1164 \p\Die Situation Afghanistans, eines Puffer¬
122 1155 985 1202 staates zwischen Rußland und England, war
118 1191 953 1237 vor sechzig und vor hundert Jahren im wesent¬
118 1230 966 1282 lichen schon die gleiche wie heute. Dieses Land
122 1276 949 1320 zwischen Persien, Turkestan und Indien, in der
122 1316 959 1357 Mitte zwischen Vorderasien, Zentralasien und
117 1358 958 1406 der indischen Halbinsel gelegen, hatte eigentlich
122 1398 985 1433 nie eine eigene Geschichte, sondern ertrug nur,
118 1434 958 1477 was seine Nachbarn ihm auferlegten — den
125 1474 985 1512 Durchmarsch Alexanders, die Einfälle von
125 1506 958 1553 Hunnen, Arabern und Mongolen. Fast alle Er¬
118 1545 958 1591 oberer Indiens kamen aus dem Norden, aus der
122 1589 965 1638 kargen und unermeßlichen Ebenen Innerasiens,
125 1627 965 1675 fast alle waren Reitervölker, hungrige Nomaden,
122 1668 949 1712 Barbaren, die sich auf die Throne von Samar¬
122 1708 985 1754 kand, Isfahan, Delhi setzten. Fast immer war ihr
118 1746 940 1796 letztes Ziel das reiche Indien. Um dorthin zu ge¬
118 1786 958 1825 langen, mußten sie die Pässe des \g\Hindukusch\:g\
118 1825 949 1865 benutzen, über die in umgekehrter Richtung einst
119 1864 961 1910 die buddhistischen Missionare nach Baktrien,
118 1902 966 1946 durch den Pamir nach Turfan und auf der
128 1943 985 1984 Seidenstraße in den Fernen Osten gelangt waren.
125 1981 985 2024 Die Enkel Timurs wählten das im Nordwesten
118 2021 953 2063 Afghanistans nahe der persischen Grenze ge¬
118 2058 985 2100 legene \g\Herat\:g\ als Hauptstadt an Stelle
125 2097 956 2150 Samarkands. In Herat trafen sich die wich¬
125 2137 970 2182 tigsten Straßen ihrer beiden Reichshälften,
125 2176 965 2225 des iranischen Hochlands, der turanischen Tief¬
118 2212 971 2262 ebene. Von Westen kommend, wandte sich hier
118 2254 985 2297 die Seidenstraße nordwärts nach Turkestan und
122 2294 960 2346 Zentralasien; die andere Straße führte nach
122 2332 985 2375 Süden, über Kandahar, Ghazni und Kabul zu
118 2367 985 2416 den Grenzgebirgen und hinab nach Indien. Von
118 2408 985 2468 der prachtvollen Hauptstadt der Timuridischen
118 2445 985 2499 Renaissance stehen heute nur noch einige gigan¬
122 2491 961 2539 tische, in wunderbaren Farben leuchtende Mina¬
125 2528 958 2570 rette, Ueberreste der Moschee Mausallah außer
118 2567 958 2611 halb der mittelalterlichen Stadtmauer. Die
128 2604 985 2654 Mausallah soll eine der herrlichsten Moscheen
128 2645 965 2686 Asiens gewesen sein; sie wurde im 19. Jahr¬
122 2682 985 2745 hundert von den Engländern aus militärischen
128 2722 985 2769 Gründen in Trümmer gelegt. Vor hundert
118 2757 966 2809 Jahren — Ende 1837 — verteidigte ein einziger
125 2793 985 2840 Engländer, Leutnant Eldred Pottinger, Herat
128 2839 970 2884 sechs Monate lang gegen eine persische Belage¬
125 2873 967 2925 rungsarmee, die von französischen, italienischen
131 2917 985 2959 und russischen Offizieren angeführt wurde.
125 2954 965 3005 Dreißig Jahre später, im Jahre 1868, veröffent¬
122 2992 967 3033 lichte Sir Henri Rawlinson sein berühmtes
128 3031 965 3079 Memorandum, das in England schlagartig
125 3077 966 3127 wirkte, indem es auf die russischen Fortschritte
125 3104 961 3159 in Asien aufmerksam machte. Das Ziel der kaiser¬
121 3145 961 3195 lich-russischen Politik war die Besetzung Herats,
122 3188 970 3235 die Besetzung der Hindukusch-Pässe, mit einem
131 3233 668 3285 Wort die Bedrohung Indiens.\:p\
182 3263 965 3317 \p\Heute ist wieder viel von Herat und von der
131 3308 985 3363 Straße über den Hindukusch die Rede. Werden
133 3349 985 3398 die Russen versuchen, über Herat und Persien
122 3390 955 3440 nach Nord-Irak vorzudringen, um den Eng¬
122 3422 965 3486 ländern die Oelquellen von Mosul und die Rohr¬
122 3462 965 3514 leitung nach Haifa und Tripoli abzuschneiden?
133 3505 965 3557 Werden sie Afghanisch-Turkestan besetzen, über
125 3547 965 3592 den Hindukusch nach Kabul gelangen und danr
123 3586 957 3646 den \g\Khyber-Paß\:g\, die indische North-West-
122 3626 475 3685 Frontier, erreichen?\:p\
187 3646 961 3707 \p\Die Grenzen zwischen Afghanistan und Ruß¬
128 3702 955 3755 land wurden einst unter englischer Vermittlung
128 3740 985 3794 und unter englischem Druck festgelegt. Im Mai
128 3772 985 3827 1870 begannen die Verhandlungen zwischen
128 3820 985 3881 London und Moskau. Rußland hatte seit 1863
128 3861 967 3905 hintereinander Taschkent, Khokhand, Samar¬
128 3898 961 3944 kand, Buchara und Khiva besetzt. Jetzt versprach
131 3949 986 3988 es, den \g\Amu Daria\:g\ nicht zu überschreiten.
993 989 1864 1044 Dieser Strom, der Oxus der Alten, bildet heute
1002 1039 1826 1079 die Grenze zwischen Russisch- und Afghanisch-
1002 1077 1824 1123 Turkestan. Eine britisch-russische Pamir-Kommis¬
993 1120 1836 1161 sion zog 1893 bis 1895 die afghanische Grenze
981 1158 1836 1219 gegenüber Chinesisch-Turkestan. Im zweiten
999 1196 1832 1234 afghanischen Krieg 1879 bis 1880 hatte England
1005 1234 1826 1282 den afghanischen Emir Yaghub zur Unterzeich¬
999 1279 1864 1327 nung des Vertrages von Gandamak gezwungen
999 1312 1836 1358 und fast ein Protektorat über Afghanistan auf¬
999 1353 1825 1396 gerichtet. Der Sieg Lord Frederic \g\Roberts'\:g\
981 1389 1841 1434 bei Kandahar am 1. September 1880 bedeutet
993 1429 1836 1476 jedem Engländer ein Ruhmesdatum. Aber 1907
981 1465 1826 1529 erklärten England und Rußland, sie seien beide
993 1508 1864 1552 an Afghanistan desinteressiert; seither konnte sich
1005 1547 1837 1591 Afghanistan einer staatlichen Unabhängigkeit
993 1584 1825 1634 erfreuen, die von beiden rivalisierenden Groß¬
999 1614 1838 1676 mächten garantiert wurde. Im letzten Weltkrieg
993 1661 1838 1703 blieb es klugerweise neutral; deutsche Agenten
981 1690 1838 1741 versuchten vergeblich, es dem Engländer Law¬
993 1732 1826 1799 rence gleichzutun und die kriegerischen afghan¬
999 1773 1832 1831 schen Stämme der indischen Grenzzone zu
993 1814 1841 1867 einem Handstreich gegen Indien aufzuwiegeln.
999 1861 1836 1899 Amanullahs Vater, Emir Habibullah, wußte zu
1002 1891 1864 1944 gut, daß England und Rußland als Verbündete
981 1934 1864 1991 das kontinentale Bergland Afghanistan einfach
981 1973 1832 2027 in die Zange nehmen und erdrücken konnten;
999 2015 1832 2061 seine Loyalität wurde ihm von England hoch¬
981 2052 1836 2100 angerechnet. Nach der Ermordung seines Vaters
1002 2094 1841 2136 ließ sich dann der junge Amanullah im Jahre
1005 2133 1864 2172 1919 zu einem Feldzug gegen Indien verleiten.
1004 2169 1826 2222 Dort war man voller Demobilisation, die Eng¬
1005 2209 1842 2254 länder mußten einen Aufstand ihrer mit den
981 2241 1832 2308 Afghanen verwandten und solidarischen Grenz¬
1008 2290 1841 2334 stämme, vor allem in Waziristan, befürchten. Sie
981 2336 1842 2373 schlossen daher rasch den Friedensvertrag von
981 2364 1836 2423 Rawalpindi (8. August 1919), der für Afgha¬
981 2398 1838 2466 nistan nicht ungünstig ausfiel. Amanullah erhielt
981 2449 1842 2500 den Königstitel; sein nun vollständig unab¬
999 2484 1832 2526 hängiges Land wurde von den Mächten aner¬
999 2518 1838 2574 kannt und schließlich zum Völkerbund zugelassen.\:p\
1058 2567 1842 2616 \p\Die Beziehungen Kabuls zu England haben
980 2599 1841 2665 sich seither wesentlich verbessert. Heute verläßt
1005 2639 1829 2687 sich Afghanistan auf den militärischen Beistand
981 2676 1841 2733 der Engländer, wenn die Russen versuchen sollten
981 2722 1832 2762 das Land zum Durchmarsch nach Indien zu be¬
999 2756 1836 2797 setzen. Bisher hat die Sowjetunion die afgha¬
981 2797 1848 2840 nische Grenze in Turkestan, im Norden des
1011 2829 1838 2878 Hindukusch, nicht verletzt. Aber der russische
1005 2874 1842 2917 Ueberfall auf Finnland hat die Gemüter in
981 2913 1841 2959 Kabul erregt. Vor siebzig Jahren hat Rußland
1005 2945 1848 2994 Afghanistan nur widerstrebend den Besitz von
1008 2982 1836 3034 Andkhoi und Maimaneh bestätigt. Die Außen¬
1005 3030 1844 3074 politik Moskaus unterscheidet sich heute nicht
999 3067 1844 3110 mehr grundsätzlich von der des imperialistischen
1008 3110 1233 3176 Zarenreichs.\:p\
1058 3143 1838 3195 \p\Schon im Oktober fragte mich ein junger
1008 3186 1833 3238 Jude aus Buchara, ein russischer Emigrant, der
1008 3227 1864 3282 für eine Londoner Firma in Kabul Karakulfelle
999 3269 1830 3311 einkauft, ob wohl seine Ware im Lagerhaus de
981 3305 1864 3353 Zollamtes von Kabul noch sicher sei, oder ob er
981 3342 1841 3411 versuchen solle, sie nach Indien zu schaffen, bevor
1001 3386 1829 3427 die Russen die afghanische Hauptstadt besetzen.
1002 3421 1864 3465 Es handelte sich um ungefähr 400 000 Felle, um
999 3464 1864 3518 ein Drittel der jährlichen Ausfuhr Afghanistans.
1018 3494 1865 3546 Der Preis eines Lammfells bewegt sich je nach
1005 3539 1837 3588 der Sorte zwischen zehn Schilling und fünf
1008 3579 1832 3626 Pfund. Die Einnahmen aus dem Karakulhandel
992 3620 1841 3659 bilden ungefähr die Hälfte des afghanischen
1002 3650 1864 3717 Staatsbudgets. Die Karakulherden, der größte
999 3697 1864 3743 Reichtum Afghanistans, weiden im Norden des
981 3744 1865 3787 Hindukusch, in der Provinz Afghanisch-Turkestan.
981 3775 1832 3822 Viele dieser Herden stammen aus Russisch-
981 3812 1841 3869 Turkestan; sind sind seit der bolschewistischen
1002 3857 1833 3901 Revolution mit ihren Besitzern, Usbeken, Turk¬
998 3900 1841 3943 menen, Tadjiken, über die afghanische Grenze
981 3933 1864 3992 gekommen. Der Zustrom von Flüchtlingen,
1861 976 2745 1056 Nomaden, die sich mit dem Sowjetregime nicht
1868 1037 2441 1088 befreunden können, hält noch an.\:p\
1930 1074 2745 1138 \p\Im November war ich mit einigen fran¬
1871 1125 2713 1170 zösischen Archäologen im Wüstendorf \g\Deh
1874 1159 2698 1204 Hassan\:g\, nur etwa 25 Kilometer vom Ufer des
1876 1196 2747 1250 Amu Daria und der Grenze Sowjetrußlands
1871 1243 2710 1298 entfernt. Wir verdankten es dem Ansehen unseres
1861 1282 2745 1329 Expeditionsleiters, dem Direktor des Musée
1871 1317 2746 1362 Guimet in Paris, daß uns die Behörden von
1871 1353 2708 1405 Kabul den Aufenthalt in unmittelbarer Nachbar¬
1874 1398 2706 1442 schaft der Grenze erlaubt hatten. Man gab uns
1871 1440 2704 1481 eine bewaffnete Begleitung von vier Mann mit,
1871 1472 2704 1524 zum Schutz, aber wohl auch zu unserer Ueber¬
1861 1521 2704 1579 wachung. Jedenfalls konnte man sich fragen, was
1871 1556 2704 1596 diese vier Mann oder die spärliche Gendarmerie¬
1871 1595 2713 1645 garnison des nahen Oasenstädtchens Tash Kur¬
1871 1635 2713 1675 gan gegen vorrückende russische Truppen hätten
1871 1659 2746 1719 ausrichten können. Die Provinz Turkestan ist
1871 1714 2710 1757 ein offener Streifen Steppe und Halbwüste, ohne
1883 1755 2745 1807 Befestigungen und ohne jedes natürliche Hinder¬
1871 1788 2717 1841 nis. Ein Vormarsch der Russen würde erst im
1880 1830 2745 1886 Hindukusch auf Widerstand stoßen. In der kalten,
1883 1867 2720 1913 Jahreszeit könnten wohl auch motorisierte
1861 1903 2745 1956 Truppen den etwa 3000 Meter hohen und schlecht
1861 1947 2745 1990 ausgebauten Shibar-Paß nicht überschreiten.
1879 1979 2745 2030 Inzwischen könnte Afghanistan darauf rechnen,
1871 2024 2746 2073 daß von Süden, vom Khyber-Paß her, englische
1871 2063 2702 2126 Truppen zu Hilfe kommen würden. Die Provinz
1876 2102 2717 2154 \g\Turkestan\:g\ aber könnten die Russen in
1861 2140 2364 2197 wenigen Stunden besetzen.\:p\
1951 2191 2711 2236 \p\Die Turkmenen, Usbeken und Tadjiken vor
1876 2228 2719 2270 Afghanistan-Turkestan sind aber daran, sich an
1880 2269 2713 2309 die Verstaatlichung aller wichtigeren Wirtschafts¬
1876 2308 2746 2354 zweige (Karakulhandel, Zucker- und Baumwoll¬
1876 2346 2746 2407 produktion) zu gewöhnen. Es gibt Leute, die in
1876 2379 2717 2434 dieser \g\Sherkat\:g\ genannten Wirtschaftsform
1883 2426 2717 2475 eine Vorbereitung für die Kolchosen und die
1876 2464 2722 2507 Staatsbetriebe der Sowjetwirtschaft erkennen
1876 2504 2746 2545 wollen. Bereits versprach der Gendarmerie¬
1871 2543 2717 2592 hauptmann einer Ortschaft, wo es schwierig
1876 2584 2717 2633 schien, freiwillige Arbeiter für eine Ausgrabung
1876 2623 2717 2671 anzuwerben, er werde unserem Expeditionsleiter
1876 2661 2704 2713 „Leute zur Fronarbeit stellen"; das alte Feuda¬
1880 2696 2719 2752 system und die neue staatliche Zwangswirtschaft
1876 2736 2746 2792 arbeiten hier einander in die Hände. Und die
1883 2777 2745 2820 Nomaden, die freien Söhne Asiens, die drüben
1880 2819 2713 2857 in den Sowjetrepubliken zum Aussterben be¬
1876 2852 2717 2904 stimmt sind, werden sich auch in Afghanistan in
1880 2894 2708 2950 nächster Zukunft mit einem „Programm der Seß¬
1883 2933 2477 2986 haftmachung" abfinden müssen.\:p\
1937 2975 2746 3023 \p\Die für ihren Patriotismus und ihre kriege¬
1880 3019 2745 3076 rischen Tugenden berühmten afghanischen
1883 3061 2745 3106 Stämme des Südens haben mit den Tadjiken
1880 3100 2708 3141 und Turko-Mongolen im Norden des Hindukusch
1876 3144 2746 3183 noch wenig gemeinsam. In Turkestan beginnt
1874 3181 2708 3224 Zentralasien; für die Bevölkerung dieser Provinz
1861 3218 2745 3258 wäre vielleicht ein Wechsel der Herrschaft nicht
1876 3257 2746 3299 sehr einschneidend. Hier haben wir einen der
1861 3283 2710 3346 Gründe, warum die Regierung von Kabul so
1876 3336 2746 3378 sorgenvoll darauf bedacht ist, die Unterschiede
1880 3371 2745 3422 zwischen afghanischen Pathans, mongolischen
1861 3406 2701 3459 Hazarah, turkomongolischen Usbeken und Turk¬
1861 3444 2714 3493 menen, iranischen Tadjiken auszulöschen und
1861 3492 2717 3534 das Stammesgefühl, die Stammessolidarität
1871 3532 2746 3573 durch ein neues afghanisches Nationalbewußt¬
1880 3563 2147 3625 sein zu ersetzen.\:p\
1940 3610 2745 3660 \p\Ohne ein Urteil darüber abgeben zu wollen,
1861 3647 2714 3710 ob Afghanistan sich heute zu Recht oder Unrecht
1861 3693 2745 3753 bedroht fühlt, ob der alte Plan, England in
1861 3730 2745 3779 Indien zu treffen, in Moskau schon erwogen
1871 3769 2746 3832 wird, sei nur darauf hingewiesen, daß auch
1880 3815 2708 3859 \g\Persien\:g\ eine gemeinsame Grenze mit Sowjet¬
1871 3854 2746 3904 rußland besitzt. Die neue transiranische Bahn
1880 3887 2745 3938 führt von den Oelfeldern am Persischen Golf,
1861 3935 2745 3978 dem kostbaren Konzessionsbesitz der „Anglo¬
2747 966 3580 1047 Iranian Oil Company", bis hart an die russische
2747 1026 3588 1079 Grenze am Kaspischen Meer. Anderseits liegt am
2747 1071 3588 1123 Kaspischen Meer \g\Baku\:g\ mit seinen Oelfeldern;
2747 1114 3584 1161 es ist von Bagdad über Teheran-Pehlevi und
2747 1152 3584 1197 von der Türkei her über das persische Täbriz und
2747 1187 3590 1239 den Kaukasus erreichbar. Für Sowjetrußland ist
2747 1229 3579 1274 Baku eine mindestens ebenso empfindliche und
2747 1266 3588 1324 verwundbare Stelle wie die indische Nordwest¬
2747 1311 3217 1367 grenze für Großbritannien.\:p\
2892 1336 3552 1422 Annemarie \g\Clark-Schwarzenhach\:g\
