3784 5448
1105 3545 1819 3612 Nacht in Warschau von Erich Ebermeyer. [Schlagwörter: Ästhetik, Jugend, Freundschaft]
1073 3598 1887 3648 \p\A. Schw. Eine zarte und leidenschaftliche No¬
1041 3648 1890 3687 velle, reich an innerer Spannung und äußerem
1040 3684 1887 3725 Geschehen. Nur ein junger Mensch kann so über¬
1039 3718 1893 3765 zeugend jenes erste Ueberraschtwerden der
1039 3761 1893 3800 Jugend, jene restlose, mutige Hingabe an das
1039 3792 1886 3829 Erlebnis beschreiben, nur er kann so viel jugend¬
1041 3828 1890 3869 liches Schicksal nachempfinden, die zurückhaltende
1041 3863 1887 3902 Strenge und den schwermütigen Ernst erster
1033 3900 1886 3947 Liebe, die plötzliche, nervenerregende Sinnlichkeit
1041 3948 1888 3982 einer Nacht in fremder und gefährlicher Um¬
1042 3971 1886 4017 gebung, die mächtig heraufbrechende Sehnsucht
1037 4015 1893 4043 nach Neuem, Niegewagtem, und in diesem
1042 4043 1888 4090 Taumel von Verführung und Laster die be¬
1039 4086 1890 4124 glückende Kraft reinen und unverbrauchten Ge¬
1044 4120 1145 4177 fühls.\:p\
1092 4138 1894 4190 \p\Umgekehrt ist diese Novelle vielleicht nur
1042 4185 1895 4235 jungen Menschen ganz zugänglich: Hinter der
1041 4227 1887 4265 Odilienberger Schule steht ja das Landerzie¬
1044 4255 1890 4302 hungsheim von Gustav Wynneken. Man kann
1044 4299 1886 4339 diese Welt nicht erfassen, ohne einmal etwas von
1039 4335 1892 4377 der herben und reichen Atmosphäre gemeinsamen
1049 4371 1893 4412 Lebens gefühlt zu haben, ohne einmal berührt
1047 4413 1888 4449 zu sein vom scheuen Zauber innerer Verbunden¬
1041 4438 1890 4490 heit und von der tiefen, ja geheimnisvollen Kraft
1051 4476 1389 4529 solcher Freundschaft.\:p\
1100 4496 1888 4554 \p\So ist Erich Ebermeyers Novelle ein ergrei¬
1044 4541 1890 4588 fendes Zeugnis von Selbständigkeit, Ernst und
1047 4586 1502 4646 Zartheit heutiger Jugend.\:p\
