4775 6320
258 537 4672 743 Dr. Annemarie Clark Die Wüste ..
258 546 1426 743 \f\Farmhaus in Kansas\:f\
223 4420 4269 4572 \fp\\g\Dieses Farmhaus in Kansas\:g\, vor einem Jahr noch inmitten grüner Weiden und fruchtbarer Aecker – heute in einer Sandwüste, vergleichbar mir den Wüsten Syriens, Arabiens oder Afrikas: eine Folge
212 4532 4269 4617 der Winderesion, die den Staub mit unheimlicher Geschwindigkeit über das Land trägt. Früher gab es rings um die amerikanische Kornkammer und die riesigen Weidegründe des „Mittleren Westens" mächtige
228 4577 4269 4663 Wälder, die die Feuchtigkeit speicherten, daneben als Windbrecher ihre Funktion erfüllten und die Niederschläge regelten, durch welche wiederum eine gute Grasnarbe garantiert war, die die Humuskrume
212 4612 4269 4714 beieinanderhielt. Jetzt sind die Wälder geschlagen, nachdem der Mensch einen unerhörten Raubbau am Holz betrieben hat. Das Gras ist verdorrt, die Humuskrume ist eine Art Flugsand geworden. Die unge¬
212 4673 4263 4759 schützten Riesenäcker fliegen buchstäblich davon, und wo sie sich niederlassen, verschütten sie die Fruchtbarkeit meterhoch. Es besteht ein ähnlicher Zustand wie kurz nach der letzten Eiszeit, da es auf dem nord¬
212 4724 4269 4805 amerikanischen Kontinent keine Wälder, sondern nur Moränen, Steingrund und kahle Steppe gab. Fruchtbarstes Acker– und Weideland in der Ausdehnung von der mehrfachen Oberfläche der Schweiz ist
212 4774 4269 4855 allein in den letzten drei Jahren unter Sand begraben worden. Auf der obigen Farm in Kansas kann heute kein einziges Stück Vieh mehr ernährt werden. Unzählige Farmen in den Staaten Dakota, Nebraska,
212 4815 4269 4951 Minnesota, Oklahoma und Texas sind dem gleichen Schicksal verfallen. Den Farmern bleibt nichts anderes übrig als abzuwandern, ins Elend, wenn sie keine Unterstützung bei der Regierung finden.\:fp\
293 5022 1512 5159 \p\In Amerika nehmen Ereignisse leicht gewaltige
329 5128 1512 5214 Proportionen an, – das bestätigte sich, als wir
324 5199 1497 5280 dieses Frühjahr von riesigen Ueberschwemmun¬
223 5270 1507 5341 gen hörten, im Sommer von Trockenheit und Sand¬
212 5331 1502 5401 stürmen, die weite Strecken im Mittelwesten der
228 5391 1512 5462 Vereinigten Staaten in Wüste verwandelt haben.
212 5442 1507 5528 Ihren dramatischen Akzent erhalten diese «Natur¬
212 5518 1507 5589 katastrophen» erst, wenn man erfährt, daß sie durch
207 5583 1517 5654 menschliche Schuld verursacht wurden, – nämlich
212 5649 1502 5725 durch fehlerhafte Bewirtschaftung und rücksichtslose
212 5715 1502 5791 Ausbeutung des Bodens. Ausbeutung und Verschwen¬
212 5776 1502 5846 dung – das ist die Geschichte Amerikas, eines reichen
202 5831 1497 5917 Landes, dessen Reserven unerschöpflich schienen, des¬
1598 5037 2893 5159 sen Wälder von profitsüchtigen Holzhandel–Gesell¬
1598 5149 2888 5224 schaften gerodet und von niemandem wieder auf¬
1598 5209 2898 5280 geforstet wurden, deren fruchtbare Landstrecken im
1598 5275 2893 5351 Süden von großen Plantagenbesitzern so lange mit
1598 5336 2898 5417 der gleichen Frucht bebaut wurden, bis der Boden
1598 5396 2888 5472 erschöpft war, deren unermeßliche Grasflächen im
1598 5462 2893 5538 Westen «überweidet» und dadurch den Wirkungen
1598 5523 2893 5594 der Winderosion preisgegeben wurden. Die Natur
1598 5589 2893 5690 rächt sich am Menschen, der ihren Reichtum miß¬
1598 5644 1977 5730 braucht hat ...\:p\
1644 5685 2893 5796 \p\Das dramatischste Kapitel in der Geschichte dieser
1598 5771 2883 5857 Naturkatastrophen heißt: «Drought» – « Trocken¬
1598 5836 2888 5948 heit». Wir sind heute Zeugen eines einzigartigen Vor¬
2984 5047 4269 5179 gangs, – Acker– und Weideland wird von Sand
2984 5159 4269 5235 zugedeckt, fruchtbares Land, das gestern noch eine
2984 5214 4248 5295 fleißige Bauernbevölkerung ernährte, wird von Stür¬
2984 5285 4258 5366 men überfallen und gleicht am nächsten Tag den Wü¬
2984 5356 4258 5432 sten Syriens. Und die Wüste wächst, – scheinbar un¬
2984 5417 4248 5487 aufhaltsam. Eine Naturkatastrophe? – Diese Ge¬
2984 5472 4258 5548 Gebiete, – Kansas, Dakota, – der «Mittelwesten»
2984 5538 4253 5614 Amerikas, – waren vor zwanzig Jahren ausgezeich¬
2984 5599 4258 5685 netes Weideland. Während der durch den Weltkrieg
2984 5669 4258 5735 verursachten Getreidehausse wurde es von Speku¬
2984 5725 4258 5811 lanten angekauft und mit Weizen bepflanzt, an Stelle
2984 5791 4248 5862 der einstigen Grasflächen dehnten sich nun fast un¬
2984 5857 4248 5968 endliche Getreidefelder aus, die ihren Besitzern rie¬\fml\\:p\
3994 5591 8990 5669 ..wächst in U. S. A. ?
3937 5827 8220 6020 Das Schicksal Arabiens, Griechenlands und Spaniens als warnendes Beispiel
3963 620 4615 748 \fml\\p\senhafte Gewinne eintru¬
3963 721 4609 807 gen. Aber nach dem Krieg
3958 791 4620 876 hörte die Nachfrage auf,
4049 844 4631 945 – und die Felder lagen
3958 908 4604 1004 brach, waren wertlos ge¬
3969 977 4615 1063 worden. Die erste Folge:
3969 1052 4615 1143 während der regenarmen
3963 1116 4626 1191 Zeit wurde die oberste,
3958 1175 4620 1261 fruchtbare Erdschicht vom
3979 1245 4615 1335 Wind weggetragen, dar¬
3963 1314 4615 1410 unter wurde der Boden
3958 1367 4620 1469 lockerer und sandiger, ...
3958 1437 4620 1533 und der Sand wieder
3974 1490 4615 1586 wurde von den Stürmen
3963 1581 4626 1650 aufgewirbelt und mitfort¬
3963 1640 4626 1725 geweht und bedeckte bald
3958 1699 4626 1784 anderes, noch fruchtbares
3963 1779 4615 1859 Acker– und Weideland.
3963 1837 4615 1918 Die Wüste wächst, die
3974 1896 4615 1992 Viehherden sind ohne Fut¬
3963 1960 4609 2062 ter, die Farmer sind ohn¬
3958 2030 4620 2126 mächtig gegenüber einem
3974 2094 4615 2174 Vorgang, der einer Natur¬
3963 2169 4626 2254 katastrophe gleicht und sie
3958 2238 4626 2313 ihrer Existenz beraubt...\:p\
4017 2297 4615 2393 \p\Aber wenn auch der Ein¬
3963 2372 4626 2446 zelne nichts dagegen zu
3969 2425 4631 2505 tun vermag, so ist doch
3963 2500 4626 2591 dieser Vorgang nicht un¬
3963 2564 4615 2649 aufhaltsam, – und des¬
3963 2628 4626 2719 halb greift heute die Re¬
3974 2692 4626 2777 gierung ein, um gleichzei¬
3974 2751 4626 2836 tig den Boden zu retten,
3963 2831 4626 2916 und den in Not geratenen
3963 2890 4626 2959 oder bedrohten Farmern
3963 2954 4615 3028 neue Existenzmöglichkei¬
3963 3023 4615 3093 ten zu schaffen. Im «New
3963 3082 4609 3173 Deal», dem großen Pro¬
3963 3146 4626 3237 gramm des Präsidenten
3963 3205 4626 3296 Roosevelt, befaßt sich die
3969 3285 4615 3354 «Resettlement Administra¬
3963 3354 4626 3434 tion» mit dieser Aufgabe;
3969 3418 4609 3488 die Farmer werden unter¬
3963 3482 4626 3547 stützt, indem man ihnen
3963 3541 4626 3632 besseres Land zuweist, sie
3963 3605 4626 3685 in Kolonien ansiedelt, ih¬
3963 3675 4626 3760 nen Geld für Saatkorn und
3974 3744 4620 3824 Werkzeug leiht. Wertlos
3969 3808 4631 3883 gewordener Boden wird
3963 3872 4626 3958 angekauft, man versucht
3963 3937 4626 4033 ihn durch Anbau von Wald
3963 4006 4615 4086 oder Hollandgras zu ret¬
3969 4070 4615 4145 ten und wieder produktiv
3963 4139 4626 4225 zu machen. – Und die
3963 4188 4626 4284 Menschen, die eben noch
3963 4262 4626 4358 die Opfer einer Tragödie
3963 4332 4626 4412 zu sein schienen, hoff¬
3963 4401 4626 4481 nungslosem Elend preis-
3969 4471 4631 4551 gegeben, – nehmen heute
3958 4535 4631 4604 mutig den Kampf auf, um
3958 4593 4626 4690 ihre Existenz und um ihre
3969 4663 4204 4754 Zukunft.\:p\
4166 4903 4428 5005 Aufnahmen:
3990 4967 4588 5074 Resettlement Administration
4182 5042 4417 5122 Washington
139 214 689 320 \fp\Vor 60 Jahren
188 334 752 365 Als die Weißen Nordame¬
185 387 754 419 rika entdeckten und von
182 435 748 466 der Ostküste aus ins Innere
184 479 749 510 eindrangen, fanden sie ein
195 528 759 560 Waldland von fast unfaß¬
185 576 752 606 lichen Ausmaßen vor. Un¬
187 626 759 658 absehbare Wälder – ein
184 670 749 707 gewaltiger Reichtum der
188 716 755 749 Natur – bedeckten damals
189 769 748 801 neben jungfräulicher, frucht¬
187 813 745 848 barer Prärie den größten
191 862 746 896 Teil des nordamerikanischen
190 909 752 941 Kontinents. Frohen Mutes
180 961 753 992 machten sich unternehmungs¬
183 1005 756 1041 lustige Siedler aus Europa
184 1054 752 1087 an die wirtschaftliche Er¬
181 1099 747 1134 oberung des Landes. Die
191 1144 748 1178 Wälder wurden abgeholzt
184 1195 751 1230 oder niedergebrannt, um
181 1240 745 1273 möglichst viel Weide– und
189 1293 763 1326 Ackerland zu gewinnen. Im
183 1345 753 1376 ungehemmten Kampf mit
189 1389 746 1420 der Wildnis wurden die
197 1433 749 1465 Waldbestände vernichtet.
192 1486 759 1517 Geduldig ertrug der Boden
189 1533 765 1567 jahrzehntelang den scho¬
186 1580 763 1615 nungslosen Raubbau am
197 1627 751 1659 Wald. An ein Wiederauf¬
185 1673 757 1705 forsten dachte niemand.
192 1725 757 1760 Heute besitzt nur noch der
190 1773 750 1806 Nordwesten der U. S. A.
185 1823 759 1855 eine größere zusammen¬
187 1866 752 1903 hängende Waldreserve, aber
180 1919 764 1951 auch dorthin ist die Holz–
182 1966 764 1999 und Papierindustrie bereits
190 2014 543 2046 vorgedrungen ...\:fp\
1068 1826 2526 1873 \f\Holzhütte im Wald\:f\
193 2350 757 2384 \fp\Vor 20 Jahren
196 2434 754 2464 Als die riesigen Waldbe¬
182 2479 753 2509 stände im "Mittleren We¬
182 2531 751 2563 sten" geschlagen oder ver¬
188 2581 759 2612 brannt waren, traten an
193 2622 753 2658 ihre Stelle teils Weideland,
185 2673 756 2703 teils Getreideäcker, meilen¬
190 2720 748 2755 weite Weizen– und Mais¬
188 2766 745 2801 felder entstanden, da wo
191 2814 762 2849 früher der Urwald wu¬
185 2860 757 2896 cherte. Man erntete im
188 2913 753 2946 "Mittleren Westen" den
187 2960 757 2992 berühmten bronzebraunen,
193 3009 751 3041 rostfesten amerikanischen
200 3057 748 3090 Weizen, der weder vom
195 3105 757 3138 russischen noch vom austra¬
187 3156 753 3187 lischen, noch vom argentini¬
191 3200 757 3238 schen – war Qualität anbe¬
194 3246 756 3284 langt – geschlagen worden
190 3295 764 3325 ist. Drei Fünftel der Welt¬
191 3341 759 3382 maisernte und zwei Fünftel
193 3392 757 3422 der Weltweizenernte wuch¬
183 3440 765 3475 sen allein in den Vereinig¬
185 3492 756 3522 ten Staaten. Gigantisch war
193 3538 768 3573 das Geschäft. Weizenmarkt
196 3584 764 3618 war gleichbedeutend mit
190 3627 766 3665 U. S. A., Milliarden wurden
190 3684 765 3718 mit Getreide umgesetzt.
193 3730 767 3762 Mehr als fünf Jahrzehnte
185 3775 768 3808 lang. Der Wohlstand der
193 3821 560 3859 Staaten wuchs ...\:fp\
1203 2410 2713 2445 \f\Bauern bei der Weizenernte\:f\
191 4165 441 4199 \fp\Heute
196 4244 761 4274 Wo heute diese Sämaschine
195 4291 761 4323 ein Meter tief im Sande
189 4343 754 4373 steht, war früher Urwald,
193 4392 759 4424 dann dreißig Jahre lang
196 4439 752 4475 und letztes Jahr noch ein
193 4487 752 4517 fruchtbares Weizenfeld.
201 4534 750 4567 Jetzt ist es eine Wüste, so¬
195 4579 761 4609 zusagen als Symbol dafür,
193 4630 756 4662 daß die vergewaltigte Na¬
189 4680 757 4710 tur sich gerächt hat. Im
191 4724 752 4758 "Mittleren Westen" merkte
193 4777 757 4808 man im Verlaufe des letz¬
191 4822 761 4859 ten Jahrzehnts wohl, daß
187 4871 759 4904 die Böden trockener wur¬
179 4915 759 4946 den und die Stürme aus
196 4969 756 5000 Nordwesten zunahmen.
208 5012 752 5044 Man achtete nicht sonderlich
194 5065 754 5102 darauf, bis eben jetzt mit
196 5107 761 5144 einemmal und mit ganzer
191 5154 761 5193 Wucht die Katastrophe her¬
187 5203 756 5236 einbrach. Harmonie ist ein
191 5252 757 5285 schönes Wort für den Satz:
200 5304 757 5338 Nicht zu viel – nicht zu
194 5350 757 5387 wenig. Ganz gleich, ob sich
185 5400 761 5435 das Viel oder das Wenig
196 5446 750 5488 auf gut oder schlecht be¬
192 5498 756 5533 zieht. Es war nicht schäd¬
193 5547 763 5577 lich, etwas Wald zu schla¬
198 5592 766 5631 gen, aber es war ein him¬
189 5641 761 5673 melschreiendes, ein in dieser
194 5685 754 5722 und vielleicht noch mehr
198 5730 761 5769 Generationen nicht wieder
198 5785 752 5818 gutzumachendes Verbre¬
191 5838 751 5868 chen, alle oder doch zu viele
195 5880 752 5912 Wälder zu schlagen. Es war
187 5935 751 5968 gut, Weizen zu bauen. Es
187 5978 751 6012 war ein Fehler, zu viel Wei¬
191 6020 758 6054 zen zu bauen. Zu viel Fel¬
194 6074 765 6111 der verderben das Klima.
200 6116 751 6150 Das ist die einfache, schreck¬
189 6167 709 6200 haft einfache Gleichung.\:fp\
2217 5053 3242 5250 \f\Mann neben Sämaschine\:f\
4938 655 6475 700 \f\Haufen mit Knochen verendeter Tiere\:f\
5475 2980 8124 3103 \fp\Keine "Schädelpyramide" der Mongolenhorden, sondern ein Haufen gebleichter Knochen von verhungerten und verdursteten Pferden
5491 3082 8119 3162 und Hornvieh, die in den einst reichen, aber überweideten Grasebenen des amerikanischen Mittelwestens zugrunde gegangen sind.\:fp\
5010 3431 5995 3465 \f\Karte von Nordamerika\:f\
5208 4300 5849 4417 \fp\\g\Die Rettung Amerikas?\:g\
4823 4364 6191 4481 Ein Wall von Bäumen quer durch die Staaten. Um den natürlichen
4845 4460 6196 4529 Wasserhaushalt in der amerikanischen Kornkammer wieder herzu¬
4823 4508 6191 4577 stellen, soll im Rahmen des «New Deal», des großen Wiederaufbau¬
4834 4556 6191 4620 planes Roosevelts, von der Grenze Kanadas im Norden bis an die
4828 4604 6191 4674 Nordgrenze von Texas im Süden quer durch das Farmland des «Mitt¬
4823 4663 6191 4722 leren Westens» – die Staaten Dakota, Nebraska, Kansas und Oklahoma –
4823 4711 6191 4775 ein 1600 Kilometer langer und 160 Kilometer breiter Waldgürtel an¬
4828 4759 6191 4828 gelegt werden. Dieser Waldstreifen soll der Trockenheit entgegen¬
4828 4743 8210 4887 wirken. Die Bäume entziehen dem Boden Feuchtigkeit aus großen Tiefen und verdunsten Wasser in enormen Mengen. Diese Feuchtigkeit wird sich zu Niederschlägen ver¬
4818 4855 8210 4941 dichten. Jedenfalls aber wird der angepflanzte Waldstreifen als Windbrecher dienen und als solcher von großem Nutzen sein. Er wird, wie vorgenommene Versuche gezeigt
4823 4903 8210 4989 haben, die Windgeschwindigkeit um 30–40% herabmindern. Nebenher wird der Windbrecher verhindern, daß die Oberschicht des fruchtbaren Bodens durch die heftigen
4828 4951 8215 5031 Sommerstürme fortgetragen wird. Im Winter werden sich in diesem Waldstreifen hohe Wälle aus zusammengewehtem Schnee ansammeln, die nur allmählich schmelzen
4823 4999 8210 5080 und dem Boden die Feuchtigkeit erhalten werden. Als erster Schritt für die Durchführung des Planes ist eine Reihe von Baumschulen angelegt worden, in welchen die für
4834 5047 8204 5128 jeden Landstrich geeigneten einheimischen Baumarten herangezüchtet werden. Mit der eigentlichen Anpflanzung soll noch dieses Jahr in großem Maßstab begonnen werden.
4828 5096 8204 5176 Jedes folgende Jahr sollen 180 000 Bäume angepflanzt werden. In etwa zehn Jahren wird es sich gezeigt haben, ob der erwartete Erfolg eintreffen wird. Die Durchführung
4823 5138 8210 5224 des einzigartigen Projektes wird einen Kostenaufwand von rund 175 Millionen Dollar verursachen. Neun Zehntel davon kommen den Farmern als Arbeitslohn zugute.\:fp\
7175 3524 8281 3562 \f\Wiederansiedlung von Farmern\:f\
8658 3669 9224 3776 \fp\\g\Farmer werden neu¬
8664 3760 9219 3835 angesiedelt.\:g\ Die «Re¬
8658 3814 9214 3878 settlement Administra¬
8664 3856 9224 3931 tion» sucht gutes Land,
8669 3910 9208 3974 welches, richtig bewirt¬
8658 3953 9219 4017 schaftet, seine bäuerlichen
8664 4006 9219 4070 Bewohner ernähren kann.
8669 4054 9203 4123 Dann werden auf Regie¬
8658 4097 9219 4172 rungskosten die neuen
8680 4145 9219 4209 Wohnstätten erbaut. Die
8658 4188 9219 4262 notleidenden Farmerfami¬
8664 4246 9224 4305 lien werden aus den durch
8669 4289 9208 4353 Trockenheit, Ueberschwem¬
8658 4342 9214 4401 mungen und Sandkata¬
8658 4396 9203 4471 strophen unbrauchbar ge¬
8669 4428 9224 4503 wordenen Gegenden in
8658 4481 9214 4561 die neuen Siedlungen ver¬
8669 4524 9224 4604 pflanzt, wo ihnen eine
8669 4572 9224 4642 Gelegenheit zum Aufbau
8664 4620 9208 4711 einer neuen Existenz ge¬
8664 4668 8915 4759 boten wird.\:fp\
