2550 3300
16 437 2508 505 Wie lebt Genossin Chalanpiew in Moskau?
890 536 1584 626 Von Dr. Annemarie Clark?
56 620 834 701 Abseits von den grossen Boulevards
9 688 831 763 mit ihrem Menschengedränge, ihren
16 735 834 787 Autobus und Strassenbahnen, in einer
19 778 828 831 ungepflasterten Strasse, finde ich in ei¬
19 822 828 874 nem Backsteinhaus mit mehreren Ein¬
22 865 837 914 gängen die Haustür Nr. 17, wo mein
16 905 828 955 Freund Mischa, zusammen mit seiner
25 949 831 1001 Mutter und zwei kleinen Geschwistern
16 992 828 1038 wohnt. Eine Frau in weissem Kopftuch
19 1035 825 1088 öffnet mir und spricht mich zu meiner
25 1079 831 1144 Ueberraschung in recht gutem Deutsch
16 1141 834 1187 an. „Sie wollen zu Mischa?“, fragt sie,
19 1184 831 1231 „er hat mir gesagt, dass Sie kommen
19 1224 828 1271 würden. Vielleicht warten Sie in seinem
12 1265 831 1311 Zimmer, er wird wohl gleich von der
22 1302 828 1355 Universität zurück sein.“ Sie führt mich
12 1345 831 1398 in ein enges Zimmerchen, das von zwei
19 1395 825 1442 Betten, einem mit Büchern und Zeitun¬
22 1438 828 1482 gen überladenen Tisch und — einem
22 1476 831 1528 Flügel ganz ausgefüllt ist. Hier also
19 1516 822 1569 haust Mischa. mit seinem kleinen Bru¬
16 1562 834 1612 der Sergei, der aber jetzt, während der
22 1609 831 1655 drei Monate Sommerferien, in einem
19 1652 831 1696 „Pionierlager“ irgendwo im Kaukasus,
0 1696 834 1758 drei Tagesfahrten von Moskau entfernt,
856 626 1690 701 untergebracht ist. Mischa, der Student,
856 698 1677 747 muss zuerst sein Examen zum Semester¬
859 738 1671 787 abschluss machen. „Wenn er es nicht be¬
859 775 1668 834 steht“, erklärt mir Genossin Chalanpiew,
859 828 1674 877 „dann werden ihm die 150 Rubel entzo¬
859 871 1677 918 gen, welche die Regierung den Studen¬
856 911 1668 961 ten jeden Monat bezahlt. Und wenn
890 939 1668 1017 er ein zweites Mal durchfällt, darf er
873 999 1682 1035 gar nicht weiter studieren." — "Das
852 1017 1671 1085 scheint mir eine gute Einrichtung“, be¬
859 1079 1671 1132 merkte ich. Mutter Chalanpiew lacht:
856 1122 1674 1175 „Wegen Mischa habe ich keine Sorgen“,
856 1159 1674 1215 meint sie, "er ist der beste Student sei¬
856 1212 1674 1252 ner Abteilung und bekommt jetzt schon
856 1252 1674 1299 eine Extra-Prämie von 50 Rubeln — aus¬
852 1293 1674 1342 serdem spielt er abends Klavier im Kin¬
859 1339 1671 1383 dertheater und verdient auch dort viel
856 1373 1674 1426 Geld.“ — Ich merke, dass sie auf diesen
856 1423 1674 1469 Mischa stolz ist, der seit dem Tod seines
859 1466 1668 1513 Vaters, eines einfachen Metallarbeiters,
856 1510 1674 1556 die Stelle des Familienoberhauptes ein¬
856 1556 1668 1603 nimmt und für sie und die kleinen Ge¬
852 1600 1674 1643 schwister sorgt. Während ich mich in
856 1640 1690 1686 dem ärmlichen Zimmer umsehe, fragt
859 1674 1671 1727 sie: „Wie gefällt es Ihnen bei uns in
856 1724 1674 1773 Russland? Ist es nicht viel besser ge¬
856 1770 1668 1817 worden? — Jetzt kann man bei uns
856 1804 1668 1860 alles kaufen, nicht nur gute, frische Ess¬
856 1851 1668 1897 waren — auch Kleider, Schuhe, Automo¬
1026 1897 1665 1950 bile ..." — „Ja, jetzt kann man viele
852 1938 1671 1984 Sachen bekommen, die es vor zwei Jah¬
856 1981 1590 2040 ren noch nicht gab“, antworte ich, —
856 2021 1668 2071 "aber noch immer wohnen Sie mit Ihren
852 2068 1662 2114 drei Kindern in dieser schlechten Woh¬
852 2111 1603 2161 nung und haben nur zwei Zimmer.“ —
852 2142 1665 2198 „Meine Eltern haben in Baku in einer
856 2195 1665 2241 Baracke für die Oclarbeiter gewohnt,
859 2241 1662 2285 die schlechter war als ein Stall“, erwi¬
856 2282 1668 2325 dert mir Genossin Chalanpiew. — „Ihr
852 2325 1665 2372 Ausländer macht alle den gleichen Feh¬
852 2362 1671 2412 ler. Ihr vergleicht mit Euren reichen
849 2402 1671 2458 Ländern, wo es schon lange Fabriken
856 2452 1668 2499 und moderne Elektrizitätswerke und
852 2489 1662 2539 schöne Wohnungen für die Arbeiter
852 2523 1658 2582 gab. Ihr müsst unsere heutige Sowjet¬
852 2576 1655 2626 republik mit dem alten Russland ver¬
852 2613 1668 2672 gleichen, dann erst könnt Ihr gerecht
852 2663 1662 2709 sein." Und dann sagt sie, was jeder
852 2700 1665 2753 Russe als Antwort auf unsere Kritik
849 2747 1665 2802 ihrer mangelhaften Produktion bereit¬
852 2784 1665 2855 hält: „Wir müssen heute noch Opfer
852 2840 1665 2908 bringen, weil wir zuerst die Produktions¬
849 2902 1671 2967 mittel schaffen müssen. Zuerst müssen
1702 623 2523 698 Fabriken gebaut werden — dann erst
1702 691 2520 744 kommen die Wohnungen daran. Uebri¬
1705 741 2523 790 gens ist uns eine Wohnung in einem der
1702 778 2523 834 neuen Häuserblocks in Aussicht gestellt,
1705 822 2523 871 — dort wird es Wohnungen für zweihun¬
1702 862 2520 911 dert Familien geben, jede mit drei Zim-
1702 905 2523 955 mern, Küche und Bad!“ — Ich erwidere
1702 949 2523 998 nichts, obwohl ich weiss, dass für diese
1702 992 2523 1042 200 Wohnungen in Moskau, dessen Be¬
1708 1035 2526 1082 völkerung fast täglich wächst, schon
1705 1079 2523 1125 wieder 1000 Anwärter da sind, — ich
1702 1119 2523 1172 sage nichts, weil mich die Geduld und
1702 1162 2496 1212 die aufrichtige Opferbereitschaft des
1702 1209 2511 1252 russischen Volks immer wieder zur Be¬
1702 1252 2523 1296 wunderung zwingt. Das Geheimnis ist
1702 1293 2514 1342 wohl, dass ihm deutlich erklärt wird,
1702 1339 2520 1386 weshalb auch der 2. Fünfjahresplan von
1702 1376 2461 1429 jedem Einzelnen noch Opfer fordert. —
1702 1420 2520 1466 Genossin Chalanpiew, obwohl sie nicht
1702 1463 2520 1513 mehr jung ist und unter tausend klei¬
1702 1500 2520 1553 nen und grossen Schwierigkeiten ihren
1702 1550 2520 1596 Haushalt geführt, ihre Kinder erzogen
1702 1584 2520 1640 hat, teilt doch mit ihrem Mischa den
1702 1631 2520 1686 Glauben an die Zukunft des neuen
1702 1671 2520 1727 Russland. „Sie müssen sehen, was bei
1702 1720 2523 1773 uns für die Jugend, für sie Studenten,
1702 1764 2520 1810 für die Kinder getan wird!" sagt sie mir,
1702 1807 2514 1854 „sie werden es besser haben als ihre El¬
1702 1851 2514 1900 tern. Sie werden lernen, was wir nicht
1702 1891 2520 1941 lernen konnten. Sie werden gesund und
1702 1941 2520 1987 glücklich leben.“ Ob ich mit ihnen essen
1702 1981 2520 2027 wolle, fragt sie dann, da Mischa sich
1702 2021 2514 2089 offenbar verspätet habe. Ich folge ihr
1702 2062 2520 2111 in die Küche, wo Mischas zehnjährige
1702 2108 2514 2154 Schwester schon am Tisch sitzt, mit ei¬
1702 2151 2517 2204 nem Buch. In keinem Land der Welt
1702 2195 2514 2248 wird soviel gelesen wie in Russland. Im
1702 2232 2514 2285 Kulturpark kann man Kinder und Er-
1702 2282 2517 2334 wachsene, Arbeiter und Matrosen mit
1699 2319 2508 2375 Büchern auf den Bänken sitzen sehen...
1702 2359 2514 2437 Genossin Chalanpiew setzt den Topf mit
1702 2406 2514 2458 der dampfenden Kohlsuppe auf den
1699 2446 2511 2502 Tisch, dazu gibt es Kartoffeln und To¬
1702 2486 2514 2542 maten, etwas Speck und ein dunkles.
1702 2520 2514 2585 säuerliches Schwarzbrot. Es ist jetzt
1702 2573 2514 2629 4 Uhr nachmittags, für die Russen die
1702 2620 2514 2669 gewöhnliche Zeit des „Mittagessens“.
1702 2650 2511 2716 Als wir gerade die Löffel in die Suppe
1702 2700 2517 2756 tauchen, wird die Türe aufgerissen, und
1702 2750 2514 2799 mein Freund Mischa, die Mütze schief
1702 2787 2505 2843 auf dem Kopf, stürzt herein. „Ich glau¬
1724 2830 2511 2883 be“, ruft er, „ich habe mein Examen be¬
1699 2874 2511 2942 standen! Und jetzt gebt mir schnell ei¬
1702 2917 2173 2979 nen Teller Kohlsuppe!"
