3893 5669
858 1603 1919 1728 La Côte am Genfersee
488 1782 2425 1930 \p\Westlich von Lausanne beginnt es: eine Kette von
398 1904 2412 2057 Landsitzen, Garten an Garten, Wiesen und große
378 2009 2417 2126 Rasenflächen, die sich muldenförmig zur Straße
378 2124 2417 2239 senken und sich auf der anderen Seite fortsetzen bis
368 2239 2410 2374 zum Seeufer. Öft schließen hohe Mauern und Git¬
385 2338 2417 2496 tertore die Gärten von der Straße ab, in vornehmer
378 2458 2404 2573 Zurückhaltung verbergen sich die schönen Land¬
391 2573 2422 2706 häuser den Blicken. Dann kommen wieder offene
378 2680 2420 2810 Rebengelände, Türme in den gelben Reben, kleine
378 2792 2417 2935 Schlösser mit geflammten Fensterläden. Die breite
378 2902 2422 3060 Straße ist vorbildlich angelegt, wie eine Promenade
378 3017 2417 3163 folgt sie dem Seeufer, oder entfernt sich ein wenig
378 3124 2417 3270 und führt durch die Parklandschaft, wo es nach
385 3242 2415 3385 feuchten Nußblättern riecht. Kastanien und Pap¬
398 3349 2415 3494 peln streuen ihr Laub auf den schwarzen Asphalt.\:p\
475 3464 2412 3602 \p\\g\St-Sulpice\:g\ liegt zwischen Wiesen, ein sehr klei¬
378 3576 2417 3706 ner Ort, die bekannte Hundezucht von Fischer-Bur¬
385 3683 2415 3854 gess befindet sich irgendwo in der Nähe: besonders\:p\\fml\
1507 520 3550 690 \p\\fml\die braven und klugen Schnauzer kommen von
1500 650 1842 766 dorther.\:p\
1594 751 3535 906 \p\Nach \g\Morges\:g\ führen stattliche Alleen, wenige
1500 853 3525 990 Rebberge liegen zwischen die Wiesen eingestreut.
1502 982 3540 1099 Ein Hafenstädtchen: man hat vom Quai und vom
1507 1089 3535 1221 geschützten „Port“ einen herrlichen Blick auf die
1502 1195 3507 1330 breite Seefläche und auf die savoyischen Berge da¬
1490 1314 3514 1451 hinter. Die alte Hauptgasse wirkt winzig und ein¬
1507 1406 3522 1550 geschlafen wie die von Villeneuve, aber am Eingang
1507 1538 3509 1672 von Morges liegen die großen Saurer-Reparatur¬
1487 1642 3520 1784 werkstätten und bringen modernes Leben in den
1490 1746 3507 1870 kleinen Ort. Anfang September findet in Morges
1495 1865 3502 2002 ein Concours hippique [Springreiten] statt, der zwar nicht inter¬
1492 1961 3497 2119 national ist, aber doch zu den größeren dieser Ver¬
1474 2086 2243 2215 anstaltungen zählt.\:p\
1578 2192 3504 2345 \p\Hinter Morges liegt die Landzunge von St-Prex,
1490 2309 3507 2441 wo sehr alte Mauerreste gefunden wurden. Im
1490 2416 3517 2553 übrigen ist es ein ausgedehnter Villenort in schönem
1474 2522 3497 2662 Gelände. Die Walter-School liegt in einem großen
1482 2619 3512 2756 Garten am See (im Winter ziehen die Schüler nach
1479 2743 3509 2893 St. Moritz, um nach englischem Vorbild jedem Sport
1482 2857 2269 2984 gerecht zu werden).\:p\
1561 2971 3502 3083 \p\\g\Allaman\:g\ ist ein kleiner „Bourg“, ganz in Reben
1477 3073 3497 3185 versteckt. Es hat — natürlich — auch sein altes
1464 3187 3497 3299 Schloß. Eine Autostraße und ein elektrisches Bähn¬
1472 3289 3499 3426 chen führen nach \g\Gimel\:g\ hinauf, wohin man auch
1477 3403 3436 3550 von Rolle aus über das berühmte „Signal de Bougy
1472 3514 3502 3657 gelangen kann. Allein der Aussicht wegen nach
1472 3624 3489 3773 Bougy hinauf zu fahren, lohnt sich höchstens wegen\:p\\fml\
408 597 2471 726 \p\\fml\des Montblancs. Der Blick auf den See ist von den
403 710 1769 824 unteren Hügeln aus harmonischer.\:p\
493 824 2453 953 \p\Etwa auf halber Strecke zwischen Rolle und
413 932 2440 1069 Nyon zweigt die Straße zur „Plage de Gland“ ab.
408 1043 2451 1162 Das ist sicher der schönste Strand des Genfersees.
403 1157 2440 1271 Gland ist aber hauptsächlich wegen der großen Kur¬
398 1265 1635 1413 anstalt „La Lignière bekannt.\:p\
504 1382 2446 1526 \p\Dann taucht bald das Schloß \g\Prangins\:g\ auf:
408 1500 2446 1617 große, verschlossene graue Front aus dem achtzehn¬
408 1617 2451 1725 ten Jahrhundert, in einem Park mit herrlichen alten
403 1720 2446 1844 Bäumen. Es gehört heute Mrs. McCormick — wäh-
398 1831 2464 1958 rend auf der Halbinsel Promenthoux ein Nach¬
403 1947 2453 2081 komme Napoleons wohnt — oder genauer: seines
408 2058 2459 2208 Bruders Ludwig, des Königs von Holland. Das
403 2180 2459 2311 Gut heißt „La Bergerie", ein Advokat aus Nyon
398 2278 2448 2420 versicherte mir, daß Jerôme Bonaparte den martia¬
400 2397 2453 2521 lischen Herrscherblick des großen Korsen besitze.
408 2508 2451 2650 In der \g\Villa Prangins\:g\, der „Bergerie“ benach∆
390 2626 2459 2753 bart, hat der Exkaiser von Österreich einige Jahre
408 2727 2440 2872 lang gewohnt — womit aber die Reihe der pro¬
390 2843 2453 2985 minenten Gäste von Nyon noch lange nicht beendet
408 2954 2440 3094 ist. Da wohnt einmal der französische Schneider
416 3063 2453 3207 Worth in einer schönen Villa, während allerdings
421 3184 2451 3300 Yussupoff, der vielbesprochene Mörder Rasputins,
390 3298 2466 3435 seine Besitzung kürzlich (1931) an einen Deutschen
403 3406 2440 3525 verkauft hat. Paderewski ist seit vielen Jahren in der
416 3525 2446 3662 Nähe von Morges wohnhaft, Cortot stammt sogar
405 3628 2443 3760 von Nyon und gibt regelmäßige Konzerte – zur
398 3739 2138 3897 neidvollen Verwunderung der Großstädter.\:p\
1537 571 3461 707 \p\\fml\Sicher ist Nyon das hübscheste Städtchen am
1449 689 3463 827 schweizerischen Ufer. Die spitzen Türme des Schlos¬
1456 797 3453 938 ses überragen es, mehr zum Schmuck als zur Ver¬
1454 900 3451 1036 teidigung gedacht. Es gibt zwei größere Hotels am
1471 1016 3448 1159 Quai: Beau Rivage und Hôtel de Nyon — einen klei¬
1454 1117 3451 1247 nen, besonnten Platz, wo die weißen Dampfboote
1441 1235 3463 1371 anlegen und die Segelschiffe und Fischerkähne im
1441 1356 3456 1489 Hafen liegen wie in den kleinen französischen
1441 1454 3443 1605 Fischernestern. Man ißt Truites und Filets de per¬
1441 1567 3456 1695 ches in einer Crêmerie, man trinkt seinen Kaffee
1449 1678 3448 1821 im Freien. Nachher geht man, im Rücken des
1449 1773 3461 1909 Städtchens, in die Reben hinauf. Dort oben gibt es
1441 1894 3433 2032 wieder andere Landsitze: keine Villen, sondern länd¬
1446 2007 3435 2148 liche Häuser, zwei-, dreihundert Jahre alt, in ebenso
1434 2115 3435 2248 alten Gärten versteckt. Und welche Landschaft!
1446 2233 3435 2379 Hinter den ersten Hügeln beginnen schon die leicht¬
1441 2334 3438 2465 gewellten, fruchtbaren Anhöhen am Fuße des Juras,
1449 2442 3443 2593 und dahinter liegt der Wald: vielfarbig, mit hellem
1431 2558 3435 2686 Eichenlaub und schwarzen Tannen. Dörfer am Weg:
1431 2658 3435 2802 Duillier heißt eines davon, mit schönen Höfen und
1431 2779 3430 2900 alten Gebäuden, in Trélex gibt es das kleine, sehr
1439 2902 3438 3021 provinziell-französische Hôtel du Lion d’Or, und
1436 2993 3446 3144 hinter Trélex nimmt die schöne, breite, ganz neue
1436 3114 3435 3247 Straße nach \g\St-Cergue\:g\ den Charakter einer
1431 3219 3435 3355 luxuriösen Bergstraße an. Durch Eichenwald führen
1431 3335 3435 3451 die großen Kurven hinauf — ein Bähnchen (von
1431 3441 3443 3559 Nyon nach Morez) macht in einer Stunde denselben
1449 3546 3425 3695 Weg. St-Cergue liegt wie \g\Caux\:g\ 1000 Meter hoch,
1436 3664 3443 3808 wie dieses gilt es trotzdem als sehr geeigneter\:p\\fml\
1959 3756 2540 3791 \f\Stilisierte Zeichnung des Genfersees mit Friedenstaube von Hans Tomamichl (ohne Bildunterschrift)\:f\
1449 531 3425 689 \p\\fml\Wintersportplatz. Es hat allerdings keine so be¬
1434 666 3435 797 rühmte Bobbahn — aber dafür ein vielseitiges,
1436 777 3433 890 leichtes Skigelände. Die Dôle ist ganz in der Nähe.
1429 883 3435 1024 Dorf und Umgebung erinnem in ihrer behaglichen
1439 1019 3430 1127 Gastlichkeit ein wenig an Oberbayern. Im Sommer
1431 1099 3448 1235 und Herbst kann man in den Wäldern die schönsten
1434 1222 3446 1328 Spaziergänge machen — nach der „Givrine" und
1418 1323 3428 1466 zu der Crêmerie „La Chèvrerie", die wie eine Senn¬
1431 1434 3435 1549 hütte aussieht. Dort züchtet Monsieur Correvon in
1431 1537 3435 1685 einem felsigen Gärtlein seltene Alpenpflanzen. Man
1436 1657 3433 1796 überblickt das sanft gewellte Land bis zum See,
1436 1766 3383 1901 die Dörfer und Schlösser, Nyon, Crans, Coppet –
1431 1881 3435 1994 und jenseits des Sees die klare blaue Linie der
1429 1989 3435 2133 savoyischen Hügel. Ein junger Mann aus Nyon
1418 2092 3270 2233 nannte diese Gegend „une région sans saveur" –
1418 2201 3430 2341 es wurde heftig widersprochen. Man einigte sich,
1423 2314 3425 2450 daß der östliche Teil des Sees — bei Montreux
1423 2435 3425 2558 etwa — als romantisch, der westliche aber als klas¬
1423 2530 3428 2678 sisch bezeichnet werden müsse. Womit jene Mi¬
1416 2646 3430 2802 schung von Klassik und Idyllik gemeint war, die
1418 2741 3430 2892 dem Geschmack des kultivierten achtzehnten Jahr¬
1418 2862 3430 2995 hunderts entsprach. Man weiß, daß Madame de
1423 2963 3433 3096 Staël zeitweise in Coppet gewohnt hat: das Schloß
1431 3086 3430 3207 gehörte ihrem Vater, dem Finanzminister Necker.
1423 3199 3320 3332 In \g\Ferney-Voltaire\:g\ hat Voltaire gewohnt
1418 3307 3408 3428 oder vielmehr, er hat diesen Ort mit dem optimisti¬
1418 3418 3418 3556 schen Fortschrittsglauben des Aufklärers gegründet.
1418 3521 3430 3662 Und die „Rückkehr zur Natur" – das sentimentale
1418 3637 3415 3783 Naturgefühl des Genfers Jean-Jacques Rousseau\:p\\fml\
390 600 2452 745 \p\\fml\scheint nirgends anders als in dieser zugleich vor¬
390 725 2452 831 nehmen und bukolischen Landschaft geboren zu sein.\:p\
494 836 2457 953 \p\Zudem ist es ein pietätvolles Land: da wohnen,
379 943 2462 1073 in den alten Landhäusern, die alten Familien, seit
390 1049 2457 1171 Generationen ansässig, seit Generationen Amt und
390 1169 2457 1286 Beruf vom Vater auf den Sohn vererbend: Pastoren
397 1307 2460 1405 und Advokaten, sehr eigenartige, eigenwillige Leute,
384 1397 2447 1540 meistens ungemein gebildet, und in einem selten ge¬
397 1509 2460 1660 wordenen Sinn, ohne geradezu intellektuell zu sein,
387 1639 2457 1764 verbinden sie die intimen Kenntnisse, die ihnen von
390 1738 2452 1857 ihrer Herkunft kommen, mit einer vernünftigen und
377 1849 2455 1990 interessierten Teilnahme an den großen Weltläuften.
384 1964 2452 2096 Die Familie ist in diesen Orten ein äußerst leben¬
397 2075 2452 2205 diger und weit zufassender Begriff. Man ist mit
397 2187 2460 2335 „oncles" und „cousins“ dritten und vierten Grades
379 2301 2455 2444 befreundet und kennt sich genealogisch genau aus.
397 2418 2452 2559 Die verheirateten Söhne wohnen häufig mit den
379 2525 2442 2670 Eltern zusammen, in einem patriarchalischen Verhält¬
384 2642 2455 2774 nis. Oft ziehen sich Pastoren und Advokaten schon
387 2761 2444 2894 mit 50 Jahren zurück und verbringen den ansehn¬
379 2860 2452 3008 lichen Rest ihrer Tage damit, ihre Reben und ihren
384 2977 2452 3127 Garten zu pflegen [Rückverweis auf Voltaire 'cultivons notre jardin']. In ihren Häusern stehen die
379 3088 2444 3234 schönsten alten Möbel, hängen die prächtigsten Ta¬
390 3208 2452 3361 peten, stehen die berühmten zierlich bemalten Nyon-
403 3330 2465 3457 Tassen in erblindeten Vitrinen. Stiche von Rousseau
379 3442 2455 3574 hängen im Arbeitszimmer, wo die alten Klassiker
379 3556 2457 3691 die Bücherschränke füllen. Geruhsam-beschauliches
379 3660 2457 3777 Dasein, in der klassisch heiteren Landschaft, wo alle
403 3787 2465 3917 Unmäßigkeit verbannt scheint — beschließen wir\:p\\fml\
1477 543 3517 680 \p\\fml\den kleinen Ausflug mit dem klassischen und erst
1482 665 3509 820 hier ganz zu begreifenden Ausruf: Cultive ton
1502 782 1781 898 jardin![Voltaire]\:p\
