3837 5669
177 698 938 771 Schweizer Pionierarbeit im Urwald
328 756 765 830 III. Die Reise nach Molanda
209 812 935 862 \p\Während der siebentägigen Flußreise von Leopold¬
171 862 932 901 ville bis Lisala machte ich die erste Bekanntschaft mit
171 897 938 944 dem Urwald Zentralafrikas. Obwohl ich ihn noch nicht
168 927 932 967 betreten hatte, sondern ihn nur vom Boot aus er¬
168 967 932 1004 blickte, war ich davon doch tief beeindruckt. Die bei¬
168 1009 932 1039 den Flußufer sind von dichten, grünen Wänden ge¬
177 1036 967 1076 säumt, dahinter dehnt sich der Oschungel unendlich
171 1075 935 1109 aus; nichts scheint die gleichmäßigen Wogen dieser
168 1102 932 1143 Tropenvegetation zu unterbrechen als das majestäti¬
177 1139 936 1181 sche Band des Stromes, dem wir Tag und Nacht ent¬
171 1173 935 1210 lang glitten. Ich fragte mich wirklich, ob sich dieses
171 1206 967 1255 Bild jemals ändern und wir uns einem Ziel nähern
168 1243 935 1281 würden. Die Schiffahrtsgesellschaft „Otraco“ hatte mir
168 1276 927 1321 auf ihrem schnellsten Dampfer, dem 800-Tonner „Co¬
168 1308 929 1351 lonel Chaltin", ein Dienstbillett als Journalistin ge¬
168 1351 929 1390 geben; außer mir waren ein schottisches Missionsehe¬
168 1386 939 1418 paar, zwei französische Offiziere und zwei Belgier an
177 1413 932 1448 Bord, womit die paar Kabinen des kleinen Passagier¬
168 1446 935 1489 decks auch schon voll besetzt waren. Wenn wir des
168 1484 929 1523 nachts bei einem Negerdorf anhielten, um unter un¬
168 1503 967 1571 geheurem Getöse Holz an Bord zu nehmen, wurde es
168 1546 929 1582 in den Kabinen erstickend heiß, und man konnte wegen
168 1581 927 1616 des Lärms, der Hitze und der Moskitoschwärme wenig
168 1614 929 1665 schlafen. Ich verbrachte oft ganze Nächte auf der Brücke
173 1656 935 1689 mit dem Kapitän, einem jungen Flämen, und seinem
174 1678 929 1718 ersten Offizier, den einzigen Weißen der Besatzung.
171 1706 932 1753 Wir hörten dann Radio aus aller Welt und über¬
177 1750 930 1788 zeugten uns so, daß es hinter dem unabsehbaren Aequa¬
171 1778 931 1819 torwald wirklich noch andere Gegenden gebe. Aber ich
171 1818 939 1856 fragte mich vergebens, wie es möglich sei, in diesen
177 1842 932 1902 Wald einzudringen, ihn zu roden und bewohnbar zu
174 1883 294 1925 machen.\:p\
215 1911 935 1960 \p\Als ich in Lisala an Land ging, fand ich auf dem
180 1951 926 1994 Postbureau das Telegramm, welches der Schweizer
174 1986 938 2021 konsul in Leopoldville nach Molanda geschickt hatte
177 2023 941 2060 um meine Ankunft zu melden. Man erklärte mir, daß
183 2054 935 2093 Herr Vivien nur zweimal im Monat einen Boten
177 2084 967 2132 schicke, und daß man den nächsten erst in etwa acht
180 2126 932 2161 Tagen erwarte. Molanda sei 250 Kilometer entfernt,
177 2152 936 2191 und ich würde schwerlich einen Camion finden, der in
180 2188 929 2236 jene Richtung führe. Ich habe dann in den zwölf Ta¬
176 2218 938 2263 gen, die ich in Lisala verbringen mußte, mehrere Last¬
174 2255 938 2293 wagen abfahren sehen; die einen fuhren auf eine Plan¬
177 2286 938 2327 tage am Mangala-Fluß, die einer großen Gesellschaft
180 2324 930 2366 gehört; aber niemand konnte mir genau sagen, wie
180 2364 938 2396 lange ich von dort in einer Pirroque, einem Ruder¬
177 2391 938 2431 schiff der Eingeborenen, bis Molanda brauchen würde.
174 2422 929 2457 Andere fuhren zu kleinen Dörfern im Innern, wo es
183 2457 936 2503 wohl einen portugiesischen Händler, aber vielleicht kei¬
174 2487 929 2527 nen Wagen zur Weiterreise gab. Ein Camion startete
176 2520 936 2565 endlich nach Likimi, einem Posten, der nur etwa 50
174 2560 938 2593 Kilometer von Molanda entfernt ist. Aber das Ge¬
177 2585 936 2631 fährt schien mir in bedenklichem Zustand, und ich hatte
177 2625 929 2665 recht, ihm zu mißtrauen. Als ich wenige Tage später
174 2659 932 2700 mit einem Handelsagenten in einem Chevrolet-Liefer¬
174 2686 968 2738 wagen aufbrach, fanden wir den Camion kaum einige
182 2717 944 2766 Stunden von Lisala entfernt verlassen auf der Dschun¬
183 2751 939 2798 gelpiste. Vom schwarzen Chauffeur war weit und breit
180 2786 944 2828 nichts zu sehen. Wir untersuchten die Ladung, und
180 2821 944 2865 nahmen fünf große Korbflaschen Wein mit, von denen
180 2854 944 2894 wir annahmen, sie seien für einen Händler in Likimi
180 2883 935 2931 bestimmt. Später zerbrach eine davon, und der ganze
182 2917 944 2964 Wagen samt meinen beiden Handtaschen und einer
174 2946 926 2995 kleinen Antilope, die unser Chauffeur unterwegs ge¬
174 2988 943 3026 tötet hatte, waren von zehn Litern portugiesischem
176 3023 476 3074 Notwein durchtränkt.\:p\
221 3061 938 3109 \p\Die Fahrt durch den Urwald schien mir eintönig
180 3106 935 3136 und bedrückend. Es gab zwar viele Eingeborenen¬
180 3137 941 3176 dörfer am Weg; aber diese Ansammlung gelber, mit
179 3172 941 3210 Palmblätter gedeckter Erdhütten genügten kaum, um
180 3211 945 3247 auch nur eine Lichtung zu öffnen, und die winzigen,
180 3243 945 3276 mit Mais, Maniok oder Reis bepflanzten Felder gin¬
183 3275 944 3311 gen wieder in die dichte Wirrnis des Dschungels über.
186 3308 942 3344 In einem Dorf zeigten uns die Schwarzen ein frisches
179 3333 944 3381 Leopardenfall, in einem anderen brachten sie uns
186 3368 938 3413 Erdnüsse, in einem dritten luden wir Salzsäcke vor
183 3407 945 3442 einer Hütte ab, die als Niederlage einer großen Ge¬
180 3439 933 3480 sellschaft diente und wo ein schwarzer, europäisch ge¬
183 3465 938 3509 keideter „Agent“ seinen mehr oder minder nackten
186 3509 942 3545 Stammesgenossen außer Salz noch japanische Baum¬
177 3532 941 3583 wollstoffe verkauft. Die meisten Dörfer schienen fast
180 3573 940 3608 ausgestorben; vielleicht war ein Teil der Männer im
180 3601 936 3645 Wald auf der Jagd; einige Alte lagen schläfrig auf
180 3639 941 3677 niedrigen Bettgestellen; die Frauen hockten vor ihren
180 3672 939 3708 Töpfen und kleinen Feuern, die von drei mit den
186 3707 938 3747 Spitzen zusammengelegten Baumästen genährt wurden
185 3734 945 3781 Es gab Rudel von nackten Kindern, magere, großohrige
180 3777 940 3813 Hunde, und manchmal ein paar Ziegen. Aber das
180 3802 940 3845 alles schien in der feuchten Hitze und grünen Halb¬
180 3837 939 3875 dämmerung des Dschungels dahin zu vegetieren ohne
179 3866 944 3911 rechtes Leben, ohne Freude. Wir wurden gegen Abend
177 3899 938 3943 auf einer primitiven, aus drei zusammengekuppelten
179 3932 944 3980 Pirroquen bestehenden Fähre über den Mangala-Fluß
180 3971 930 4017 gesetzt und gerieten dann in einen heftigen Regen, der
180 4001 935 4053 sich durch Windstöße und Blitze ankündigte und die
183 4038 935 4077 ganze Urwaldwelt plötzlich unheimlich belebte. Aber
183 4070 933 4112 da waren wir schon ganz nahe von Molanda, und ich
180 4099 930 4145 atmete auf, als ich sah, wie der Dschungel sich lichtete.\:p\
227 4142 939 4177 \p\Man verließ die beklemmende Enge des Pfads,
182 4163 932 4212 ließ den Waldrand wie die Mauer einer Unterwelt
189 4204 939 4247 zurück, und fuhr jetzt zwischen schönen Palmenreihen
180 4234 938 4277 durch ein ansteigendes Gelände, über dem sich ein
180 4271 936 4311 hoher Wolkenhimmel wölbte. Man empfand ein dank¬
180 4308 939 4349 bares Gefühl der Befreiung und konnte die Weite des
180 4340 938 4383 gerodeten Landes fühlen, obwohl es schon Nacht wurde
179 4374 941 4412 und ein neuer, platzartiger Regen die Dunkelheit ver¬
180 4401 942 4442 stärkte. Etwa acht Kilometer fuhren wir so durch
188 4436 938 4482 Palmenpflanzungen und Felder mit Kaffeesträuchern
180 4468 935 4515 bis zum Haus, dessen großes, tief über die rötlichen
180 4502 938 4545 Lehmmauern gesenktes und mit Palmblättern bedeck¬
180 4539 945 4582 tes Dach an das heimelige Strohdach eines Aargauer
186 4574 939 4616 Bauernhauses gemahnte. Ein weißgekleideter Neger
188 4603 968 4658 mit einer Petrollampe in der Hand öffnete die Türe.
980 655 1761 714 Bald darauf saß ich nach einem warmen Bad und in
967 704 1738 744 trockenen Kleidern am Tisch im großen Wohnraum
973 730 1733 778 und merkte beim Anblick von kaltem Gitzibraten, fri¬
973 762 1738 818 schem Mais, Spiegeleiern und einer Rotweinkaraffe,
980 802 1602 847 daß ich mächtigen Hunger und Durst hatte.\:p\
1110 878 1607 924 IV. Zwölfhundertfünfzig Hektaren
1015 931 1726 982 \p\Molanda heißt ein kleines Gewässer, das am Fuß
967 968 1729 1021 einer schönen, breiten Anhöhe in die Mangala mün¬
968 1007 1732 1042 det. Dieser Nebenfluß des Kongos ist zwar stattlich
961 1040 1726 1078 genug, damit die kleinen Otraco-Dampfer hinauffah¬
974 1076 1729 1116 ren können, um Waren in den Dörfern abzusetzen und
968 1105 1729 1141 die Oelfässer und Kaffeesäcke der Plantagen zu ver¬
974 1138 1726 1178 laden; aber wie er sich zwischen seinen dichtbewach¬
977 1172 1729 1211 senen, grünen Ufern hindurchwindet, wirkt er doch wie
961 1203 1726 1247 eine bescheidene Ader im Inneren des gewaltigen
974 1236 1729 1278 Aequatordschungels. Der Name Molanda wurde dann
971 1273 1723 1314 auf die Plantage übertragen, die im Jahre 1925 auf
974 1301 1729 1341 jener Anhöhe über der Mangala begonnen wurde
974 1339 1726 1380 Man schlug eine erste Bresche in den Urwald, ging
974 1375 1733 1413 ihm mit Buschmessern und Feuer zu Leibe, ließ zuerst
977 1406 1729 1440 das Unterholz schneiden, dann die kleineren Stämme,
974 1439 1733 1475 dann die Baumriesen, und zündete zuletzt den so ge¬
983 1474 1729 1512 fällten Dschungel an. Heute bezeichnet Molanda nicht
961 1504 1730 1545 mehr eine bescheidene Lichtung, die ringsum von der
974 1539 1733 1583 Macht des Waldes eingeengt und bedroht ist, son¬
974 1578 1727 1613 dern ein dieser düsteren afrikanischen Wildnis abge¬
977 1603 1729 1644 rungenes Stück Erde, das fruchtbar und bewohnbar
974 1635 1741 1683 ist, wie die Landstriche es sein müssen, damit sie uns
974 1672 1299 1719 zur Heimat werden.\:p\
1018 1707 1723 1758 \p\Auf der Anhöhe, von wo man in der Ferne das
971 1741 1730 1794 blaugrüne Meer des Waldes überblicken kann, steht
983 1791 1727 1826 zwischen Palmen und blühenden Büschen das Haus.
974 1822 1726 1856 Seine niedrigen Lehmwände sind mit einem Gitter¬
974 1854 1733 1892 werk aus Pfählen und Aesten gestützt; ein Quergiebel
977 1889 1732 1924 überdacht den fast nur aus Fenstern bestehenden Erker
980 1920 1729 1957 des Wohnraums, der die Mitte des Hauses einnimmt
974 1956 1733 1993 Der Boden ist zementiert; die Decke besteht aus Palm¬
974 1986 1733 2027 matten. Hier ist es immer kühl, und die Aussicht ist
980 2019 1729 2058 weit und frei. Auf der anderen Seite des Hauses
974 2055 1726 2092 schließen sich die Schuppen für die beiden Automobile,
961 2086 1730 2123 die Werkstätten und die Küche an; dahinter liegt ein
974 2121 1729 2159 großer Gemüse- und Baumaarten, noch etwas weiter
974 2151 1729 2191 die Einzäunungen für die Hühner, ein großes Rudel
983 2188 1732 2231 Ziegen und sogar ein paar kleine, schwarze Rinder
983 2222 1735 2262 und zwei kleine Pferde aus dem Tschad. Der Hauptweg
980 2258 1729 2295 führt zwischen den ersten Palmen der Pflanzung wie
974 2290 1733 2331 durch eine stattliche Allee vorbei an drei weiteren
995 2323 1732 2363 Häusern. Das dritte ist noch im Bau und wird dem
980 2350 1729 2395 jungen Schweizer Agenten mit seiner Frau und ihren
982 2387 1727 2424 kleinen Kind als Wohnung dienen. Neben Herrn und
980 2421 1729 2462 Frau Vivien sind sie die einzigen Weißen von Mo¬
974 2457 1727 2492 landa, der Pflanzung, die heute 1250 Hektaren be¬
980 2488 1729 2529 bauten Bodens umfaßt. Wenn man jetzt viele Kilo¬
974 2523 1729 2557 meter auf sauberen Wegen durch die schattigen Palm¬
974 2554 1726 2594 haine und reichen Kaffeefelder fährt, kann man sich
974 2584 1733 2623 kaum vorstellen, daß das gleiche Land vor fünfzehn
980 2621 1739 2661 Jahren noch von dichtem Urwald zugedeckt war, und
983 2657 1729 2696 daß es zwei Menschen allein gelungen ist, es so zu
961 2687 1761 2726 verwandeln und in Besitz zu nehmen! Man glaubt
980 2720 1624 2761 ihnen gern, daß der Anfang nicht leicht war.\:p\
1553 2749 1706 2804 A. C.-Sch.
