3574 5669
1111 599 1739 740 GLOSSEN
872 848 1951 944 NORDAMERIKANISCHES
562 944 2264 1029 DAS DRAMA DER AMERIKANISCHEN SÜDSTAATEN
1116 1023 1758 1167 Von Annemarie Clark
456 1190 2476 1291 \p\Wer heute durch die Staaten des "alten Südens" reist – denn wir müssen
355 1307 2482 1384 die neuern, im Südwesten gelegenen Staaten Texas und Oklahoma mit ihren
361 1379 2479 1469 riesigen, von Traktoren bearbeiteten Ackerflächen ausnehmen –, wer also
355 1440 2474 1535 durch den eigentlichen "schwarzen" oder "Baumwoll-Gürtel" reist, kann die
355 1524 2476 1628 Anzeichen von Ruin, Degeneration und Armut nicht übersehen. Er findet
361 1604 2479 1699 vornehme Plantagenhäuser im Zerfall begriffen, und in den Feldern die elenden
355 1684 2476 1784 Hütten der Baumwollpächter, Hütten aus rohen Brettern, schäbige, dürftige
361 1766 2471 1864 Behausungen, an denen nicht viel zu verderben ist, – er findet die Baum¬
361 1837 2447 1935 wollfelder mit niedrigen Stauden karg bewachsen, von Unkraut durchsetzt, –
361 1922 2479 2007 er findet gewelltes Land, das tiefe Erosionsrisse aufweist, als sei es von einem
361 1996 2492 2092 Erdbeben heimgesucht worden, – wenn er der Route folgt, die General
355 2087 2476 2166 Sherman mit seinen Unionstruppen beim berüchtigten "Marsch durch Georgia"
361 2158 2458 2248 einschlug, findet er wohl auch die Spuren von Brand und gewalttätiger Ver¬
361 2232 2492 2330 nichtung. Die Versuchung liegt nahe, diese deprimierenden Eindrücke als
361 2322 2482 2410 Bestätigung hinzunehmen für das grausige Phänomen "Krieg", der den Süden
361 2397 2482 2492 zu einem Land ohne Hoffnung gemacht habe, und die gänzlich verschiedenen
366 2484 2484 2574 Ursachen zu übersehen, die de facto verantwortlich sind für die Degeneration
355 2556 2476 2654 eines einst reichen und blühenden Landes. Es geht schon nicht an, den Gegen¬
361 2649 2492 2733 satz zwischen dem hochindustrialisierten Norden und dem auch heute noch
355 2715 2482 2794 vorwiegend agraren Süden auf die Formel "städtische" gegen "ländliche"
366 2794 2476 2895 Zivilisation zu bringen oder ihn gar mit dem klassischen Gegensatz der ameri¬
355 2898 2474 2961 kanischen Geschichte gleichzusetzen, den ein moderner Historiker das "ameri¬
355 2972 2460 3054 kanische Paradoxon" genannt hat – den Gegensatz nämlich zwischen "Jeffer¬
355 3041 2482 3118 sonismus" und "Hamiltonismus". Hamilton, George Washingtons erster
361 3123 2492 3208 Schatzmeister, ein Indianer illegitimer Herkunft von den westindischen Inseln,
355 3195 2476 3285 brachte es in New York zum Rechtsanwalt, heiratete ein Mädchen aus reicher
355 3290 2482 3367 Familie, verkörperte den Typus des neuen Geldaristokraten und sah als Erster
355 3364 2476 3447 fast visionär die Zukunft Amerikas voraus als eines Landes der Massen¬
355 3447 2466 3534 produktionsindustrien, der großen Städte und des städtischen Proletariats –
355 3529 2476 3598 eines Proletariats, das er verachtete, so daß er die "demokratische" Regie¬
355 3595 2482 3680 rung der Union einer zahlenmäßig geringen Oberschicht von Großkapitalisten
355 3685 2466 3775 übertragen sehen wollte. Thomas Jefferson, Humanist und Gelehrter, Washing¬
355 3762 2474 3852 tons Staatssekretär und Hamiltons Gegenspieler, glaubte mit dem unerschütter¬
355 3852 2476 3942 lichen Optimismus des Menschenfreunds an die Fähigkeiten und das Selbst¬\fml\\:p\
1140 1540 3216 1668 \fml\\p\bestimmungsrecht des "gemeinen Mannes", den er sich allerdings nicht als
1135 1658 3227 1757 den Proletarier amerikanischer Zukunftsstädte vorstellte, sondern als den
1135 1726 3211 1828 Farmer, der sein Land bebaut und dieses Stück Land sein eigen nennt. Die
1140 1812 3198 1904 Vision Thomas Jeffersons ist als der "amerikanische Traum" in das Bewußt¬
1135 1898 3211 1972 sein der Nation eingegangen, – als Legende der Freiheit, der gleichen Chance
1135 1974 3216 2055 für alle, – als Formeln, die heute auf den Fahnen der Reaktion stehen und
1122 2042 2605 2139 ihren Sinn verloren haben, weil Hamilton recht behielt.\:p\
1219 2126 3209 2231 \p\Aber was hat der Traum des gemeinen Mannes, des freien Mannes, den
1140 2215 3203 2314 Jefferson an der Westgrenze seiner virginischen Heimat gekannt und dem
1122 2296 3211 2403 er so Großes zugetraut hatte, mit den Zuständen im "alten Süden" gemeinsam,
1130 2387 3206 2474 der zwar ein Agrarland war, aber doch kein Bauernland? – Die Plantage
1135 2463 3211 2542 war seit der Kolonialzeit so etwas wie ein ländlicher Fabrikbetrieb, wo nur
1140 2539 3211 2628 Reis, nur Tabak, Zucker oder Baumwolle gepflanzt und geerntet wurde. Die
1130 2618 3209 2714 Produkte waren einzig für den Verkauf, für den Profit bestimmt, und es
1122 2701 3198 2790 mußte daher, ganz wie in der Industrie, auf der Plantage der Grundsatz
1122 2785 3185 2871 "möglichst viel und möglichst billig" in seinem vollen Umfange gelten. –
1122 2856 3203 2934 "Wir können es uns nicht leisten, unsern Fabrikarbeitern Löhne von zwei
1122 2931 3211 3015 Dollar täglich zu bezahlen, wenn der Pflanzer im Süden für den Unterhalt
1122 3012 3211 3099 eines Sklaven nur zehn Cent im Tag ausgibt", erklärten republikanische
1122 3070 3211 3180 Redner im Norden, noch vor dem Bürgerkrieg. Das Argument war schwach,
1135 3172 3216 3256 denn Tageslöhne von zwei Dollar waren damals in den Fabriken des Nordens
1122 3245 3203 3329 ungewöhnlich hoch, während im Süden seit dem offiziellen Verbot des Sklaven¬
1111 3324 3203 3407 handels 1500 bis 2500 Dollar für einen Negersklaven bezahlt werden
1130 3402 3206 3488 mußten. Obwohl also die unentbehrliche Arbeitskraft der Sklaven für die
1130 3483 3198 3567 Plantage bereits eine schwere Belastung geworden war, erklärten die Pflanzer,
1117 3572 3193 3643 nachdem sie den Krieg verloren hatten, die Emanzipation der Neger ruiniere
1122 3640 3216 3724 das Plantagensystem, ihnen habe man ihr "Betriebskapital" geraubt und
1122 3713 3198 3818 den Negern habe man gerade genug Freiheit gegeben, damit sie freiwillig
1122 3787 1684 3904 verhungern könnten.\:p\
1211 3870 3203 3975 \p\Es ist undenkbar, daß sich die kultivierten und, wie sich zeigen sollte,
1111 3962 3206 4048 auch geschäftlich recht versierten Pflanzeraristokraten der grausamen lronie
1117 4048 3206 4119 solcher Ansprüche nicht bewußt gewesen seien. Man ließ dem ehemaligen
1111 4119 3206 4205 Sklaven nicht einmal die Wahl, "freiwillig zu verhungern". Freiheit ohne
1130 4194 3198 4286 Rechte ist bekanntlich keinen roten Heller wert, und die ehemaligen Sklaven,
1117 4270 3198 4359 wie auch ihre Schicksalsgenossen, die "armen Weißen", die bald nach dem
1111 4351 3203 4440 Bürgerkrieg in den Reihen des Baumwollproletariats auftauchten, haben nie
1117 4419 3201 4513 die Möglichkeit erhalten, im praktischen, im akuten Fall die Hilfe des Rechts
1117 4508 3198 4589 zu beanspruchen, auf das sie sich theoretisch als freie Bürger eines demokra¬
1117 4584 1966 4678 tischen Staates berufen durften.\:p\
1224 4665 3203 4757 \p\Man kann ohne Übertreibung sagen, daß die politische Führung der Süd¬
1111 4751 3209 4843 staaten ihre Anstrengungen während der letzten siebzig Jahre ausschließlich\fml\\:p\
326 594 2522 690 \fml\\p\darauf verwendet hat, ein politisch-soziales und ökonomisches System zu
318 682 2520 745 errichten, das die unbedingte Vorherrschaft der weißen Rasse, oder vielmehr
326 742 2514 835 einer weißen Oberschicht, garantieren sollte. Dies, glaubte man, sei das einzige
331 824 2511 917 Mittel, um die besondere Zivilisation des Südens zu retten – die "Baumwoll-
318 901 2511 997 Zivilisation" also, deren Dekadenz so weit fortgeschritten ist, daß die ernstesten
326 991 2506 1085 Zweifel darüber bestehen, ob man den unterprivilegierten, schlecht ernährten,
326 1076 2517 1178 unwissenden und verseuchten "gemeinen Mann" im Süden jemals wird
331 1156 959 1260 rehabilitieren können!\:p\
419 1257 2525 1342 \p\Aber die Haltung der Besiegten war zunächst verständlich, denn die Jahre
331 1337 2511 1421 des Schreckens und der panischen Verwirrung, die dem Friedensschluß von
331 1408 2520 1506 1865 folgten und, ironisch genug, die "Jahre des Aufbaus" genannt werden,
331 1506 2520 1588 zeigten den Norden als einen unbrüderlichen und erbarmungslosen Sieger.
331 1583 2511 1679 Das Mißtrauen der südlichen Bevölkerung gegen den "Yankee", den Fremden,
337 1668 2517 1772 den Ausländer, erwies sich als berechtigt. Politische Agenten, geldgierige
337 1753 2525 1846 Politiker aus dem Norden, durchweg der Republikanischen Partei angehörig,
337 1835 2517 1928 überschwemmten die Südstaaten, gründeten Parteien, kauften die Stimmen
337 1917 2506 2018 der ungebildeten Schwarzen und des weißen Proletariats, um ihre Kandidaten
331 2010 2506 2114 wählen zu lassen. Wir finden zuverlässige Angaben darüber, daß die Staats¬
331 2095 2520 2169 steuern von Louisiana – um nur ein Beispiel zu nennen – in vier Jahren
331 2164 2520 2257 "republikanischen Regimes" um 400 Prozent stiegen, die Staatsschuld von
331 2246 2511 2347 14 Millionen Dollar auf schätzungsweise zwischen 24 und 50 Millionen Dollar
342 2325 2522 2429 anwuchs. Und diese für damalige Zeit enormen Summen kamen nicht etwa
337 2407 2517 2514 dem Staate und der Bevölkerung von Louisiana zugute, sondern verschwanden
331 2514 2506 2594 auf rätselhafte Weise – nämlich in den Taschen jener politischen Gangster.\:p\
427 2580 2520 2692 \p\Kein Wunder also, daß der Süden seither eisern demokratisch blieb, mit
331 2673 2511 2763 Ausnahme natürlich der Neger, die heute noch meistens Republikaner sind.
331 2755 2506 2848 Aber ihre Wahlstimmen zählen nicht mehr, denn der Vandalismus der "Auf¬
331 2832 2520 2933 bauperiode" sollte nicht lange dauern; die südlichen Pflanzeraristokraten
331 2925 2522 3007 erholten sich schnell vom ersten Schrecken der entwürdigenden Niederlage
414 3002 2520 3087 das Verteidigungssystem, das sie erfanden, hat sich seither nur allzusehr
331 3078 2520 3177 bewährt. Seither war es immer der Süden, der eintrat für die Rechte der
331 3166 2522 3270 Einzelstaaten gegenüber der zentralen Bundesregierung. Die Rechte der
337 3251 2506 3347 Staaten – das hieß Gesetzgebung und Handhabung des Gesetzes, Recht¬
337 3333 2517 3432 sprechung, Polizei. Und nirgends ist die Zusammenarbeit und das offene oder
331 3418 2522 3506 heimliche Einverständnis dieser Mächte mit den Interessen der herrschenden
331 3495 2520 3601 Klasse so wirkungs- und unheilvoll geworden wie im "Königreich Baum¬
331 3585 548 3703 wolle".\:p\
444 3659 2522 3779 \p\Der Ersatz, den man für die Einrichtung der Sklaverei fand, hieß
331 3769 2520 3875 "Sharecropping" und war ein Pachtsystem auf der Basis der Ernteteilung,
342 3848 2531 3944 welches erlaubte, das farbige und weiße Baumwollproletariat in einer neuen,
337 3930 2528 4023 aber keineswegs milden Form von Abhängigkeit zu halten. Der Pflanzer, der\fml\\:p\
1172 1460 3338 1535 \fml\\p\aus dem Krieg zurückkehrte, fand verwüstete Felder vor, sein "Betriebskapital"
1191 1530 3335 1614 war ihm geraubt worden, seine Maultiere waren gestohlen oder getötet. Das
1191 1611 3321 1700 Angebot, das er seinen ehemaligen Sklaven machte, war eine Erfindung der
1196 1686 3321 1786 Not. Er verpachtete ihnen ein Stück Land, lieh ihnen eine Hütte, Arbeits¬
1196 1772 3321 1864 gerät, ein Maultier, und beanspruchte dafür die Abtretung einer Hälfte der
1196 1861 3316 1950 Baumwollernte. Weil aber die "Sharecropper" bis zur Abrechnung nach der
1185 1923 3329 2015 Erntezeit von irgend etwas leben mußten, erhielten sie vom "Landlord" den
1201 2010 3316 2090 nötigen Vorschuß in Form von Kredit im Plantagenladen. Das Sharecropping¬
1185 2093 3324 2174 system scheint zunächst weder unvernünftig, noch stellt es ungerechte und
1196 2182 3316 2265 exzessive Forderungen an der[sic] Partner, der nichts zu bieten hat als seine Arbeits¬
1196 2244 3316 2352 kraft. Erst die Art und Weise, wie es gehandhabt wurde, hat dieses Plan¬
1191 2325 3316 2438 tagensystem zu einem sozialen Übel gemacht, das alle Faktoren der Degene¬
1193 2416 1700 2532 ration begünstigte.\:p\
1285 2505 3321 2608 \p\Der Neger ist faul, unzuverlässig, unselbständig: es ist also nur vernünftig,
1191 2594 3316 2691 wenn – wie früher auf der Sklavenplantage – ein Aufseher mit Peitsche
1196 2675 3316 2756 und Revolver über die Felder reitet und nach dem Rechten sieht. Der Neger
1196 2753 3329 2855 ist ungebildet, er kann weder lesen noch rechnen noch mit Geld umgehen.
1196 2837 3316 2931 Es ist daher gewiß verständlich, daß der Aufseher des Landherrn zur Ernte¬
1191 2915 3329 2998 zeit die Baumwollwaage bedient, daß der Buchhalter des Landherrn die Kontos
1191 3009 3316 3084 der Pächter führt, und daß man ihnen kein bares Geld in die Hand gibt.
1201 3079 3329 3162 Übrigens haben sie fast immer ihren Kredit im Laden überschritten, wo die
1201 3152 3316 3235 Waren zehn bis fünfundzwanzig Prozent teurer sind als in gewöhnlichen
1191 3238 3281 3329 Geschäften, weil der Landherr schließlich etwas daran verdienen muß, –
1196 3324 3329 3418 sie haben auch ihr Maultier nicht abbezahlt oder die Doktorrechnung. Wie
1196 3418 3329 3507 dem auch sei – die Sharecropper sind fast immer verschuldet, und sie bleiben
1191 3486 3329 3572 es, von Ernte zu Ernte, von Jahr zu Jahr, von Generation zu Generation.
1191 3561 3329 3658 Sie essen Maisbrot, Molasse und manchmal einen Klumpen weißes Fett
1201 3650 3321 3734 ("Sawbelly") vom Schweinebauch. Diese Ernährung ist nicht ausreichend und
1185 3720 3329 3814 auch nicht besonders gesund – schon die Kinder der Sharecropper haben die
1191 3801 3316 3895 Pellagra –, aber im Plantagensystem, im System der "Profiternte" muß das
1201 3884 3321 3981 Land gehörig ausgenützt werden, und man kann den Pächtern den Luxus
1196 3965 3335 4054 nicht gestatten, ein Stückchen dieses kostbaren Bodens etwa mit Gemüse zu
1201 4043 3335 4146 bepflanzen. Die Neger sind, glücklicherweise für sie und für den "Landlord",
1209 4135 3329 4213 genügsam, kindlich und anhänglich. Die Kinder, die mit sechs oder acht Jahren
1196 4216 3329 4286 ihre langen Säcke durch die blühenden Felder schleppen und schon recht flinke
1191 4286 3335 4375 und geschickte Pflücker abgeben, wachsen ohne viel Schulbildung auf, sie
1191 4356 3335 4472 übernehmen eines Tages das Maultier, die Hütte, das Feld und die Schulden
1196 4455 2352 4569 des Vaters und bleiben der Plantage treu.\:p\
1290 4552 3321 4639 \p\Nichts, als ob es nicht zuweilen Revolten gäbe – Revolten einzelner Neger,
1191 4641 3329 4717 denen ein weißer Mann die Geliebte weggenommen hat, oder der in einem
1201 4719 3335 4825 Neger-College lesen und rechnen lernte und nun die Skala der Waage oder\fml\\:p\
295 646 2448 734 \fml\\p\sein Konto beim Buchhalter zu sehen verlangt – oder größere Revolten,
313 723 2446 804 eigentliche Plantagenaufstände gegen die "reitenden Aufseher", die Buch¬
308 798 2456 903 halter, die Ladeninhaber – gegen die gefürchtete und ohnmächtig gehaßte
319 881 2451 975 Clique der weißen Bedrücker. Gegen solche Ausbrüche primitiver afrikanischer
313 964 2454 1047 Instinkte hat man sich vorgesehen: es gibt die nächtlichen Rächer des Ku-Klux-
308 1045 2448 1155 Klan, es gibt den Sheriff, die Polizei, die Gefängnisse für Kettensträflinge
332 1130 2446 1240 – und es gibt die Lynchjustiz. Terror sucht die Hütten der Schwarzen heim,
308 1235 1808 1318 und Ruhe und Ordnung sind bald wieder hergestellt.\:p\
421 1307 2454 1406 \p\Der Weiße, der mit so grausamen Methoden den Neger in Abhängigkeit
319 1390 2459 1476 und Schrecken erhält, fürchtet offenbar die andere Rasse mehr, als er sie
308 1473 2456 1551 verachtet. Er beruft sich auf die wirtschaftliche Untüchtigkeit des Negers und
313 1548 2467 1639 auf seine moralischen Defekte, um die unwürdigen Verteidigungswaffen zu
319 1639 2446 1717 rechtfertigen, derer er sich bedient. Er führt auch an, daß es in einigen Gegen¬
313 1714 2456 1792 den Alabamas bis zu 80 Prozent Neger gibt, daß die Bevölkerung des Staates
324 1792 2440 1883 Mississippi aus 50,2 Prozent Negern und nur 49,8 Prozend Weißen besteht,
313 1872 2456 1972 daß der Anteil der Neger an der Bevölkerung der Staaten Alamba, Georgia,
308 1955 2456 2052 Arkansas, Florida, Nord- und Südkarolina schwankt zwischen 25 Prozent
319 2041 2464 2140 und mindestens 37 Prozent. Aber, wenn es sich um die Verteidigung und
308 2122 2456 2207 den Anspruch einer höheren Rasse handelt – nicht um einen Klassenkampf
313 2210 2446 2296 also –, wie ist es dann zu erklären, daß die große Zahl der weißen Share¬
324 2277 2456 2363 cropper auf den Plantagen unter den gleichen Bedingungen leben muß wie
319 2355 2459 2448 die Neger, in der gleichen Abhängigkeit, in der gleichen Armut? – Selbst
308 2448 2456 2539 wenn man das amerikanische Argument der "Rassendifferenzen" in seinem
324 2513 2464 2593 engsten Sinne gelten ließe und einen Unterschied machen wollte zwischen
313 2590 2454 2700 dem alten, angelsächsischen Stock und der bunten Mischung der neueren Ein¬
324 2673 2456 2751 wanderer: – die weißen Sharecropper im Süden sind weder Italiener noch
319 2754 2451 2839 Polen oder Ungarn, sie sind mindestens ebenso reinblütige Angelsachsen wie
332 2837 2459 2917 ihre Herren. Und doch sprechen diese von ihnen noch verächtlicher, mit noch
324 2912 2451 3024 weniger Nachsicht als von den "Niggers" und haben für sie die beiden tief
319 3000 2464 3099 entwürdigenden Namen "arme Weiße" und "weißer Abschaum" erfunden ...\:p\
426 3097 2459 3182 \p\Vor einigen Jahren gründete eine Handvoll mutiger Männer und Frauen
319 3180 2459 3268 dieser entrechteten Klasse eine Art von ländlicher Gewerkschaft, die sich die
324 3263 2464 3343 "Union der Farmpächter des Südens" (Southern Tenant Farmers Union) nennt.
332 3338 2464 3448 Nicht so ganz abgestumpft und resigniert wie die meisten ihrer Schicksals¬
324 3415 2467 3531 genossen, waren sie offenbar noch imstande, den revolutionären Hauch zu
324 3506 2459 3606 spüren, der seit der großen Wirtschaftskrise über den Baumwollfeldern der
319 3581 2459 3667 Plantagen weht. Weiße und Farbige gehören dieser Union an, und es ist ihr
321 3659 2440 3742 erstes Ziel, die beiden Rassen miteinander zu versöhnen, sie davon zu über¬
319 3745 2459 3839 zeugen, daß ihre traditionelle Feindschaft nur dazu dient, die Macht des
332 3841 2464 3916 "Landlords", des gemeinsamen Ausbeuters und Bedrückers, zu stärken. Die
324 3900 2456 3997 Erfolge der kleinen Organisation waren gering, der traditionelle Haß sitzt tief,\fml\\:p\
1219 1446 3397 1544 \fml\\p\Brotneid unterstützt ihn – und den Farbigen zu verachten, ist fast das einzige
1232 1536 3389 1631 Privileg, das dem "armen Weissen" verblieben ist. Und wie sollten die in
1232 1625 3397 1704 einsamen Hütten isolierten Sharecropper sich erfolgreich wehren gegen die
1232 1704 3389 1796 wohlorganisierten Kräfte der Pflanzer, gegen die Richter, die Urteile, die
1235 1769 1465 1883 Polizei? \:p\
1322 1866 3378 1964 \p\Konservative Kreise führen gegen die "armen Weißen" die gleichen Argu¬
1227 1961 3383 2053 mente an wie gegen die Neger – "diesen Leuten ist nicht zu helfen", hört
1214 2051 3378 2132 man –, "sie sind unselbständig, sie können mit Bargeld nicht umgehen, sie
1227 2132 3383 2237 kennen keine Moralbegriffe, sie sind degeneriert und verseucht mit Pellagra
1232 2216 3375 2297 und Malaria. Mit Bildung verdirbt man sie nur. Sie sind am glücklichsten,
1232 2294 3378 2384 wenn man sie da läßt, wo sie hingehören." – Warum sind sie unselbständig?
1238 2376 3375 2473 Warum haben sie nicht gelernt, mit Bargeld umzugehen? Warum sind sie
1227 2462 3394 2554 degeneriert und verseucht? – Die Schamlosigkeit solcher Argumente liegt auf
1219 2535 1528 2644 der Hand.\:p\
1327 2625 3383 2725 \p\Aber während noch vor wenigen Jahren die Zustände, wie sie durch das
1219 2714 3364 2823 Plantagensystem geschaffen wurden, unabänderlich schienen, weil die Baum¬
1232 2801 3375 2893 wolle das Land ökonomisch beherrschte und nur mit Hilfe dieses Systems auf
1214 2879 3383 2966 lohnende Weise gewonnen werden konnte, ist heute die Entthronung des
1227 2958 3383 3053 "Königs Baumwolle" bereits Tatsache geworden. Die Regierung hat seit den
1214 3045 3378 3134 ersten Dringlichkeitsmaßnahmen der Ära Roosevelt, seit den Programmen
1227 3126 3391 3221 "NRA" und "AAA", nicht aufgehört, sich mit dem Problem des Südens zu
1214 3207 3370 3291 befassen. Seit dem Tiefpunkt der Wirtschaftskrise, als die Baumwolle noch
1232 3288 3370 3383 fünf und sechs Cent das Pfund eintrug, ein Teil der Ernte vernichtet, ein Teil
1219 3372 3383 3451 der schon bestellten Felder umgepflügt werden mußte, haben sich wohl die
1214 3448 3378 3535 Baumwollpreise erholt, aber es zeigte sich immer deutlicher, daß die Krise im
1219 3527 3383 3627 Süden keine vorübergehende und limitierte war. Die Seuche des "Bollweevil",
1214 3608 3378 3697 die viele Plantagen ruinierte, wurde wie ein Fingerzeig Gottes empfunden, man
1214 3697 3370 3776 errichtete ihr in einer Landstadt in Georgia ein Denkmal. Intelligente Pflanzer
1219 3773 3375 3863 begannen die Baumwolle durch Pecan- und Erdnüsse, Pfirsiche, Fichtenholz zu
1227 3865 3378 3944 ersetzen. Die landwirtschaftlichen Unterstützungsbehörden siedelten verschuldete
1214 3939 3383 4050 Sharecropper auf gutem Land an, gaben ihnen Darlehen und lehrten sie, das
1214 4022 3353 4125 Land nach einem kollektiven Plan zu bebauen. Statt Baumwolle für den Ver¬
1214 4098 3383 4190 kauf wurden Gemüse und Obst, Kartoffeln und Getreide für den eigenen
1214 4169 3370 4264 Bedarf angepflanzt. Der Erfolg solcher Siedlungen, etwa der "Pine Mountain
1227 4261 3364 4353 Valley Community" im Staate Georgia, beweist, daß die "hoffnungslos de¬
1214 4350 3364 4434 generierten" Sharecropper zu verantwortlichen und selbständigen Bauern ge¬
1214 4450 3378 4529 macht werden können, wenn man ihnen nur die Gelegenheit dazu gibt. Eine
1219 4513 3375 4610 ausgezeichnete Studie über die Zustände in zwei Landschaften des Staates
1219 4586 3364 4697 Georgia, Green und Macon County, trägt den Titel "Preface to Peasantry",
1214 4678 3383 4762 was, frei übersetzt, etwa "Übergang zum Bauerntum" heißen könnte. Dieser
1227 4751 3383 4851 Titel drückt aus, was die amerikanische Regierung als Lösung des Landproblems\fml\\:p\
300 604 2475 705 \fml\\p\im Süden voraussieht: die Rückkehr zum Ideal Thomas Jeffersons, zum ameri¬
300 688 798 803 kanischen Traum.\:p\
407 773 2475 877 \p\Aber inzwischen vollzieht sich in den Südstaaten ein anderer Vorgang von
306 882 2480 956 noch nicht abzusehender Bedeutung, der schon einmal den Traum des gemeinen
295 956 2477 1057 Mannes zerstört, seine Freiheit imaginär gemacht, die demokratischen Ideale
306 1041 2469 1128 ad absurdum geführt hat: der Einbruch der Industrie. Während der hoch¬
300 1103 2488 1218 industrialisierte Norden längst in die Phase des Klassenkampfs eingetreten ist
295 1215 2477 1289 und sich heute mit einer mächtig anwachsenden Arbeiterbewegung auseinander¬
295 1289 2477 1382 zusetzen hat, herrschen in den Südstaaten jene Zustände vor, die einem seiner
306 1363 2480 1461 sozialen Verantwortung noch nicht bewußten Unternehmertum wünschenswert
306 1467 2480 1546 erscheinen. Ein ländliches Proletariat, gespalten und geschwächt durch den
306 1540 2480 1614 Gegensatz zweier Rassen, bietet Reserven an billiger Arbeitskraft, die um so
306 1625 2475 1712 leichter auszubeuten sind, als es diesem ungebildeten und an wirtschaftliche
306 1704 2475 1778 Abhängigkeit und soziale Unterdrückung gewohnten Proletariat an Klassen¬
314 1775 2475 1887 gefühl, Solidarität und Organisation gebricht. Mit dem Niedergang der Baum¬
300 1857 2483 1928 wolle setzte in den zwanziger Jahren eine "Exodus"-Bewegung der Baumwoll¬
314 1942 2475 2038 pächter und -pflücker ein – aber während der klassische amerikanische Pionier
295 2038 2477 2130 einst auszog, um etwas zu erobern, verließen diese Leute ihre Felder, um vor
300 2122 2496 2190 etwas zu fliehen. Hunger und Elend trieb sie auf die Landstraße, wo sie das
306 2193 2480 2281 Heer der amerikanischen "Wanderarbeiter" vergrößern – in die Städte, wo
314 2259 2488 2346 sie die Zahl der Arbeitslosen vermehren. Die Südstaaten sind arm, sie brauchen
314 2343 2488 2444 Kapital, und sie bieten dem Unternehmer aus dem Norden, der sein Geld
300 2442 2483 2521 investieren und Fabriken bauen will, alle erdenklichen Erleichterungen von
314 2510 2488 2614 freien Grundstücken und niedrigen Steuern bis zum Schutz der Obrigkeit. Nicht,
314 2611 2488 2704 als ob es im Süden vorher keinerlei Industrien gegeben hätte: Die Umgebung
306 2696 2488 2780 von Charlotte im Staate North Carolina ist eines der dichtesten Textilgebiete
306 2778 2480 2846 der Vereinigten Staaten; in Tennessee gibt es alte Kohlengruben; Columbus,
314 2843 2483 2925 Georgia Baumwollspinnereien, die schon vor dem Bürgerkrieg entstanden sind;
314 2925 2488 3018 der Stahlstadt Birmingham wurde von ihren Gründern vorausgesagt, daß sie
314 3010 2496 3097 Pittsburgh in Schatten stellen und Alabama zum industriellen Zentrum des
314 3086 2475 3174 Erdballs machen würden. Aber obwohl Kohle und Roherz im Überfluß vor¬
306 3171 2494 3258 handen waren und Birmingham in den 69 Jahren seines Bestehens zu einer
314 3250 2488 3359 Industriestadt von einer Viertelmillion Einwohnern angewachsen ist, haben
306 3332 2488 3439 sich die Prophezeiungen nicht erfüllt: Birmingham, "city of perpetual promise",
306 3406 2494 3501 ist heute eine der ärmsten Städte Amerikas. Wie sollen seine potentiellen
311 3499 2488 3586 Reichtümer greifbar und sichtbar werden, wenn die große Mehrzahl derer,
314 3589 2313 3698 die an ihrer Erzeugung beteiligt sind, in bitterer Armut leben müssen?\:p\
421 3684 2494 3783 \p\Ähnlich steht es überall, wo im Süden Fabrikschlote rauchen und wo in
320 3775 2480 3873 düsteren und elenden Arbeitersiedlungen Männer, Frauen und Kinder unter
325 3867 2494 3941 dem Druck eines Systems zu leben gezwungen sind, das dem Plantagensystem
325 3936 2480 4048 überraschend gleicht. Grund und Boden im "Fabrikdorf" gehören der Gesell¬\fml\\:p\
1214 1436 3370 1536 \fml\\p\schaft, ihr gehört das Haus, das der Arbeiter bewohnt, der Laden, wo er ein¬
1214 1528 3383 1625 kauft, Wasser, Holz und Elektrizität, die er verbraucht, – ihre Privatpolizei
1214 1614 3370 1712 hält die Ordnung im Fabrikdorf aufrecht. Diese Ordnunng kann ein wenig
1232 1698 3375 1801 besser oder schlechter sein, strenger oder lockerer gehandhabt werden – doch
1219 1774 3370 1885 ändern solche Unterschiede nichts an der Tatsache, daß die Gesellschaft über
1219 1864 3378 1961 Leben und Eigentum ihrer Arbeiter verfügt. Eine amerikanische Wochenzeitung
1227 1942 3378 2048 berichtete vor einigen Monaten in sensationeller Aufmachung über die leeren
1227 2029 3367 2105 Lohnkuverte von Arbeitern, die von Woche zu Woche und manchmal jahre¬
1203 2107 3375 2218 lang an die Gesellschaft verschuldet blieben, keinen Barlohn erhielten und ein
1219 2186 3375 2297 Dasein praktischer Sklaverei führten wie der Sharecropper auf der Plantage.\:p\
1316 2281 3364 2370 \p\Es wird von diesen Tatsachen, die doch dem amerikanischen Ideal auf das
1216 2357 3367 2451 krasseste widersprechen, nicht viel Aufsehens gemacht – die romantisch-
1214 2441 3364 2519 mitleidige Popularisierung, die der arme Sharecropper eines in langsamer Auf¬
1219 2519 3375 2611 lösung begriffenen Plantagensystems erfahren hat, darf dem Industriearbeiter
1219 2619 3370 2695 nicht gegönnt werden, weil seine billige Arbeitskraft noch oder gerade jetzt
1214 2703 3364 2776 nützlich ist. Dank einer tief eingewurzelten Sklavenpsychologie heißen die kon¬
1219 2776 3370 2852 servativen Demokraten die Zustände im Fabrikdorf gut; dank dieser Psychologie
1227 2858 3364 2947 war es möglich, im Süden ein System wirtschaftlicher Ausbeutung und sozialer
1214 2917 3378 3023 Unterdrückung aufrechtzuerhalten. Und eben dieses System übt heute so große
1227 3007 3364 3093 Anziehung aus auf das Kapital des Nordens – des Nordens, der einmal einen
1227 3085 3370 3183 Krieg gewann im Namen eines hohen humanen Zieles, der Sklavenbefreiung!\:p\
1297 3194 3367 3275 \p\Es mag einige altmodische südliche Aristokraten geben, welche die bittere
1219 3272 3370 3359 lronie dieses Vorgangs empfinden – und es gibt viele, die darin eine neue
1219 3356 3364 3443 Phase der traditionellen Ausbeutung des Südens durch den kapitalkräftigen
1214 3432 3364 3521 Yankee betrachten. Henry Ford besitzt eine Fabrik in Memphis, Tennessee.
1227 3513 3370 3611 Die Goodyear-Gesellschaft hat ihre Autoreifenwerke nach Gadsden, Alabama,
1205 3595 3359 3684 verlegt. Über ein Dutzend neuer Papiermühlen und mehrere Kunstseiden¬
1203 3676 3353 3773 fabriken wurden während der letzten Jahre in den Südstaaten in Betrieb ge¬
1203 3765 3370 3860 nommen – finanziert mit Kapital aus dem Norden. Neue Webereien und
1208 3836 3364 3939 Spinnereien machen den alten "Baumwollmühlen" Konkurrenz – um ihr
1219 3922 3364 4028 gewachsen zu sein, muß man mehr und billiger produzieren, man muß sparen
1203 4004 3353 4079 an neuen Einrichtungen in den Fabriksälen, an Verbesserungen in den Arbeiter¬
1219 4077 2844 4185 siedlungen – sparen vor allem an Löhnen und "Händen".\:p\
1297 4169 3375 4261 \p\In den Zeitraum weniger Jahre gedrängt, wiederholt sich im amerikanischen
1208 4264 3353 4350 Süden der dramatische Vorgang der Industrialisierung. Was aber in England,
1203 4339 3370 4434 Frankreich, im Nordosten der Vereinigten Staaten ein Jahrhundert stetiger
1208 4421 3345 4510 Entwicklung beansprucht hat, geschieht hier mit der Plötzlichkeit einer Ex¬
1227 4502 3370 4594 plosion. Der jungen Arbeiterbewegung des Südens steht von der Stunde ihrer
1214 4589 3364 4670 Geburt an die Erfahrung, Theorie und taktische Kenntnis zur Verfügung, die
1214 4667 3364 4759 während des 19. und 20. Jahrhunderts in zähen Kämpfen an anderer Stelle
1203 4743 2121 4862 gesammelt und erworben wurde.\:p\
407 662 2553 795 \p\Die Textilindustrie Neu-Englands beklagt sich heute über die unlautere
294 783 2553 865 Konkurrenz der Unternehmer, die ihr Kapital im Süden investieren und die
300 860 2545 947 billige Arbeitskraft in jenen Staaten ausbeuten können, ohne von den Gewerk¬
294 944 2567 1055 schaften belästigt, von Streiks bedroht zu werden. Die Politiker der Südstaaten
305 1043 2550 1131 haben die Wage-Hour-Bill abgelehnt, weil durch dieses Gesetz die Lohnskalen
288 1125 2548 1205 ausgeglichen worden wären und der Süden sein fragwürdiges Privileg der
294 1205 2542 1292 niedrigen Löhne eingebüßt hätte. Daß es fragwürdig ist, hat sich bereits her¬
294 1303 2553 1369 ausgestellt: in einigen Staaten erwacht die Erkenntnis, daß nicht nur ihre
294 1385 2553 1453 Arbeiterklasse ausgebeutet werde, daß vielmehr diese Ausbeutung das ganze
314 1453 2559 1547 Land teuer zu stehen komme und ihm einen äußerst niedrigen Lebensstandard
300 1530 2548 1634 aufzwinge – daß eine arme Bevölkerung den Staat nicht reich mache – daß
314 1631 2553 1722 die Mädchen, die man mit vierzehn Jahren in die Fabriken schickt, die Mütter
314 1719 2451 1801 einer geschwächten und unterprivilegierten Generation werden müssen. –
305 1787 2542 1897 Aber mit dem Kapital aus dem Norden kommen die ersten Gewerkschafts¬
297 1897 2545 1979 organisatoren. Wo sich in neuen Industriezentren ein Arbeiterproletariat an¬
314 1971 2548 2047 sammelt, ist die Gelegenheit da, diese Massen zu erziehen und zu politisieren,
305 2041 2553 2140 in ihnen ein gemeinsames Klassenbewußtsein zu wecken – sie zu organisieren.
303 2123 2542 2234 Und schon wurde diese wirksamste Waffe der Arbeiterbewegung, die Gewerk¬
314 2214 1682 2347 schaft, verwendet, um den Kampf zu eröffnen.\:p\
402 2319 2548 2409 \p\Die "Union der Farmpächter des Südens", vor wenigen Jahren noch eine
294 2423 2548 2505 grausam verfolgte, machtlose, verlorene Schar, hat sich im Herbst 1937 dem
305 2505 2536 2590 "Comité für Industrie-Organisation" angeschlossen – und dieses wenig be¬
314 2598 2545 2675 achtete Ereignis hatte symptomatische Bedeutung. Der Ku-Klux-Klan, Geheim¬
305 2675 2553 2762 bund fanatischen Rassenhasses, verantwortlich für unzählige Lynchmorde an
325 2754 2528 2856 wehrlosen, terrorisierten Schwarzen, hat in dem "CIO" (Comité für Industrie-
303 2844 2553 2932 Organisation) einen neuen, würdigeren Gegner gefunden. Der Präsident des
305 2941 2542 3017 "CIO" und der mächtigste Arbeiterführer Amerikas, John L. Lewis, hat un¬
305 3000 2542 3088 mittelbar nach dem gigantischen Streik in der Automobilindustrie eine Kam¬
305 3122 2553 3201 pagne in den Textilzentren des Südens durchgeführt. Die Industrialisierung,
305 3187 2553 3257 die als ungeheuerliches Glücksspiel der Ausbeutung begann, hat heute den
314 3260 2536 3348 Süden zum aktuellsten Kampffeld der amerikanischen Arbeiterbewegung ge¬
305 3348 2553 3435 macht. Der Kampf wird mit brutalen Mitteln geführt. Die Fälle von Gewalt,
325 3438 2556 3523 Einschüchterung, Provokation, Bestechung häufen sich in den Archiven des
320 3509 2559 3605 Arbeitsschiedsgerichts in Washington. Die Befürchtung ist nicht unbegründet,
314 3608 2559 3679 daß in jenem rückständigen und mißbrauchten Land die Impulse primitiver und
314 3687 2559 3783 heftiger, die Gefühle erbitterter, die Ziele revolutionärer werden könnten als
305 3763 2553 3851 in andern Teilen der Vereinigten Staaten. Die Agrarökonomen geben die Hoff¬
305 3857 2553 3950 nung nicht auf, daß der Süden in ein Bauernland verwandelt werden könne,
325 3933 2565 4035 und bestehen darauf, daß der Boden, die Felder, die Weiden, die Wälder sein
325 4032 2573 4134 eigentlicher Zukunftsreichtum seien. Zweifellos haben die Veränderungen, die
314 4114 2553 4204 durch den Niedergang der Baumwolle und das Ende des Plantagensystems her¬\fml\\:p\
1189 1345 3377 1482 \fml\\p\vorgerufen wurden, ebenso tiefgreifende Wirkungen und nicht weniger revo¬
1189 1479 3391 1575 lutionären Charakter als die Vorgänge der Industrialisierung. Niemand kann
1197 1561 3388 1651 heute voraussehen, wohin diese zweifache Revolution führen wird, aber es
1197 1635 3377 1725 steht schon fest, daß sie die Stunde des "vergessenen Mannes" des Südens ist,
1189 1736 3382 1849 und daß sie, auf welchem Wege auch immer, enden muß mit seiner Rehabili¬
1183 1808 1421 1903 tierung.\:p\
