3851 5669
1876 2107 2326 2173 Weiter westwärts
1766 2178 2486 2224 \p\Unser Dampfer heißt "Manhattan"; er gehört den
1730 2209 2476 2260 "United States Lines". Am 4. Mai fuhren wir aus
1729 2252 2476 2291 dem Hafen von Genua aus, und viele Leute meinten,
1730 2291 2472 2328 dies sei das letzte Schiff, welches noch durch das Mit¬
1730 2319 2471 2360 telmeer und die Pforte von Gibraltar in den freien
1730 2357 2464 2399 Ozean hinausgelangen werde. Obwohl die Abfahrt sich
1730 2389 2464 2426 normal und ruhig vollzog und an jenem Tag die Zei¬
1730 2426 2455 2464 tungen und Radiomeldungen keinen Grund zu besonde¬
1730 2457 2471 2496 rer Aufregung gaben, hatten doch diese letzten Stun¬
1730 2488 2471 2528 den auf dem europäischen Festland einen ganz besonde¬
1730 2525 2486 2564 ren Charakter. Der größere Teil der Passagiere der
1730 2557 2467 2600 "Manhattan" waren Amerikaner, die einfach froh
1730 2586 2467 2628 waren, noch ein amerikanisches Schiff erreicht und zur
1730 2623 2472 2656 rechten Zeit eine Kabine belegt zu haben. Sie würden
1730 2654 2471 2693 nun zehn Tage lang ziemlich ungefährdet nach Westen
1730 2688 2467 2725 getragen werden, würden auf dem sauberen, windge¬
1730 2722 2486 2756 schützten Promenadendeck und in den bequemen Club¬
1730 2756 2471 2793 sesseln der Bar die Schiffszeitung lesen, und die jüng¬
1730 2791 2471 2827 sten, zweifellos mit unerhörter Schnelligkeit sich ab¬
1730 2822 2467 2859 spielenden Ereignisse in Europa zur Kenntnis nehmen,
1730 2854 2467 2890 auch dazu Stellung nehmen und manchmal fassungslos
1730 2887 2486 2922 die Köpfe schütteln; aber zu einer eigentlichen Panik
1730 2922 2472 2963 konnte es für sie nicht mehr kommen; Europa war
1730 2953 2486 2994 schon weit weg in Gedanken, dem amerikanischen Kon¬
1730 2988 2476 3022 tinent näherte man sich mit jeder Stunde, und der
1730 3016 2486 3061 Raum begann seine Macht auszuüben, die derjenigen
1730 3050 2433 3090 der zeitlichen Entfernung unbedingt verwandt ist.\:p\
1773 3085 2467 3143 \p\Was gleichzeitig irgendwo auf der Welt geschieht,
1730 3134 2469 3177 verliert seinen Schrecken und zählt nicht mehr ganz
1730 3174 2467 3204 als Wirklichkeit, wenn große Strecken und besonders
1730 3202 2467 3238 menschenleere Wasseroberflächen uns davon trennen.
1730 3236 2464 3269 Selbst die hie und da aufgeworfene Frage, ob Amerika
1730 3267 2471 3304 sich nicht eines nahen oder fernen Tages entschließen
1730 3306 2471 3340 müsse, an dem sich unerbittlich ausbreitenden Krieg
1730 3337 2471 3369 teilzunehmen, schien für die amerikanischen Passagiere
1730 3367 2486 3404 vorläufig nur von theoretischer Bedeutung. Denn die¬
1730 3399 2476 3440 ser Kontinent, in den sie nun zurückkehrten, war in
1730 3425 2472 3471 ihrer Vorstellung ein isolierter Erdteil, nie würde ihre
1730 3467 2476 3506 Geschäftsstraße, ihre Tankstelle und ihr Stammtisch von
1730 3498 2471 3537 feindlichen Bomben getroffen werden, nie ein Bohr¬
1730 3530 2486 3571 turm in Oklahoma, eine puritanische Kirche in Neu‐
1730 3564 2486 3601 England in Flammen aufgehen; dieser fürchterliche
1730 3601 2476 3640 und absurde Krieg drüben in Europa ließ sich noch
2505 669 3250 717 immer in Zahlen berechnen, seine unabsehbaren und
2505 717 3252 759 schrecklichen Zukunftsfolgen konnte man sich ausmalen
2505 745 3243 784 wie die Spekulationen eines großartig gemachten Zu¬
2505 779 3247 815 kunftsfilmes, ohne hierüber den beim Stewart bestell¬
2505 813 3247 863 ten Whisky oder die herannahende Lunchstunde zu
2505 842 2639 898 vergessen.\:p\
2540 869 3252 932 \p\Als deshalb in Genua die Landungsbrücken ein¬
2505 925 3252 966 gezogen wurden und die Schiffskapelle die üblichen
2505 961 3250 1004 herzerweichenden, im Grunde aber munteren Abschieds¬
2505 992 3252 1032 weisen spielte, war den Amerikanern die tiefe Be¬
2506 1026 3248 1066 friedigung anzusehen, die diese Vorgänge in ihnen aus¬
2510 1060 3247 1102 lösten. Sie lehnten sich vergnügt über die Reeling, als
2505 1092 3252 1134 gebe es unten an der schon im Schatten liegenden
2505 1127 3258 1160 Quaimauer etwas Unterhaltendes zu sehen, etwa einen
2505 1158 3252 1200 dressierten Affen. Es gab aber nichts zu sehen, kaum
2505 1192 3252 1231 ein paar Leute, die gewartet hatten, um nun ihren
2505 1217 3248 1262 Lieben an Bord des langsam in das abendliche Meer
2506 1256 3247 1297 hinausgleitenden Dampfers mit dem Taschentuch nach¬
2505 1292 3250 1331 zuwinken. Sie konnten schon nicht mehr miteinander
2506 1323 3260 1367 sprechen, die Menschen auf dem Schiff, und die, welche
2505 1357 3255 1406 unten auf dem Pflaster der Stadt Genua zurückblieben,
2505 1392 3080 1435 aber sie konnten sich noch lange erkennen.\:p\
2549 1425 3252 1477 \p\Ich selbst gab es bald auf, immer nach Genua hin¬
2506 1455 3255 1513 überzuspähen, nach dieser lauten Stadt; aber dieses
2506 1509 3260 1547 nun schon mit gelben Lichtern durch die Nacht schei¬
2505 1540 3258 1574 nende Häuser‐ und Gassengewirr war eben noch Fest¬
2506 1572 3255 1608 land, seine Küste war die Küste Europas, seine Hügel
2505 1603 3247 1649 hatten nach Norden zu sich fortsetzende Abhänge, führten
2506 1635 3255 1678 in Ebenen hinüber und bis an andere Gebirgsfüße,
2505 1674 3255 1706 und so konnte man von einer Straße in Genua aus
2505 1700 3255 1747 auf die Landstraße und Pässe gelangen, welche unsere
2513 1737 3255 1773 Länder miteinander verbinden, konnte zu jedem Wie¬
2505 1768 3255 1815 senweg, jedem Waldteich, jedem Dorf hinfinden; aber
2505 1805 3255 1846 man konnte auch unfehlbar bis auf die Schlachtfelder
2506 1842 3260 1875 geraten, zu den Festungsgürteln, Schützengräben, Bar¬
2505 1869 3255 1909 rikaden, den zerschossenen Städten, qualmenden Höfen,
2505 1900 3252 1941 den verlassenen, zerstampften Weiden, den gesprengten
2505 1936 3252 1973 Brücken. In der Nacht konnte man sich dies alles mit
2506 1971 3247 2010 furchtbarer Deutlichkeit vorstellen, und das Schiff, das
2505 2004 3255 2043 jetzt mit leise arbeitenden Maschinen davonzog und die
2505 2034 3255 2070 Küste hinter sich ließ, als sei sie nur ein Schattenstrei¬
2505 2070 3255 2105 fen, dieses Schiff mochte jede Richtung einschlagen,
2505 2100 3255 2141 irgendwo landen, es war wirklich gleichgültig; jetzt, da
2506 2134 3260 2168 man die dunkel heimgesuchte Insel Europa versinken
2505 2168 3258 2206 sah, war man doch im zeit‐ und uferlosen Weltraum
2505 2202 2912 2252 und fühlte sich wie verloren.\:p\
2545 2241 3252 2284 \p\Immerhin wußten wir, daß wir noch einmal an der
2506 2275 3252 2323 äußersten Spitze Spaniens, in Gibraltar, Halt machen
2513 2314 3255 2353 würden. Ich erinnerte mich daran, wie ich drei Monate
2505 2347 3255 2386 zuvor, von Indien kommend, aus dem Suez‐Kanal
2510 2384 3260 2421 herausgefahren war. Da herrschte auch schon der Krieg,
2505 2421 3258 2459 ich hatte Europa aber noch in Friedenszeiten verlassen
2513 2445 3255 2488 und konnte mich jetzt eines Gefühls der Furcht nicht
2505 2482 3255 2521 erwehren, als das Mittelmeer sich grau, von winter¬
2505 2511 3255 2549 lichem Regen gepeitscht, vor meinen Augen ausbreitete.
2510 2547 3255 2586 Der stille, blaue Suez‐Kanal zwischen den weißen Flä¬
2505 2581 3255 2618 chen der afrikanischen und ägyptischen Wüste war wie
2510 2613 3252 2652 eine zeitlose Straße gewesen, welche Welten voneinan¬
2513 2645 3260 2679 der schied, nicht sie miteinander verband. Ich wußte,
2505 2679 3252 2715 daß ich nun den Indischen Ozean und die weiten Län¬
2505 2708 3264 2747 der Asiens verlassen hatte, wo unsere Schicksale von
2505 2742 3253 2785 den gleichen Schicksalen bestimmt werden wie das der
2510 2773 3252 2820 Zugvögel. Und ich landete in Genua und kam in meine
2510 2817 3252 2844 Heimat zurück, wo inzwischen ganz andere, unbarm¬
2510 2844 3252 2883 herzige Gewalten am Werk waren. Aber wenn ich auch
2505 2873 3255 2919 bedrückt war, so zweifelte ich doch nicht daran, daß, was
2510 2910 3258 2949 auch über uns hereinbrechen würde, wir es gefaßt er¬
2505 2941 2741 2990 tragen würden.\:p\
2552 2968 3252 3031 \p\Heute aber war ich wieder in Genua, nur einer
2505 3014 3252 3065 Station, um wieder ein Schiff zu besteigen und die
2506 3056 3255 3090 Reise nach Westen fortzusetzen. Ja, einen Augenblick
2513 3084 3252 3131 lang glaubte ich, als wir nun auf das Meer hinaus
2506 3117 3252 3162 fuhren, ich sei damals, vor kaum drei Monaten, gar
2505 3157 3252 3194 nicht gelandet, sondern hätte nur einen Blick getan auf
2505 3184 3255 3223 die vorübergleitende und im Abend sanft entschwin¬
2505 3221 3252 3262 dende Küste. Lag es an mir? Konnte ich darüber be¬
2506 3250 3255 3306 stimmen, ob ich jemals wieder festen Boden betreten,
2505 3289 3252 3326 einen Baum und Wiesenpfad wieder erkennen, die ver¬
2510 3321 3252 3359 traute Schwelle überschreiten würde? – Oder würden
2505 3350 3252 3387 während meiner langen Abwesenheit, gleichsam über
2513 3386 3264 3427 Nacht, die letzten Lichter erlöschen? – Gab es nicht
2506 3418 3184 3457 auch Inseln, die im Meer versanken für immer?\:p\
2549 3459 3252 3503 \p\Wer die Wüstenstraße von Suez und den Felsen von
2505 3496 3252 3539 Gibraltar nicht gesehen hat und nie in langen mond¬
2505 3535 3255 3571 klaren Nächten den von leiser Brandung wie von Träu¬
2505 3567 3252 3606 men berührten Küsten Frankreichs und Griechenlands
2513 3601 3260 3647 entlang gefahren ist, wer nie den über weiße Wiesen\fml\\:p\
564 309 1327 355 \fml\\p\und schimmernden Gebirge gleitenden Flug des Ab¬
573 355 1327 394 schieds kannte, der wird vielleicht dieses Land, Europa,
564 386 1327 432 nicht mit einem einzigen Blick ermessen und umfassen
564 428 1310 457 können und wird nicht verstehen, daß man jenseits der
573 457 1312 491 Säulen des Herkules schon den Bahnen der Möwen
566 486 1310 534 und Zugvögel und unsteten Winde anheimfällt, wäh¬
569 522 1307 557 rend dort hinten, wohin der Blick nicht mehr reicht,
564 552 1305 595 schmetternde Fanfaren und Geschwader vergifteter
576 580 976 631 Pfeile die Sonne verdunkeln.\:p\
605 607 1327 675 \p\Wir lagen lange vor Gibralter. Es war bedeu¬
564 651 1310 699 tungslos, weil ja das Schiff keinen Hafen anlaufen,
569 692 1327 733 sondern weiter nach Westen fahren würde und kein
573 726 1327 768 Passagier das Festland erreichen durfte, es sei denn
566 760 1309 806 als Gefangener. Keiner war hier noch frei, seinen Weg
564 797 1319 840 zu wählen. Dieser steile, befestigte Felsen hätte auch
566 826 1329 865 ebenso gut eine Insel sein können. Die englischen Be¬
564 863 1305 897 amten und selbst die Soldaten und Matrosen, die auf
564 894 1310 930 unseren Dampfer kamen, sahen aus wie Menschen im
564 925 1327 967 Exil, ohne rechte Hoffnung, und diese Festung, dieser
564 960 1327 999 vielleicht verlorene Posten am Rand der Weltgeschichte,
564 998 1309 1037 stand weiß und geisterhaft beleuchtet im Meer und
564 1028 1307 1071 hatte nichts mehr gemein mit den gewellten Hügeln,
564 1057 1327 1095 den in der Ferne anhebenden Landschaften Spaniens.
573 1096 1310 1137 Man mußte den Blick vom ragenden Weiß abwenden,
1351 287 2094 355 mußte auch über die in der Bucht lautlos nebeneinan¬
1351 348 2082 386 der gescharten Dampfer hinwegschauen, welche die Fah¬
1349 379 2085 428 nen aller Staaten Europas trugen und doch aussahen,
1351 415 2094 455 als seien sie für immer gestrandet; dann erkannte man
1351 454 2094 491 ringsum die grünen Ufer und mußte sich sagen: dieses,
1351 481 2094 525 zur Linken, ist Afrika, und hier, oh greifbar nahe,
1351 503 2106 561 endet Europa, so ist es auf den Landkarten verzeichnet.\:p\
1385 549 2091 591 \p\Mehr noch als in Genua schienen alle Passagiere
1351 585 2106 627 erleichtert, als wir während der ersten Nachstunden
1351 619 2106 668 Gibraltar verließen. Nun hatte man die letzte Station,
1351 653 2085 690 die letzten Beamten, Kanonen und unberechenbaren
1351 687 2106 726 Bedrohungen hinter sich und konnte sich unbeschadet
1351 722 2085 760 den Radionachrichten aus Europa und dem traulichen
1351 755 2106 795 täglichen Leben und Treiben an Bord des Dampfers
1351 794 2089 836 "Manhatten" überlassen. Die Tümmler und Delphine
1351 823 2085 862 verließen uns. Ueber Gibraltar stieg ein Flieger auf;
1351 853 2085 891 er wurde von Scheinwerfern wie von wunderbar em¬
1351 887 2089 928 porsteigenden Fontänen begleitet und glitt ruhig und
1349 926 2106 967 silbern durch den nächtlichen Himmel. Während man
1351 953 2085 994 nun unaufhaltsam von der Küste hinweggetrieben
1351 991 2082 1025 wurde, fragte man sich, ob dieses letzte Bild wirklich
1351 1020 2082 1064 zu unserer von Menschen geschaffenen, von Krieg über¬
1351 1054 2067 1110 zogenen, schmerzlich geliebten Erde gehöre.\:p\ A. C.
