3683 5669
281 3773 711 3834 Baltisches Tagebuch.
478 3843 525 3873 V.
227 3869 756 3931 Suomi — Land zwischen Ost und West.
156 3920 881 3966 \p\Finnland heißt heute \g\Suomi\:g\ und die Handelshochschule
135 3961 881 3990 in \g\Helsinki\:g\ (nicht Helsingfors!) nennt sich Kauppakor¬
138 3990 882 4028 keakoulu. Ich bin solche Klänge und Absonderlichkeiten
135 4021 881 4064 schon aus Estland gewohnt und wundere mich über nichts.
129 4053 809 4091 Aber daß man mir an der finnisch-russischen Grenze –
138 4082 827 4113 es ist eine einsame Station in den großen Wäldern –
135 4108 872 4147 weder schweizerisches noch estnisches Geld, weder Rubel
138 4143 860 4176 noch irgendeine andere Währung abnehmen will und nur
135 4172 857 4211 amerikanische Dollar für gut befindet, die ich nicht besitze,
132 4201 881 4243 das ist, scheint mir, so antiquiert und eigensinnig-konser¬
135 4234 881 4273 vativ, wie sonst nur noch das Festhalten an der Gold¬
135 4256 881 4310 währung. Vergeblich versuche ich, diesen Standpunkt
135 4292 860 4341 dem freundlichen finnischen Beamten klar zu machen, der
135 4320 860 4354 hinter einem sauberen Schalterfensterchen sitzt, und eben
132 4351 857 4393 nur Finnisch versteht. Eindringlich und laut, so als liege
132 4380 851 4416 das ganze Mißverständnis an seiner Schwerhörigkeit
135 4410 881 4447 wiederhole ich ihm: „Ich komme aus Leningrad. Ich habe
138 4438 882 4492 hunger. Ich möchte für gutes, schweizerisches Geld ein
132 4475 881 4523 bißchen von Ihren guten Finnenkronen — oder heißt es
144 4500 881 4546 Finnenmark? — kaufen. Nur ein bißchen brauche ich, nur
135 4533 872 4573 so viel, um in Ihrem guten, sauberen, außerordentlich
132 4565 857 4596 sauberen Bahnhofbuffet, gleich hier nebenan, ein Butter¬
138 4593 882 4642 brot und eine Tasse Kaffee zu bezahlen.“ — „Smörges¬
132 4620 881 4676 drod" versuche ich mich noch auf Schwedisch. Der Beamte
144 4652 881 4702 lächelt. Es nützt nichts. Er ist unbestechlich. Er gibt kein
132 4684 881 4733 Geld her. Und zahlt gleich darauf zwei korpulenten, mit
132 4713 881 4765 vielen Dollarscheinen bewaffneten amerikanischen Touristin¬
135 4745 881 4797 nen genug aus, um das ganze Buffet aufzukaufen. Die
132 4770 881 4812 Damen haben außerdem unter ihrem vielseitigen Gepäck,
135 4806 881 4856 – Handtaschen aus Krokodil- und feinstem Schweinsleder,
138 4834 854 4888 Plaidrollen, schottisch karierte Reisekissen, — zwei Pro¬
141 4863 881 4919 viantkörbe gefüllt mit appetitlichst wirkenden Paketchen.
893 3734 1647 3775 Mein Mißgeschick amüsiert sie. Sie werden ja einfach
884 3757 1648 3804 verhungern, bevor wir nach Helsingfors kommen!“ rufen
884 3801 1648 3832 sie lustig aus. Es ist zumindestens aufreizend, ... aber
884 3829 1648 3870 dann sagt neben mir jemand sehr freundlich: „Wie wäre
884 3855 1580 3896 es, wenn ich Ihnen einen halben Dollar leihen würde? –
884 3886 1648 3917 Und gleich darauf bin ich glücklicher Besitzer von finnischen
878 3920 1647 3957 Butterbroten, schlürfe meinen Kaffee, und unterhalte
878 3943 1647 3983 mich mit einer kleinen amerikanischen Lehrerin über dieses
878 3981 1647 4023 schöne Land Suomi, mit dem sie mich für den Preis von
878 4010 1647 4048 fünfzig Cent ausgesöhnt hat, und das außer Holz ja auch
884 4040 1648 4075 vorzügliche Produkte wie Eier, Butter, Heringe und
884 4062 1266 4117 „Schweizerkäse“ exportiert.\:p\
914 4083 1648 4135 \p\Die finnischen Wälder und Seen, und die Bäche voll
878 4126 1647 4174 fetter, wohlschmeckender Krebse, die man in langen
890 4161 1647 4194 Sommernächten mit Dill und Aquavit verzehrte und die
890 4191 1647 4222 Schönheit und melancholisch-heitere Pracht dieses kurzen,
878 4221 1647 4248 vergänglichen Sommers, den man mit Volkstänzen und
878 4245 1647 4283 Gesang schwärmerisch feierte, in der hellen Stadt Helsing¬
878 4281 1647 4321 fors und auf den Gutshöfen weit draußen in den Wäldern
899 4310 1648 4341 — das ist eigentlich alles, was mir als Erinnerung an
893 4340 1647 4376 einen ersten Aufenthalt in Suomi vor fünf Jahren ge¬
893 4370 1647 4405 blieben ist. Jetzt erstaunt und beeindruckt mich diese Land¬
878 4394 1647 4435 schaft von eintönigem Reiz und ihrem Zweifarbenspiel
878 4428 1647 4467 von blauem Wasser und grünem Walddunkel nicht mehr
878 4461 1647 4501 so sehr. In Estland habe ich mich dran gewöhnt, und die
878 4486 1532 4531 weißen Nächte begleiten mich schon seit Wochen.\:p\
917 4533 1647 4571 \p\In Tartu und Tallinn und selbst in Riga, hat man mir
878 4558 1647 4590 gesagt, daß Suomi-Finnland zum Viererbund der Balti¬
878 4587 1647 4622 schen Staaten gehört [so zählt auch Schwarzenbach selbst Finnland noch im 'Baltischen Tagebuch IV' (?) zum Baltikum], — wie es auch, mit Litauen, Lettland
878 4609 1647 4651 und Estland, hundert Jahre lang zum russischen Zarenreich
878 4647 1647 4685 gehört und sich mit ihnen nach dem Weltkrieg zuerst gegen
878 4677 1647 4710 den Zaren, dann gegen die Bolschewisten erhoben und
878 4700 1647 4755 selbständig gemacht hat. Die Studenten Estlands gar
878 4735 1647 4780 wollen die finnischen und die ungarischen Kollegen zu
878 4766 1647 4808 engerer Zusammengehörigkeit erziehen, — und dies nur,
878 4796 1647 4837 weil sie verwandte, nämlich für die indoeuropäischen
893 4829 1647 4875 Zungen höchst befremdliche und unerlernbare Sprachen
878 4859 1647 4918 sprechen! — In Helsinki erst frage ich mich: gehört Finnland
1644 3735 2410 3780 wirklich zum Baltikum? — Bin ich nicht schon aus der
1644 3764 2410 3807 Sphäre dieser nationalistischen, neugebackenen und eben
1644 3798 2410 3836 erst sich konsolidierenden Kleinstaaten hinübergeraten in
1644 3824 2410 3864 das heitere, vom Weltkrieg kaum berührte, fortschrittliche,
1651 3859 2341 3895 prosperierende und aufgeschlossene Skandinavien? –
1644 3887 2356 3921 Man lehrt mich den Unterschied — und Antagonismus –
1644 3917 2410 3956 zwischen Finnen und Finnländern. Ein schwedischer
1644 3949 2363 3980 Bürger Finnlands ist heute noch — oder mehr denn je? –
1644 3974 2410 4012 beleidigt, wenn man ihn statt als „Finnländer“ als Finnen
1644 4007 2410 4034 anspricht. Die \g\Finnen\:g\ waren bis vor knapp zwei Jahr¬
1644 4037 2410 4066 zehnten Bauern, die sich Samstagabends in ihren Dampf¬
1648 4064 2410 4102 bädern mit Birkenruten peitschten, und weder lesen noch
1644 4098 2410 4132 schreiben konnten. Die \g\Finnländer\:g\ hingegen waren die
1644 4127 2410 4161 Offiziere und Gutsbesitzer, — manchmal auch gleichzeitig
1644 4154 2410 4192 Fabrikherren, wenn sie klug genug waren, inmitten ihrer
1644 4187 2410 4224 Wälder eine Papiermühle oder eine Sägerei zu errichten.
1644 4212 2411 4250 In den Städten waren sie die großen Kaufleute, und die
1644 4246 2410 4286 Eigentümer der schönen, weißen Segeljachten, die neben
1644 4279 2410 4309 den plumpen Booten der finnischen Inselfischer in den
1644 4307 2410 4338 Buchten von Helsingfors und Abo lagen. Sie, die Schwe¬
1644 4336 2410 4380 den, die „Finnländer“, waren einst vom skandinavischen
1644 4370 2410 4402 Ufer herübergekommen, um die heidnischen und zurück¬
1644 4395 2410 4433 gebliebenen Finnen zum Christentum zu bekehren und zu
1644 4432 2410 4467 Leibeigenen zu machen, sie haben Kultur und Wohlstand
1644 4455 2410 4495 gebracht, die Städte gegründet, die schönen Herrenhäuser
1654 4488 2410 4525 gebaut. Ihre schwedische Sprache war die alleinige
1644 4517 2410 4553 Schriftsprache, das Finnische hingegen nur ein unver¬
1644 4547 2341 4588 ständliches Bauernidiom. Die Schweden spielten also –
1644 4571 2410 4618 so möchte man schließen — in Finnland die gleiche Rolle
1644 4609 2410 4640 wie die deutschen Ordensritter, Barone und Hansekauf¬
1644 4639 2410 4671 leute in Estland und Lettland. Aber dann, — während ich
1644 4668 2410 4710 in einem exklusiv schwedischen Segelklub zum Lunch
1644 4696 2410 4728 eingeladen bin und mir zwischen Smörgesbrod, geräucher¬
1644 4728 2410 4761 tem Fisch und Kaviar diese beleibten und fröhlichen
1644 4760 2410 4794 Finnländer anhöre, die sich ohne viel Bitterkeit über den
1644 4786 2410 4828 wachsenden Nationalismus und die Ueberheblichkeit der
1644 4824 2374 4858 Finnen beklagen, welche die Schweden aus ihren an¬
1644 4851 2410 4898 gestammten Stellungen verdrängen, die schwedische
2407 3736 3162 3774 Sprache unterdrücken, und überhaupt so anmaßend
2407 3766 3159 3799 geworden sind, daß schlaue Leute ihre guten adeligen oder
2407 3797 3159 3834 bürgerlichen Schwedennamen in gräßlich klingende
2407 3819 3159 3860 finnische „übersetzen“, — während ich mir dies alles anhöre,
2413 3856 3159 3894 erinnere ich mich an greise verarmte baltische Barone und
2413 3886 3162 3924 Stiftfräuleins, denen ich etwa in Reval begegnet bin,
2407 3919 3162 3954 erinnere mich an den tiefen Haß der Letten gegen ihre
2413 3950 3159 3982 einstigen Unterdrücker. Der Unterschied ist deutlich, die
2407 3972 3162 4020 historische Parallele nur bedingt gültig. Die Schweden
2407 4004 3162 4052 werden von den Finnen nicht gehaßt, — sie werden nur
2407 4036 3166 4073 sachte, aber entschlossen, beiseite gedrängt. Selbst die
2407 4068 3166 4101 Agrarreform, diese erste und ökonomisch grundlegende
2407 4098 3159 4132 Folge der nationalen Revolutionen im Baltikum, hat in
2407 4129 3159 4168 Finnland mit seinen Landreserven, seinem wohlgeordneten
2407 4158 3166 4192 und dem selbständigen Bauerntum schon ähnlichen
2407 4190 3156 4222 Pächtersystem nicht zur Aufteilung des gesamten Grund¬
2407 4217 3156 4259 besitzes und also nicht zur völligen Verarmung der bis¬
2407 4245 3156 4281 herigen Schicht von Großgrundbesitzern führen müssen.
2407 4280 3153 4316 Die reichsten Grundherren Suomis sind immer noch
2407 4303 3156 4341 Schweden, und schwedisches Kapital beherrscht noch immer
2407 4340 3153 4375 den größeren Teil der finnischen Industrie. Während
2407 4370 3153 4408 man aber drüben in den baltischen Nachbarstaaten aus
2407 4401 3156 4433 Angst vor dem Kommunismus ebensosehr wie vor der
2407 4431 3147 4467 „bolschewistischen Gefahr“ die Linksparteien unterdrückt,
2407 4462 3156 4494 den jungen Parlamentarismus zugunsten einer nationalisti¬
2407 4491 3159 4520 schen „Ein-Partei“-Diktatur vernichtet oder doch suspen¬
2407 4516 3156 4552 diert hat, war in Finnland ein solider Bauern- und
2407 4551 3156 4588 Bürgerstand vorhanden, der nach Freiheit, Selbständigkeit
2407 4574 3147 4614 und Fortschritt strebend, solche nationalistischen Aus
2407 4608 3151 4645 wüchse wie die \g\Lappo-Bewegung\:g\ bald überwand und
2407 4642 3151 4681 nun eine zwar stark national orientierte, aber doch durch¬
2407 4670 3147 4709 aus demokratische und sozial fortschrittliche Entwicklung
2407 4702 3151 4735 verbürgt. In Suomi regiert eine sozialdemokratische
2407 4732 3147 4767 Mehrheit, wie in Schweden, wo man deshalb noch nicht
2407 4757 3151 4791 einmal die Monarchie zu beseitigen brauchte! Und aus
2407 4793 3147 4834 Schweden holt man sich auch die Fachleute, um etwa die
2415 4827 3153 4875 gewerkschaftliche Organisation der Arbeiterschaft durchzu¬
2407 4857 2506 4898 führen.\:p\
592 4192 1342 4236 \p\Die exklusive Minorität der Finnländer aber mag sich
568 4220 1342 4258 damit trösten, daß sie auch drüben im Mutterland die Vor¬
571 4253 1342 4292 zugsstellung nicht mehr einnehmen würde, die man ihr
565 4280 1342 4318 in Suomi heute genommen hat. Und sie tröstet sich auch:
562 4309 1342 4355 man unterhält rege Beziehungen zu den Königlichen
571 4345 1326 4382 Segelklubs, veranstaltet gemeinsame Regatten und Fest¬
565 4373 1332 4414 essen, und schickt die jungen Leute an die schwedischen
568 4406 1321 4437 Universitäten, damit sie neben der barbarischen finnischen
574 4435 1326 4470 Sprache, die sie ja wohl oder übel lernen müssen, die
571 4467 1326 4507 schwedische nicht vergessen! — Tröstlich ist es auch, daß
574 4499 1323 4533 im Juni der Geburtstag des alten Generals \g\Manner¬
568 4528 1302 4561 heim\:g\ mit soviel Jubel gefeiert wurde, — des „Befreiers",
565 4559 1320 4596 der die eindringenden Bolschewisten besiegt hat und daß
571 4590 1317 4625 dieser von Deutschland mit einem besonderen Orden
562 4618 1343 4663 ausgezeichnete General auch bei den Finnen den Ruf
562 4652 1342 4695 eines Nationalhelden genießt! — Und schließlich erzählte
568 4683 1320 4716 mir ein alter Schwede, — es war schon spät und man
568 4711 1342 4752 hatte ziemlich viel Krebse verzehrt und Aquavit dazu
574 4744 1343 4787 getrunken —, daß man ja auch mit den russischen Nachbarn
571 4774 1278 4815 gute Geschäfte machen könne, selbst als Finnländer –
568 4807 965 4849 ganz wie vor dem Weltkrieg! –\:p\ [space]
598 4853 1342 4890 \p\Gehört nun eigentlich Suomi zum Baltikum oder zu
577 4889 1342 4931 Skandinavien, fragte ich mich, — denn die baltischen
574 4913 1343 4958 Staaten reklamieren es heftig für sich, aber nicht nur die
571 4949 1320 4990 Finnländer winken verächtlich ab, auch die finnischen
577 4980 1342 5022 Sozialdemokraten orientieren sich, darüber besteht kein
571 5015 1326 5052 Zweifel, mehr nach dem Vorbild Schwedens als etwa
571 5041 1323 5086 nach den kleinen Ländern im Osten, deren autarkische
574 5075 1323 5110 Tendenzen ja auch nicht allzu viel Hoffnung auf eine
571 5108 1342 5146 fruchtbare Zusammenarbeit geben, — eher werden sie
571 5136 1342 5173 eines Tages, mit ihrem Holz, ihren Eiern, ihren zukünftigen
568 5171 1342 5206 Industrien, zu Konkurrenten werden. Am stärksten ver¬
574 5198 1343 5234 bindet wohl die gemeinsame Furcht vor dem großen
571 5230 1342 5268 Nachbarn Rußland, die Erinnerung an die Zarenzeit, an
571 5260 1308 5296 die nationale Befreiung. Also „Waffenbrüderschaft“? –
568 5291 1342 5334 Aber die Finnen sind ein sehr ziviles Volk, auch darin
574 5328 1344 5370 gleichen sie den Schweden und fast möchte man sie auch,
1353 4185 2120 4227 wenn es nicht genau den Tatsachen entspricht, jenen
1353 4225 2120 4257 glücklichen europäischen Nationen zurechnen, die von
1353 4246 2120 4285 Weltkrieg, Nachkriegszeit und Krise kaum berührt wurden
1353 4281 2120 4324 und geneigt sind, uns permanenten Pessimisten eine andere,
1353 4318 2120 4360 zu wenig beachtete „europäische Möglichkeit“ aufzuzeigen!\:p\
1798 4346 2084 4402 \g\Annemarie Clark\:g\.
