3795 5669
792 1090 1809 1191 „Hitler oder Masaryk"
520 1175 2107 1264 Dr. O. Strasser: Europa von Morgen + Weltwoche Verlag, Zürich
162 1231 906 1304 \p\«Europa von morgen» heisst das neue Buch
133 1292 906 1346 Otto Strassers, — der Untertitel lautet «Das Ziel
139 1336 908 1379 Masaryks», — und man frägt sich unwillkürlich:
135 1377 906 1421 Noch eine Biographie des ersten tschechischen
127 1413 906 1456 Präsidenten? Oder: Wie kann man es wagen,
137 1450 908 1500 heute, in den Tagen grösster Ungewissheit,
129 1486 908 1534 schlimmster Verwirrung, ein prophetisches Buch
125 1524 892 1565 auch nur über den morgigen Tag zu veröffent¬
127 1561 906 1599 lichen? — Aber nicht darum handelt es sich. Son¬
125 1587 904 1644 dern, dass es \g\Otto Strasser\:g\ ist, der Bruder
127 1640 906 1678 Gregor Strassers, der zuerst ein glühender Anhän¬
135 1676 906 1720 ger des Hitler’schen Nationalsozialismus zu sein
129 1716 908 1751 schien, der jetzt im Exil lebt — und der eine
127 1749 906 1785 höchst faszinierende, aber auch heute noch sehr
129 1781 908 1826 umstrittene Persönlichkeit geblieben ist. Kann
129 1815 908 1864 man ihm trauen, fragen viele, — oder ist er nur
123 1854 906 1896 ein Ueberläufer, der eine Abart des Nationalsozia¬
127 1890 906 1943 lismus vertritt? Bekämpft er in Adolf Hitler nur
129 1931 574 1983 den Mörder seines Bruders?\:p\
150 1953 906 2014 \p\Das Buch gibt darauf eine Antwort, die — wenn
121 2001 894 2046 sie nich eindeutig, nicht einfach sein mag, jeden¬
133 2044 906 2086 falls doch ein deutliches Bild der Persönlichkeit
121 2082 906 2123 seines Verfassers vermittelt. Masaryk — geben
129 2113 900 2159 wir es zu — ist, trotz des unzweifelhaften und
121 2155 906 2200 reinen Bekenntnisses zu seiner überragenden Per¬
121 2190 906 2236 sönlichkeit — nichts anderes als ein «Mittel zum
129 2232 908 2270 Zweck». Es wäre falsch, daraus einen Vorwurf
119 2268 898 2311 zu konstruieren. Strasser hat keine Biographie
121 2305 906 2343 geschrieben, noch ein Handbuch der «Philosophie
121 2343 906 2394 der Tat» Masaryks. Er schrieb ein kraftvolles und
121 2369 596 2416 ein humanitäres Bekenntnis.\:p\
150 2412 906 2458 \p\Das soll nicht heissen, dass dieses verdienstvolle
121 2436 906 2495 Buch dem Leser nicht die Bekanntschaft mit Ma¬
121 2491 906 2529 saryks Leben, seiner Persönlichkeit, seiner an
121 2523 890 2570 klassischen und an englischen Philosophon ge¬
123 2562 896 2606 schulten ethischen Lehre und seiner Politik ver¬
121 2598 896 2640 mittelt. Wie ergreifend ist es, das Vorwort zu
123 2636 896 2683 lesen, das der tschechisch-deutsche Ex-Abgeord¬
121 2677 892 2719 nete Wenzel Jaksch noch am 19. September 1938
121 2717 890 2750 geschrieben hat, — jenen trostreichen und muti¬
121 2750 898 2794 gen Satz: «Man muss Masaryk lesen, um dem
115 2786 896 2828 Angsttraum zu entrinnen, dass die heutigen Dikta¬
123 2822 898 2861 turen nur von neuen Schreckensherrschaften ab¬
123 2859 898 2901 gelöst werden können...» Es folgen ergreifende
117 2893 898 2938 Bekenntnisse Masaryks, — der kein philosophi¬
115 2934 890 2980 sches System aufstellte, keine Theorie oder Dog¬
115 2968 896 3012 matik vertrat, der vielmehr ein «Realist» (Philo¬
117 3008 890 3049 soph der Tat) war, und sich immer dort einsetzte,
127 3047 896 3085 wo es um Gerechtigkeit, Wahrheit, Lauterkeit
115 3069 900 3130 ging, — dem es gelungen ist, den leider so popu¬
117 3117 906 3160 lären, und eigentlich grundlos oberflächlichen
123 3154 896 3198 Gegensatz zwischen «Idealismus» und «Materialis¬
121 3192 900 3237 mus» zu überbrücken, der auch den Konflikt zwi¬
117 3227 898 3271 schen Leben und Idee, zwischen den Geboten der
123 3261 886 3316 Sittlichkeit und dem täglichen praktischen Kom¬
123 3299 898 3350 promiss nicht kannte, — der, als er den «Asketen»
123 3342 892 3382 Tolstoj in Russland besuchte und ihn im einfachen,
121 3380 896 3419 selbstgenähten Bauernhemd, aber im Salon eines
117 3409 896 3459 Schlosses antraf, während im benachbarten Dorf
123 3451 898 3489 die Bauern an Geschlechtskrankheiten hilflos zu¬
121 3491 896 3534 grunde gingen, seine Kritik in dem schlichten Satz
121 3526 896 3570 zusammenfasste: «Der Muschik lebt armselig,
127 3558 902 3611 weil er arm ist, nicht aber um Asket zu sein». Als
121 3593 900 3647 junger Mensch geriet Masaryk, ein Zola des Habs¬
133 3637 904 3677 burgerreiches, in zahlreiche Prozesse, die ihn
121 3669 900 3728 «nichts angingen». Anlässlich des Hilsner-Prozes-
121 3706 886 3754 ses (Hilsner war wegen eines angeblichen jüdi¬
117 3750 896 3801 schen Ritual-Mordes verurteilt worden) schreibt
121 3781 886 3827 Masaryk: «In alle Konflikte geriet ich unwillkür¬
119 3821 892 3876 lich», — nämlich, wie Strasser richtig hinzufügt:
129 3859 851 3904 «nicht willensmässig, aber charaktermässig», —
121 3884 890 3942 und unter dem Höllenlärm demonstrierender
123 3936 892 3983 Studenden, die Masaryk am sprechen hindern,
123 3973 892 4013 schreibt er mit Kreide an die Wandtafel: «Ich
115 4009 890 4049 habe durch gewissenhafte Studien erkannt, dass
121 4047 892 4086 die Durchführung des Polnaer (Hilsner-)Prozesses
123 4082 892 4124 direkt ein Attentat auf Vernunft und Menschlich¬
121 4120 892 4165 keit ist. Ich habe ohne Diplomatie die Freiheit des
123 4155 892 4205 Denkens und Fühlens verteidigt und werde es im¬
121 4195 886 4233 mer tun». — Man braucht nur hinzuzufügen, dass
123 4227 892 4270 Masaryk einmal es aussprach: «Lügen und Ueber¬
121 4266 900 4316 treiben ist die schlechteste Propaganda», «Die
133 4304 892 4345 Wahrheit siegt», oder über seine grosszügige Kon¬
127 4343 886 4387 zeption der Demokratie nachlesen, dann wird man
123 4379 892 4436 sich nicht über den Hass wundern, den das
123 4413 898 4468 Deutschland Hitlers ihm und seinem unglückli¬
922 1251 1718 1316 cheren Schüler Benesch entgegenbrachten. \g\Masa¬
924 1304 1720 1351 ryk kannte kein Vorurteil\:g\ (schon 1893
924 1336 1718 1393 forderte er im Abgeordnetenhaus die Anerken¬
924 1385 1718 1427 nung der «historischen Länder» Böhmen, Mähren
924 1423 1718 1458 und Schlesien!) — das allein machte ihn zum na¬
924 1458 1716 1518 türlichen Gegner des totalitären Staates und der
924 1492 1308 1536 fascistischen Diktatur.\:p\
960 1514 1722 1579 \p\Es ist deshalb begreiflich, wenn Otto Strasser,
924 1573 1718 1615 der Emigrant besonderer nationaler Prägung, ein
922 1607 1718 1662 Kapitel seines Buches überschreibt: «Hitler oder
924 1638 1688 1690 Masaryk». Es mag manchen erstaunen, dass ge¬
922 1676 1718 1731 rade dieser kämpferische, und sicher nicht als
924 1720 1718 1761 «liberal» zu bezeichnende Mann sich gerade zu
924 1745 1718 1799 Masaryk bekennt. Und es wäre falsch, wollte man
924 1787 1718 1832 leugnen, dass er, bei aller vielseitigen und gerech¬
924 1830 1694 1878 ten Anerkennung des Philosphen-Präsidenten,
924 1860 1696 1908 doch «seinen» Masaryk beschrieben und gewählt
924 1904 1718 1953 hat. So betont er beispielsweise, dass Masaryk
926 1943 1720 1987 trotz des uneingeschränkten Bekenntnisses zur
924 1973 1718 2026 Demokratie, doch die Diktatur nicht grundsätz¬
924 2016 1700 2056 lich ablehnt, ja, sie im Falle von Krieg oder Re¬
924 2056 1718 2101 volutionen nach altrömischem Muster empfohlen
924 2086 1720 2127 habe. Und Masaryk war zweifellos Revolutionär,
962 2129 1718 2169 — nicht als Marxist, aber weil er eine Erneuerung
924 2153 1696 2204 der Gesellschaftsordnung, die Schaffung eines ge¬
924 2200 1718 2240 rechten Sozialismus, als notwendig erachtete. An¬
924 2240 1718 2278 lässlich der Diskussion über die Demokratie
936 2276 1718 2317 spricht Strasser das aufschlussreiche Bekenntnis
924 2315 1694 2357 aus: «Formen und Formeln sind wandelbar, müs¬
924 2351 1718 2392 sen sich sogar dem Leben anpassen, um den In¬
926 2382 1718 2424 halt: die ewige Idee, zu retten.» Und um gewisser¬
924 2418 1718 2464 massen sein ausgeprägtes Nationalgefühl, sein
924 2464 1694 2509 Deutschtum zu verteidigen, spricht er von der
924 2501 1718 2541 «Grenze zwischen berechtigtem Nationalismus und
1727 1264 2519 1334 unberechtigtem Chauvinismus». — Wer wollte
1727 1310 2519 1361 ihm heute widersprechen? Und doch kann man die
1727 1355 2521 1395 Bedenken nicht zerstreuen, die sich einstellen: Ist
1727 1385 2519 1441 die demokratische Idee nicht etwas Absolutes, ist
1727 1433 2519 1472 nicht jeder Kompromiss, jedes Zugeständnis an
1727 1468 2493 1522 momentane Notwendigkeiten, gefährlich, — fast
1727 1500 2495 1553 schon eine verräterische Preisgabe? — Es ist
1727 1536 2521 1591 Otto Strasser selbst, der mit den unvergleichlichen
1727 1579 2521 1623 und reinen, — also «absoluten» Worten seines
1727 1607 2018 1664 Helden antwortet:\:p\
1755 1630 2499 1694 \p\«Die sittliche Grundlage aller Politik ist die Hu¬
1727 1674 2521 1731 manität.» So spricht der \g\Realist\:g\ Masaryk, der¬
1727 1729 2495 1767 selbe, der die Unvollkommenheit staatlicher In¬
1727 1765 2519 1813 stitutionen, wie aller von Menschen geschaffenen
1727 1795 2519 1844 Einrichtungen anerkennt, und vom Staat einfach
1727 1836 2165 1874 sagt: «Er ist notwendig».\:p\
1765 1854 2519 1915 \p\Masaryk hat die Gefahr des expansiven Pan¬
1727 1906 2519 1957 germanismus vorausgesehen bis zum Detail des
1727 1953 2519 1997 Griffes nach der Ukraine. Er hat die Vergottung
1727 1985 2493 2030 des Staates im Hitler'schen Regime vorausge¬
1731 2016 2521 2062 sehen. Otto Strasser wiederum spricht einmal
1727 2058 2519 2105 davon, dass der Hitler’sche Nationalsozialismus
1727 2094 2493 2137 nur ein Uebergang sei zwischen dem zweiten
1727 2133 2493 2175 Reich Bismarcks und dem Dritten Reich Moellre
1731 2173 2501 2214 van den Brucks und Gregor Strassers, seines in
1727 2204 2497 2252 Nazi-Deutschland ermordeten Bruders. Man mag
1727 2244 2493 2285 es kritisieren, dass gerade Otto Strasser über Ma
1727 2281 2519 2327 saryk schrieb, — aber sein Buch zeugt von einem
1729 2321 2495 2363 schriftstellerischen Können nicht nur, sondern vor
1727 2351 2493 2408 allem von einem Wissen um die Werte der Hu¬
1727 2384 2519 2432 manität, das trostreich ist, und das umfassenden
1727 2426 2493 2468 und überzeugenden Ausdruck findet in den Wor¬
1731 2462 2491 2507 ten: «... das Ideal erkennen, auf das die Ent-
1727 2501 2501 2541 wicklung hinweist.»\:p\ Dr. Annemarie Clark.
