3794 5669
1918 1796 3002 1936 Fahrt an den Comersee
1579 1926 3449 2039 \p\Der Ponte Diga, ein natürlicher Damm, der aus
1493 2044 3446 2171 der Eiszeit zurückgeblieben ist, verbindet die Dörfer
1496 2147 3446 2287 Melide und Bissone, West- und Ostufer des Lu¬
1496 2252 3436 2375 ganersees, und gestattet es, Gotthardbahn und Auto¬
1496 2358 3458 2508 straße ohne Umschweife von Lugano nach Como
1488 2469 2395 2586 und Mailand zu führen.\:p\
1579 2567 3444 2717 \p\In \g\Maroggia\:g\ hängen Schweinsfüße reihen¬
1496 2677 3436 2795 weise vor den Fenstern und sollen, wie in Graubün¬
1488 2788 3439 2950 den das berühmte Bindenfleisch, an der Luft ge¬
1479 2896 2127 3021 trocknet werden.\:p\
1574 2999 3439 3154 \p\\g\Capolago\:g\ liegt am Fuß des Riesen Monte Ge¬
1479 3110 3436 3230 neroso, von hier fährt die Bahn hinauf, Weinkeller,
1479 3230 3436 3331 tiefe kühle Grotten sind in den Felsen verborgen.
1484 3326 3446 3473 Im „Antico Grotto Calchiero“ wird wie in Campione
1479 3436 2179 3557 Asti ausgeschenkt.\:p\
1574 3527 3419 3665 \p\\g\Mendrisio\:g\ ist der Hauptort des „Mendrisiotto“
1486 3650 3439 3788 genannten Gebietes. Man findet hier ansehnliche
1479 3758 3436 3896 Gebäude von städtischer Charakterlosigkeit und einen
1488 3856 3444 4004 griechischen Tempelbau, das „Ospizio della Beata
1486 3962 3431 4114 Virgine“. Aber am Gründonnerstag und Karfreitag
1479 4087 3424 4198 findet eine berühmte Passionsfeier statt, dazu kom¬
1466 4183 3436 4321 men die Leute von weither angereist, sowohl die
1484 4284 3449 4404 neugierigen Fremden wie die frommen Bauern von
1488 4399 3431 4517 den Abhängen des Monte Generoso. An den Wänden
1464 4510 3431 4635 der Häuser hängen hellgebleichte Tabakblätter, und
1471 4610 3424 4777 in Balerna, dem letzten schweizerischen Dorf vor\:p\\fml\
320 599 2258 708 \p\\fml\Chiasso, steht die dazu gehörige Fabrik. Auf den Fel¬
308 703 2248 839 dern vor den Ortschaften kann man die großen, durch¬
308 805 2124 948 sichtig grünen Blätter der Tabakpflanzen sehen.\:p\
398 912 2255 1052 \p\\g\Chiasso\:g\ ist ein reizloser Ort, Paßkontrolle und
315 1021 2255 1125 Zollschranken machen den Reisenden auf den Ernst
315 1135 2243 1266 der Landesgrenze aufmerksam und sind dazu an¬
320 1232 2236 1370 getan, ihn seiner leichtfertigen Gemütsart zu be¬
308 1346 2258 1457 rauben. Mitten im Dorf, dem Bahnhof gegenüber,
308 1445 2260 1581 sperrt ein Gitter mit Steinpfeilern und merkwürdig
315 1550 2255 1671 erhöhten Laternen die Straßen ab und trennt die
308 1656 2246 1778 beiden Länder. Zuoberst auf einer dunkelgestriche¬
308 1763 2248 1884 nen Eisenstange ragt ein Fascio [Zeichen des Faschismus in Italien, Hinweis auf die faschistische Diktatur unter Mussolini, dergegenüber Schwarzenbach sehr kritisch eingestellt ist] in den heiteren Himmel.\:p\
410 1865 2243 2015 \p\Drüben sitzen die Leute harmlos auf knallgrün¬
320 1979 2221 2102 gelben Stühlchen im „Ristorante Bar Nazionale"
308 2073 2258 2221 und trinken auf italienischem Boden ihren Caffè
308 2190 2258 2323 nero, als ob das nichts wäre. Indessen warten ver¬
308 2301 2248 2435 ärgert die Schweizer Touristen vor dem Gitter auf
315 2393 2248 2515 ihre Pässe, die man ihnen, weiß Gott, einer harm¬
308 2512 2248 2646 losen Spritztour nach Como wegen abgefordert hat.
315 2626 2255 2723 Schweizer Uniformierte zeigen sich kaum, wohl aber
308 2743 2258 2874 Alpini [italienische Gebirgsjäger, Infanteriegattung des italienischen Militärs zur Verteidigung der Alpengrenzen] in großer Zahl, mit Adlerfedern, verwegenen
318 2847 754 2956 Blickes ...\:p\
415 2937 2248 3051 \p\(Zwei Stunden später, auf der Rückfahrt, wie-
308 3039 2112 3196 derholt sich derselbe Vorgang peinlich genau.)\:p\
415 3152 2255 3259 \p\Über Como ragt, von weitem sichtbar, ein Turm
308 3269 2248 3368 des Kaisers Friedrich, den die Italiener Barbarossa
308 3361 2258 3477 nannten, empor. Viel Mittelalterliches birgt auch
308 3468 2248 3601 die Stadt, an den weißen Fassaden des Doms wurde
308 3572 1584 3725 seit dem 14. Jahrhundert gebaut.\:p\
1501 1652 3364 1790 \p\Der Marmor stammt aus Varenna bei Bellagio,
1425 1776 3359 1897 auch die Mauern des Stadthauses sind aus weißem,
1425 1878 3352 2019 rotem und schwarzem Marmor errichtet. Die Co¬
1425 1980 3359 2119 masker, sonst als Schildbürger Italiens bekannt,
1428 2094 3364 2226 haben hier und an dem kunstreich und eindrucks¬
1438 2211 3364 2350 voll gebauten Dom den Ruhm ihrer Steinmetz¬
1418 2311 2218 2437 schule gerechtfertigt.\:p\
1501 2396 3364 2552 \p\Bei kirchlichen Feiern werden im Innern der
1430 2513 3364 2639 Kirche prächtige Gobelins in gedämpften Farben
1418 2617 3364 2761 aufgehängt, unter Glas steht das Bild des heiligen
1418 2734 3374 2883 Abbondio, der als Schutzpatron der Stadt Como
1418 2841 3364 2975 einen großen Lapislazuli auf der Brust trägt. Am
1425 2938 3364 3082 linken Seitenaltar glänzen Kronen und Heiligen¬
1438 3053 3364 3165 scheine aus einem sonderbar dunklen Madonnenbild.\:p\
1501 3160 3359 3279 \p\Man könnte den Comersee einen \g\See der Vil¬
1430 3267 3374 3406 len\:g\ nennen, weil die Vornehmen und Reichen ihn
1425 3362 3371 3503 zu allen Zeiten für ihre Sommersitze bevorzugt
1430 3476 3364 3588 haben, die alten Römer genau so wie die großen
1425 3583 3359 3714 italienischen Familien der Renaissance und die Ma¬
1425 3710 3379 3821 gnaten von gestern und heute. Plinius und Vergil
1430 3790 3374 3924 haben seine Landschaft und seine aussichtsreichen
1425 3904 3371 4036 Punkte gelobt, das Vorgebirge bei \g\Bellagio\:g\ etwa,
1438 4001 3364 4113 wo die Villa Serbelloni das berühmteste Ziel ist.
1418 4121 3374 4228 Der Park ist von unerreichtem Reiz, die Villa selbst
1438 4228 3376 4320 war bis vor kurzem eines der bevorzugtesten Hotels
1418 4327 3374 4447 in Europa. Jetzt wurde sie von einer Dame gekauft,
1442 4430 3374 4546 die wieder einen Privatsitz von altem Glanz und
1430 4541 2518 4651 Ansehen daraus machen soll.\:p\
1525 4641 3384 4792 \p\Der Eingang zu der Villa Giulia liegt an der\:p\\fml\
309 585 2231 728 \p\\fml\Straße nach Civenna, ihren Garten darf man nur
309 696 2224 800 an Festtagen betreten. Von Bellagio fährt man an
309 793 2224 933 das westliche Ufer hinüber, nach \g\Menaggio\:g\, des¬
309 911 2231 1013 sen schöner Golfplatz bei Grandola liegt (mit der
322 996 2243 1129 Kleinbahn kann man von Menaggio nach Porlezza
314 1112 2224 1262 am Luganersee gelangen) oder gleich nach \g\Cade¬
309 1218 2236 1339 nabbia\:g\, um die Villa Carlotta zu sehen. Sie wurde
322 1320 2224 1441 erst im 18. Jahrhundert gebaut und gehörte früher
322 1426 2231 1567 dem Herzog von Meiningen, der ihr den Namen
322 1533 2236 1666 seiner Mutter, der Herzogin Charlotte, gab. Diese
334 1632 2236 1755 Villa ist ebenso berühmt wie die Serbelloni, aber ihre
314 1750 2234 1883 Lage ist weniger prunkvoll, weniger exponiert, da¬
326 1849 2234 1953 durch erhält sie einen mehr privaten Charakter.
326 1958 2224 2077 Das Gebäude selbst ist allerdings kühl und offiziell,
309 2052 2224 2176 man denkt an kleine Hofempfänge, an Uniformen,
309 2164 2248 2280 Zeremoniell und an Napoleon. Thorwaldsen und
334 2258 2231 2391 Canova sind vertreten mit mehr oder minder höfi¬
326 2369 2236 2492 schen Kunstwerken, das Relief des Alexanderzugs,
322 2478 2231 2604 zu Napoleons Ehren modelliert, trägt zu der Stim¬
314 2589 2236 2708 mung des Ortes bei. Aber der Garten ist intim,
334 2679 2236 2828 geschützt, blühend und reich an großen Früchte¬
338 2787 2106 2903 spalieren, Kamelien und Rhododendronbüschen.\:p\
421 2894 2243 3029 \p\Ganz nahe bei der Villa Carlotta liegt auf der
326 2988 2246 3104 Halbinsel Punta di Balbianello (auch Punta d’Avedo)
322 3104 2248 3242 die Villa Arconati, in Bostoner Privatbesitz, eine
334 3213 2243 3334 barock gewundene Steintreppe führt an den kleinen
338 3322 2246 3455 Hafen hinunter. Die Insel Comacina mit ihrer klei¬
326 3418 2248 3537 nen Kirche ist einer jener winzigen Punkte in der
338 3525 2260 3692 Landschaft, auf denen sich stimmungsreiche und\:p\\fml\
1396 1623 3376 1791 \p\\fml\romantische Schönheiten in merkwürdiger Konzen¬
1398 1746 2356 1865 tration zusammenfinden.\:p\
1489 1843 3359 1988 \p\Die \g\Villa d’Este\:g\ in Cernobbio vereint die Vor¬
1400 1951 3364 2082 züge eines Privatsitzes großen Stils mit denen eines
1400 2070 3364 2179 anspruchsvollen und einzigartig gelegenen Hotels.
1400 2159 3362 2314 Ihr Name ist berühmt, er gehört zu den berühm¬
1398 2280 3386 2423 testen und populärsten Italiens, und demgemäß ist
1398 2398 3362 2524 auch die Villa d’Este einer jener verbreiteten Orte,
1398 2487 3376 2633 die man gesehen haben muß, und zugleich die
1400 2594 3364 2710 Sehnsucht aller Hochzeitspaare. Seitdem die Villa
1400 2717 3364 2821 Serbelloni ausgeschieden ist, steht die Villa d’Este
1388 2813 3364 2954 noch glanzvoller und konkurrenzloser da, Tennis,
1400 2920 3376 3055 Schönheitskonkurrenzen für Automobile (Coupe
1388 3026 3352 3147 d’Or Villa d’Este), Golf- and Countryclub, Reit¬
1388 3152 3364 3275 turnier im Frühjahr und Herbst (vor dem Concours
1400 3246 3364 3381 international von Stresa) – Ereignisse dieser Art
1388 3359 3352 3475 drängen sich und machen das Schloß des Tolemeo
1400 3463 3354 3604 Gallio zu einem Mittelpunkt des sportlich-eleganten
1393 3554 3359 3707 Publikums. Jener Kardinal, dessen Denkmal im
1388 3673 3362 3794 Dom von Como steht, hat nicht nur die Villa d’Este
1400 3779 3352 3898 gebaut, sondern außerdem ein Landhaus bei Bel-
1388 3903 2621 4011 lagio, welches jetzt zerfallen ist.\:p\
1484 4001 3359 4117 \p\Dafür wurde die fürstlich angelegte Villa d’Este
1396 4105 3347 4229 von der Königin Karolina, Gemahlin Georgs IV.,
1388 4211 3364 4347 sorgfältig eingerichtet und gebührend erhalten. Ein
1386 4327 3362 4453 Teil dieser Einrichtung ist heute noch vorhanden:
1388 4421 3362 4570 ein kleines Schreibzimmer mit geradlinigem Kamin,
1396 4542 3347 4671 goldgerahmten Türen und Tapeten, weißen Empire¬
1396 4646 3362 4794 tischen, gelbbespannten Stühlen — die gewölbte\:p\\fml\
345 632 2297 769 \p\\fml\Decke mit gerafften Vorhängen, Blumengirlanden
350 754 2297 869 und einem schwebend sich umarmendes Götterpaar
338 869 2302 989 kulissenhaft bemalt. Eindrucksvoller, ungestörter
350 970 2302 1109 und überraschender ist aber der Garten, die Grotten,
1161 1584 1638 1851 \f\Zeichnung eines Garten im Tessin mit Villa von Tomamichl\:f\
1200 2725 1437 2875 \fp\Tessin\:fp\
362 2890 2324 3012 die Alleen, der Felsenweg, seltene Pflanzen und
355 3010 2314 3117 Bäume, Bananensträucher und Papiri, wohlgepflegte
355 3112 2299 3242 Beete, Gebüsche und Kieswege. Der steil empor¬
355 3208 2312 3355 steigende Berghang ist phantasiereich und spielerisch
362 3316 2314 3450 mit Mauern, Türmen, kleinen Toren verbaut; die
355 3428 2312 3563 Frau des Generals Pinna hat diesen kriegerischen
355 3531 2324 3649 Anblick ihrem Gatten als Überraschung zugedacht,
355 3636 2324 3800 als er aus der Schlacht von Saragossa heimkehrte.\:p\\fml\
1405 1610 3379 1741 \p\\fml\Mitten durch den Park, die Straße überwölbend,
1405 1731 3394 1890 steigen zwei Reihen grauer Steinstufen an und enden
1405 1838 3384 1983 hoch oben bei einer barocken Göttergruppe. Man
1425 1956 3389 2075 geht den Stufen entlang hinauf, Pinien, kerzengerade
1425 2058 3386 2196 und schlank, bilden eine dunkle Allee. Im Garten
1425 2166 3389 2282 liegen die Tennisplätze (viel weiter, an der Straße
1405 2275 3379 2388 Como—Camerlata, dehnen sich die Golflinks aus).
1418 2374 3384 2497 Auf dem Spielplatz sitzen häkelnde Kinderfrauen
1418 2492 3367 2616 und bewachen ihre Schützlinge, nacktbeinige, sorg¬
1425 2598 3386 2737 fältig gekämmte Buben, in gelber und rosa Seide
1418 2712 3391 2833 die kleinen Mädchen, mit Bällen, Fahrrädern und
1418 2818 2942 2969 zierlichem Golfgerät emsig beschäftigt.\:p\
