3869 5669
186 642 975 723 Schweizer Pionierarbeit im Urwald
400 716 741 774 V. Schweres Beginnen
227 778 948 828 \p\Als das Ehepaar Vivien hier ankam, gab es natür¬
183 813 947 859 lich weit und breit keine Wege. Um das erste Stück
192 849 944 895 Land auszuwählen, auf dem sie die Pflanzung begin¬
186 889 945 918 nen wollten, fuhren Herr und Frau Vivien in einem
192 917 944 960 Boot mit Eingeborenen die Mangala hinauf. Sie fan¬
180 955 947 996 den eine günstige Landungsstelle unterhalb des Hü¬
186 984 947 1029 gels, der ihnen gefiel, und wohnten dort zuerst in
192 1017 944 1058 einer Negerhütte. Jetzt befinden sich an dieser Bucht
186 1055 951 1094 Lagerschuppen, eine Ziegelbrennerei, ein wenig höher
186 1086 947 1122 die Oelfabrik und die Kaffeetrocknerei. Die erste Kon¬
189 1125 950 1164 zession über 200 Hektaren wurde von der Regierung
186 1158 956 1199 für fünf Jahre erteilt. Es galt, in den Dschungel¬
186 1184 956 1223 dörfern Schwarze als Arbeiter zu rekrutieren. Die
195 1218 949 1263 Männer vom Stamme der Gombe, Bansa und der krie¬
186 1255 947 1294 gerischen Gwaka waren anfangs dazu wenig geneigt;
189 1286 948 1331 sie vergruben das Mais, das man ihnen zum Säen ge¬
186 1326 957 1363 geben hatte, und schnitten jungen Pflanzen die Wur¬
197 1355 956 1398 zeln ab, um zu „beweisen“, daß der Boden unfruchtbar
189 1388 976 1431 sei. Verschiedene Kulturen wurden ausprobiert. Es
189 1420 948 1466 dauerte Jahre, bis man den ersten Kaffee und die
189 1460 950 1500 ersten Palmölfrüchte erntete. Man lebte von Reis,
197 1485 952 1527 Maniokwurzeln, Bananen, Eiern und Fischen und
197 1516 976 1566 hatte nicht einmal Brot, weil das Mehl hätte gekauft
185 1554 410 1602 werden müssen.\:p\
233 1586 977 1642 \p\Da noch keine Ziegel vorhanden waren, wurde das
192 1617 977 1657 erste Haus aus Lehm gebaut. Man hatte noch kein
200 1665 977 1699 Notorfahrzeug und ging zu Fuß oder ließ sich von den
197 1689 953 1733 Schwarzen auf die oft weit entfernten Pflanzungen
195 1727 953 1767 tragen. Tisch, Stuhl und Bett konnte man nicht bei
195 1755 955 1804 Jelmoli bestellen; man mußte den Baum im Wald
192 1788 957 1833 aussuchen und fällen, die Bretter schneiden und hobeln,
192 1824 956 1866 und das Möbelstück zimmern. Man konnte nicht den
203 1853 953 1899 Arzt rufen, wenn die Neger Lungenentzündungen oder
195 1886 959 1928 einen Palmdorn in der Hand hatten, oder wenn sie
192 1922 959 1972 sich in nächtlichen Raufereien wundschlugen. Man
192 1954 953 1992 mußte Wege und Brücken bauen; man mußte sich auf
194 1990 979 2032 alle Berufe verstehen und jedes Stück Arbeit und
197 2021 959 2066 jeden Handgriff selbst überwachen. Man mußte einen
192 2054 952 2102 schwarzen Koch, Diener, Gärtner, Wäscher, Schreiner
203 2089 978 2133 Maurer anlernen, mußte sie lehren, Tiere zu pflegen,
192 2123 978 2162 mußte für sie einen Laden einrichten, wo ihnen nötige
197 2156 960 2204 Waren, wie Zucker, Salz und Stoffe, billiger verkauft
197 2196 959 2236 wurden als von den fahrenden Händlern, und man
191 2219 959 2268 überließ ihnen Land, wo sie Mais und Maniok an¬
203 2255 959 2304 pflanzen konnten, um sich besser zu ernähren. 1929
203 2291 939 2331 brachte man die ersten vier Ziegen nach Molanda –
197 2317 960 2364 jetzt sind es 60, und es gibt frisches Fleisch und täglich
197 2356 959 2398 frische Milch. Das erste Motorfahrzeug war eine Moto¬
197 2389 957 2436 saccoche, die heute noch tadellos läuft. Als der spätere
200 2419 959 2465 König Leopold, damals noch Kronprinz, die Kolonie
197 2454 954 2499 besuchte, gefiel es ihm in Molanda so gut, daß er hier
197 2495 962 2536 übernachtete und sich am nächsten Morgen von Ma¬
200 2531 980 2582 dame Vivien auf dem Motorrad fahren ließ, um die
203 2562 563 2603 Pflanzung zu besichtigen.\:p\
251 2574 959 2636 \p\Inzwischen ist sie zur größten Privatpflanzung des
199 2620 956 2666 Kongos geworden. Als Herr Vivien 1932 schwer er¬
197 2662 963 2698 krankt war und in die Schweiz zurückkehren mußte,
200 2686 959 2737 hätte sich vielleicht die Frage gestellt, ob man den
203 2719 960 2772 Versuch aufgeben und Molanda verkaufen sollte. Es
197 2752 959 2798 war höchst ungewöhnlich, daß eine weiße Frau allein
197 2793 956 2827 mit über tausend schwarzen Arbeitern auf einer Plan¬
197 2828 963 2863 tage blieb. Aber das Genfer Ehepaar zog die Frage
200 2856 963 2895 nicht einmal in Erwägung. Die Schwarzen, die nach
200 2887 965 2936 der Abreise von Herrn Vivien die Arbeit niederlegen
196 2919 959 2971 wollten, lernten rasch ihren Irrtum einsehen. Madame
211 2953 956 2997 Vivien hat während der Abwesenheit ihres Mannes
203 2994 960 3042 rund 150 Hektaren neu bepflanzt und ihren größten
196 3027 493 3081 Elefanten geschossen.\:p\
466 3081 705 3156 VI. Durchhalten
248 3152 966 3199 \p\Die Plantage von Molanda umfaßt heute 1750
212 3194 981 3241 Hektaren, von denen 500 noch nicht gerodet sind. Ein
206 3227 981 3264 Teil des Bodens ist durch Kauf in den Privatbesitz der
212 3262 966 3300 Pflanzer übergegangen. Rund 950 Hektaren sind Palm¬
197 3297 959 3334 haine, rund 250 Hektaren Robusta-Kaffee, der Rest
203 3329 957 3367 Maniok und Mais für die schwarzen Arbeiter. Der
197 3363 966 3403 Kaffee blüht gegen Weihnachten; die Ernte dauert
206 3399 956 3440 von September bis Ende Januar. Die Palmen tragen
203 3430 959 3463 nach sechs Jahren zum erstenmal Früchte, die das
206 3462 982 3505 ganze Jahr hindurch gesammelt werden. Die nötigen
206 3495 956 3536 Maschinen zur Verarbeitung der Produkte sind vor¬
206 3531 956 3568 handen und in selbst erbauten, offenen Fabrikschuppen
197 3563 962 3607 montiert: Dieselmotoren von der Lokomotivfabrik
206 3592 982 3629 Winterthur und von Weber in Uster; Hobel- und
206 3629 962 3669 Schleifmaschinen von Rauschenbach in Schaffhausen;
203 3661 959 3700 Kaffeetrockner, Schäl- und Poliermaschinen und Wind¬
203 3695 957 3735 sichter von Krupp; fünf Oel-Schneckenpresser französi¬
202 3725 962 3769 scher Herstellung, und andere mehr. Man könnte in
203 3762 957 3800 Molanda heute 2000 Arbeiter beschäftigen, und die
209 3798 983 3839 Pflanzung immer noch vergrößern, mehr Kaffee pro¬
203 3829 959 3868 duzieren, die technischen Anlagen verbessern. Aber
206 3866 984 3903 mitten in diese hoffnungsvolle Entwicklung hinein kam
197 3903 959 3936 der Krieg. Im Kongo wurden davon die Pflanzer,
203 3933 962 3969 unter ihnen die privaten Kolonen, zweifellos am
209 3960 984 4009 stärksten betroffen. Durch den Wegfall der europäischen
203 3997 959 4034 Märkte trat eine Stockung des Absatzes ein. Die Ernte
203 4027 959 4067 von 1940 war ganz oder teilweise verloren. Neue Ab¬
205 4060 953 4103 satzgebiete in England und Amerika mußten zuerst ge¬
203 4095 962 4135 funden, der Transport organisiert werden. In einem
212 4127 962 4167 Lagerhaus in Molanda liegen fast hundert Tonnen
203 4159 959 4201 Kaffee der letztjährigen Ernte unbenutzt. Eine der letz¬
200 4196 984 4235 ten Sendungen wurde unterwegs nach Antwerpen in
205 4229 955 4269 Dakar von den Franzosen konfisziert. Ob die diesjäh¬
203 4270 960 4303 rige, auf etwa 50 Tonnen reduzierte Ernte zu befrie¬
200 4293 985 4333 digenden Bedingungen in den Vereinigten Staaten
206 4329 756 4373 verkauft werden kann, ist nicht sicher.\:p\
254 4368 965 4407 \p\Besser steht es mit dem Palmöl, das seit dem Krieg
200 4398 965 4450 als Speiseöl, für Margarine und so weiter verwendet
203 4433 965 4474 und hauptsächlich von England angekauft wird. Aber
202 4468 965 4515 die Engländer verlangen ein vollkommen reines Oel,
200 4502 964 4543 was eine viel raschere und sorgfältigere Verarbeitung
203 4541 962 4572 erforderlich macht. Die roten Palmfrüchte, die von den
203 4571 966 4610 Negern am Morgen gesammelt werden, müssen am
203 4604 962 4642 gleichen Tag gepreßt und filtriert sein, damit sie nicht
203 4638 968 4683 sauer werden. Die Oelfabrik in Molanda arbeitet jetzt
202 4668 965 4711 von mittags bis spät in die Nacht hinein, und es ist
209 4706 986 4742 gelungen, den Säuregehalt auf drei bis vier Prozent
203 4740 968 4777 herabzudrücken, während sich die Engländer mit einem
203 4769 962 4804 Maximum von 8 Prozent zufrieden geben. Das Oel
203 4807 968 4842 wird sofort in Fässer gefüllt und an die „Huilerie du
212 4831 966 4875 Congo Belge“ geliefert, die ein Monopol für die Aus¬
214 4866 962 4911 fuhr besitzt und dem Pflanzer 1250 Franken in Kongo¬
209 4896 851 4958 währung für die Tonne als Vorschuß bezahlt.\:p\
1030 596 1756 638 \p\So geht in Molanda das Leben weiter, auch wenn
989 635 1748 672 es schwieriger geworden ist: So schwer wie zu Beginn
980 669 1744 711 ist es doch noch nicht. Man beschäftigt und bezahlt jetzt
989 705 1744 742 nur noch 400 bis 500 Arbeiter. Man wird weniger
986 734 1747 778 Kaffee ernten. Die neuen, bei Brown Boveri bestellten
986 770 1747 807 Maschinen kamen nicht mehr an, sondern wurden von
989 802 1748 840 Belgien in die Schweiz zurückgeschickt. Aber man stellt
986 835 1747 874 in Molanda doch täglich zwei Tonnen Oel her, wofür
986 871 1745 912 man etwa zehn Tonnen Früchte braucht. Man setzt
986 910 1747 939 Kakao als Zwisschenpflanzung zwischen die Palmen
986 939 1750 975 Man hat schon schwere Zeiten gekannt, man wird
989 970 1744 1010 auch diese überdauern, welche Anstrengung es immer
986 1007 1747 1040 kosten mag. Denn die Plantage ist nicht nur ein ge¬
986 1035 1756 1078 schäftliches Unternehmen, dessen Werte und Verluste
986 1073 1747 1109 man in Zahlen abschätzt. Sie bedeutet ein Lebenwerk,
986 1102 1726 1157 das man nicht verderben lassen kann. A. C.-Sch.\:p\
1326 1138 1415 1194 Ende
