3712 5416
464 406 616 482 Kino
194 473 886 549 in der spanischen Provinz
167 540 949 607 \p\Kinos gibt es überall: in den kleinsten Orten,
125 585 949 645 im Gebirge ebenso wie in den Fischernestern an der
113 631 981 693 westlichen oder östlichen Küste. In Deutschland
116 676 949 717 muß man in Städten von der Größe Dinkelsbühls
116 718 949 766 erst nach dem Kino suchen, und in Chur gibt es
116 750 981 798 bis heute nicht täglich eine Vorstellung — das wäre
113 790 949 844 in Spanien oder mindestens in Nordspanien nicht
113 823 955 881 denkbar. Die Leute gehen gern ins Kino — das mag
116 865 981 920 mit ihrer Leidenschaft für alles Szenenhafte, Theatra¬
113 908 954 954 lische zusammenhängen. Man kann diese Leidenschaft
119 953 949 993 verfolgen von den Autodafés bis zu den Sakrament¬
119 986 982 1030 spielen Calderons, und von Calderon bis zu den
119 1012 982 1074 Stierkämpfen und ihren bunt-heroischen Aufzügen.
113 1066 981 1109 Von da zu den Filmen, die man zu sehen bekommt,
119 1099 911 1142 ist allerdings ein Schritt und eine Stufe abwärts —
113 1135 981 1176 mindestens was Pracht und Buntheit, barockes, reli¬
122 1181 949 1229 giöses und heroisches Pathos anbelangt. Nein, das
113 1221 981 1268 Kinopublikum ist herzlich anspruchslos — nur die
113 1259 981 1310 Freude am Bewegten, Abenteuerlichen, auch am Sen¬
113 1300 981 1336 timentalen ist geblieben. Und daß so bemerkenswert
113 1338 981 1395 viele Abenteuerfilme gezeigt werden dürfen — von
113 1374 981 1433 den Wildwest-Cowboys bis zu den Gangsters und
119 1412 981 1462 Edgar Wallace — das erinnert wieder an den naiven
113 1447 982 1497 Spaß, den immer wieder die Abenteuer Don Qui¬
113 1491 981 1532 chottes breitesten Volksschichten bereiten. Und Don
113 1531 946 1571 Quichotte wiederum ist ja doch ein verzerrter Held,
108 1566 946 1611 dem großen Eid blutsverwandt ... Sicher geht ein
113 1601 949 1653 echter Spanier lieber zum Stierkampf als ins Kino,
113 1643 954 1692 und sicher erwärmt er sich leidenschaftlicher für einen
113 1684 955 1725 populären Matador als für eine noch so weltberühmte
122 1726 981 1778 Diva. Und nach dem Stierkampf kommt in den Bas¬
115 1767 483 1813 kenländern die Pelota.\:p\
167 1792 982 1844 \p\Dann aber das Kino — und eben nicht als fest¬
116 1838 953 1879 liche, sonntägliche Veranstaltung. Nein, das Kino
116 1877 981 1934 gehört zum Werktag, ist spottbillig, beginnt um halb
116 1915 981 1962 sechs Uhr oder halb acht Uhr, und dauert dann gut
113 1956 981 2000 und gern bis Mitternacht. Die Arbeiter gehen hin,
113 1989 981 2053 aber nicht allein, sondern mit ihren Freundinnen,
116 2031 981 2073 mit Frau und Kind, und die Schulbuben besetzen
113 2069 954 2112 hordenweise die Galerie, prügeln sich ab und zu im
119 2107 982 2153 Dunkeln, schleudern Nüsse, pfeifen, johlen, brüllen sich
113 2142 981 2191 hemmungslos ihre Eindrücke zu. Daß die Säuglinge
113 2180 981 2230 häufig zu weinen beginnen wundert keinen — die
119 2219 982 2262 Mütter beschwichtigen sie, das Publikum ist geduldig.
119 2258 962 2302 Sogar in Barcelona geht es genau so zu. — Auch
125 2291 958 2337 in ihren Programmen ist diese Weltstadt übrigens
119 2334 982 2380 nicht so "auf dem laufenden", wie man es erwarten
113 2376 941 2415 würde. Im Mai konnte man die „Blonde Venus"
119 2402 982 2466 sehen — also mit einer Verspätung von einem halben
122 2447 981 2501 Jahr gegenüber Mitteleuropa. In der Provinz sind
113 2483 981 2541 die Programme ziemlich stereotyp: ein amerikanischer
119 2520 982 2566 Film — meistens ziemlich alt, immer abenteuerlich,
119 2560 982 2599 sehr viel Detektivfilme (welche Mühe für uns Aus¬
122 2600 981 2637 länder — denn der englische Ton war meistens
119 2637 982 2696 schlecht übertragen, und die spanischen Textstreifen
113 2675 954 2722 konnten wir in der Eile auch nicht verstehen) — nach¬
113 2709 919 2765 her, im zweiten Teil, folgt ein spanischer Film —
116 2750 953 2793 das bedeutet meistens: ein Film, der von einer ameri¬
116 2788 955 2834 kanischen Produktionsgesellschaft mit spanischen
125 2830 982 2891 Schauspielern und spanischen Regisseuren hergestellt
118 2866 238 2924 wurde.\:p\
173 2887 981 2942 \p\Und hier begibt sich nun das Erstaunliche: die
119 2934 982 2977 Filme wirken, als seien sie für ein Fremdenpublikum
113 2984 955 3028 berechnet, dem man das ach so romantische, das ganz
125 3015 953 3059 im Süden, in Andalusien vielleicht noch vorhandene
116 3057 981 3100 mit allen sentimental-konservativen Reminiszenzen
125 3094 955 3141 behaftete Spanien mundgerecht machen wollte. Und
113 3136 981 3178 doch waren wir in Huesca und in Seo de Urgel, in
119 3169 982 3215 Jaca und Pamplona gewiß die einzigen, weidlich
119 3208 982 3252 bestaunten Ausländer! Nein, die Spanier selbst lieben
125 3249 982 3296 dieses Märchen-Spanien, stilisieren es, machen sich
119 3287 982 3333 zugleich darüber lustig: da kommen immer dieselben
122 3324 981 3374 Figuren vor wie Bajazzo und Harlekin in der italie¬
119 3363 983 3410 nischen Komödie: ein strenger, aber wohlwollender
119 3403 958 3443 Vater, eine schmachtende, üppige, wohlbehütete und
122 3449 964 3488 liebreizende Tochter, ihre Duenna, ihr durchaus
125 3481 982 3529 schlechter, betrügerischer und dämonischer Freier, und
125 3521 982 3557 endlich der Liebhaber, ein Kavalier, ein Sänger, mei¬
125 3557 982 3604 stens arm, meistens am Schluß reich, vor allem aber
128 3592 955 3639 ritterlich und musikalisch. Mit diesen Figuren wird
125 3632 982 3677 gespielt — in Gartenbosketten, bei Maskenfesten, auf
119 3674 982 3715 dem Balkon, in der volkstümlichen Kneipe — die
125 3706 958 3758 Liebesszenen gleichen sich haarscharf, der Liebhaber
125 3752 961 3801 sinkt auf ein Knie, das Mädchen flieht mehrmals,
119 3787 955 3833 bevor sie ihn erhört, er singt nachts vor ihrem Fenster.
125 3829 982 3874 Ja, so spielt sich alles ab, schon seit Don Juan und
122 3866 981 3918 dem Barbier von Sevilla, und so muß es sich weiterhin
985 392 1840 429 abspielen, weil die Spanier ein konservatives Volk
985 430 1840 477 sind, ganz gleich, ob Bauern, Fischer, Matrosen oder
988 468 1840 515 Fabrikarbeiter. Und so nähern sich diese spanischen
985 504 1840 555 Filme immer mehr der Spieloper — nicht nur dem
985 547 1810 597 Sujet nach, auch formal. Da wird immer mehr ge¬
985 588 1840 632 sungen, Held, Buffo und Diva haben ihre Solo-Arien,
969 616 1764 673 das Publikum spendet begeistert Zwischenbeifall —
988 663 1840 704 auch der Aufbau, mit der Katastrophe im zweiten Akt,
985 703 1818 743 der raschen und glücklichen Lösung im dritten, hat
969 735 1818 801 mit Film überhaupt nichts zu tun, ist ältestes Opern¬
984 780 1122 832 requisit.\:p\
1035 813 1816 867 \p\Drüben in San Sebastian — wo es um diese
985 855 1840 903 Jahreszeit auch noch keine Fremden gibt — bekamen
969 897 1841 959 wir dann einen Strohheim-Film zu sehen, und die
988 936 1840 981 französische Version des Jannings-Films „Stürme
969 973 1840 1018 der Leidenschaft“ — und wir hatten wieder einmal
969 1023 1840 1073 Ursache, über die beinahe unlöslichen Probleme, die
969 1053 1840 1106 der Tonfilm ausgibt, uns Gedanken zu machen: denn
985 1096 1822 1141 es war nicht der gleiche Film, und die französische
969 1131 1840 1176 Fassung war unvergleichlich viel besser und aufregen¬
991 1176 1840 1214 der als die deutsche — und jeder Film dürfte doch
969 1214 1818 1268 nur in einer einzigen Fassung gedreht und gezeigt
969 1251 1840 1293 werden, nämlich der besten... Eine spanische Version
969 1298 1818 1355 blieb uns erspart — es bleibt also zu hoffen, daß es
969 1337 1818 1395 die Produktion zu teuer zu stehen käme, jedem Land
969 1372 1815 1416 jeden großen Film besonders zu servieren — so das
969 1406 1815 1461 doch einige internationale „Höchstleistungen" über die
969 1445 1840 1513 nationalen Grenzen hinweg dem Publikum gegönnt
969 1483 1234 1546 werden müssen.\:p\
1200 1525 1792 1597 \g\Annemarie Schwarzenbach\:g\.
