4322 7078
631 4654 1069 4730 \p\Im Elbursgebirge [Fotografien, insbesondere A-5-06/144 - 'Kasvin' ist der Ort unterhalb von Alamut]
607 4721 1101 4775 Von Dr. Annemarie \g\Clark\:g\\:p\
447 4750 1315 4816 \p\Es gibt noch immer keine genauen Karten vom
398 4783 1314 4850 Elbursgebirge. Es zieht sich, eine riesige Festungs¬
397 4836 1296 4879 mauer, dem Nordufer des Kaspischen Meeres entlang,
397 4864 1296 4912 einige Paßstraßen, zahlreiche Saumpfade, verbinden
399 4901 1295 4944 die tropische Landschaft Mazanderan mit dem ira¬
393 4936 1314 4976 nischen Hochland, — dazwischen liegt Kette an Kette,
398 4967 1314 5023 Tal an Tal, und man kann tage= und wochenlang auf
404 5004 1314 5051 Maultieren unterwegs sein, ganz ausgeliefert den ein¬
392 5042 1299 5086 heimischen Führern. Wie man nach Alamuth, dem Sitz
393 5073 1314 5116 des [„Alten vom Berge“ [gemeint ist Hasan-i Sabbāh, gründer des 'Assasinen'-Ordens]gelangt, findet sich auf keiner
391 5112 1288 5156 Karte eingezeichnet: aber die Einheimischen führen
392 5139 1314 5192 einen unfehlbar in achttägigem Ritt in das Tal, wel¬
390 5177 1314 5228 ches den Klingsor-Garten barg, und an den Fuß des
395 5214 1313 5259 düsteren Felsen, auf dem sich die Burg befand. Sie
387 5243 1301 5291 war im 12. Jahrhundert erbaut worden, — von dem
397 5274 1314 5328 fanatischen Anhänger der ismaelitischen Sekte, dessen
393 5318 1314 5357 gedungenen Mördern Kreuzritter, Fürsten und Könige
393 5348 1315 5401 bis nach Syrien hinüber zum Opfer fielen [Kommentar: die Burg wurde von Hasan-i Sabbāh lediglich ausgebaut, AS erzählt hier und im Folgenden eher den Mythos als die historische Begebenheiten nach]. Der Alte
399 5384 1314 5421 pflegte seine Adepten mit Haschisch zu betäuben, und
397 5418 1314 5453 sie erwachten dann, unklaren Geistes, in einem Zauber¬
393 5453 1314 5495 garten, wo es außer dem Haschischkraut auch schöne
397 5485 1315 5524 Mädchen gab, und wo sie sich im Paradies glaubten.
393 5524 1314 5572 Wieder betäubt, brachte man sie in die Feste Alamuth
392 5555 1314 5609 zurück, — wo sie dann dem Alten Treue schwuren,
397 5594 1314 5630 und gern bereit waren, ihr Leben zu opfern — da sie
387 5620 1314 5666 nachher die Freuden jenes Garten erwarteten! Daher
397 5653 1315 5697 der berüchtigte Todesmut dieser Mörderbande, die den
393 5683 1293 5737 Tod fast zu suchen schien: der Alte, der selbst vierzig
393 5720 1314 5763 Jahre lang die Burg nicht verließ, sandte die Adepten
393 5755 1314 5801 mit Mordaufträgen durch die Lande, und der Beauf¬
391 5792 1314 5831 tragte scheute sich nicht, tollkühn sein Opfer anzufal¬
387 5829 1314 5875 len, wo es auch war — mitten in den Straßen von
391 5863 1314 5898 Antiochia, — oder es erbarmungslos zu verfolgen,
391 5892 1314 5945 über die Wüsten, die Meere. Das Wort „Hashshashin“,
393 5928 1314 5960 Haschischesser, als „Assassin“ übernommen, nahm des¬
393 5960 1314 6006 halb bei den Kreuzrittern zuerst die Bedeutung von
386 6001 1314 6040 „Mörder“ an. — Die Mongolen haben Alamuth er¬
1330 4671 2248 4721 obert und zerstört — der Name ist geblieben, und unter
1334 4705 2248 4741 den Einheimischen, Hirten, Nomaden, auch einige Erin¬
1334 4740 2249 4783 nerungen. Aehnlich knüpfen sich an Türme, Grabhügel,
1310 4776 2248 4823 Ruinen am Wegrand Ueberlieferungen, in denen sich
1310 4806 2248 4847 Wahrheit, Phantasie und Legende nicht mehr unter¬
1336 4843 2228 4894 scheiden lassen. Ruinenhügel bergen fast immer
1336 4875 2191 4923 Schätze, — Alexander der Große, der Held Iskender, – [corr: Gedankenstrich tilgen?]
1336 4907 2248 4948 ist hier vorbeigezogen und hat goldene Helme vergra¬
1310 4947 2249 4994 ben. — Die Türme sind Grabtürme Chingis Chans
1310 4981 2248 5039 und Timurs, die steinernen Altäre hat Zoroaster er¬
1310 5008 1445 5067 richtet. –\:p\
1378 5036 2249 5087 \p\Aber weite Strecken des Elburs sind geschichtslos.
1309 5063 2235 5130 Gibt es Ruinen neben den Saumwegen, so sind es die
1336 5119 2232 5161 zerfallenen Mauern eines Khans, eines einfachen
1309 5162 2248 5203 Karawanenhofs. Man findet keine Siedlungen, die
1309 5190 2248 5244 einzigen Bewohner sind Nomaden, die mit ihren Zel¬
1309 5214 1922 5263 ten den Weideplätzen nachwandern.\:p\
1372 5239 2249 5293 \p\Ein solches Tal, nur Nomaden und Maultiertrei¬
1309 5283 2248 5336 bern, und seit Kurzem den Pferdehütern des Schahs
1310 5327 2248 5369 bekannt, ist das Lahr: zweitausendfünfhundert Meter
1310 5360 2223 5400 hoch, von einem breiten, flachen Forellenbach durch
1310 5386 2246 5437 flossen, mit wunderbar grünen Uferbänken, darüber
1310 5422 2248 5460 hellgrauen Felsen, und einem blauen Himmel, den
1310 5458 2249 5512 man der Côte d'Azur und dem Engadin vorbehalten
1310 5491 2248 5542 glaubte. Am Talsausgang steht, breitfüßiger Riese,
1309 5522 2222 5566 der Demawend. Er ist einer der uralten Vulkane
1310 5555 2248 5614 Asiens, schon in frühesten Zeiten erloschen, gleichmäßig
1310 5583 2248 5643 kegelförmig, fast sechstausend Meter hoch. Jetzt, im
1310 5624 2248 5680 Sommer, ist er gestreift wie ein Zebra: soviel Schnee
1310 5659 1663 5707 bleibt immer zurück.\:p\
1372 5683 2249 5733 \p\Man muß hoch hinaufsteigen, um der Hitze des per¬
1310 5732 2248 5773 sischen Sommers zu entgehen; man muß achtstündige
1310 5769 2248 5803 Maultierritte, ein wenig Herzklopfen und Schlaflosig¬
1310 5790 2248 5842 keit in Kauf nehmen. Eine Karawane von fünfund¬
1309 5832 2248 5872 zwanzig Packtieren brachte die Zelte, die Küche und
1310 5871 2248 5907 Vorräte von Teheran in zwei Tagen bis zum Lager¬
1310 5901 2248 5935 platz. Wir folgten — den ersten Teil der Strecke im
1310 5938 2248 5974 Auto — mit Feldbetten, Schafpelzen, Angelgerät. Die
1310 5967 2248 6011 Pelze, über die harten Sättel gelegt, erleichterten das
1310 5995 2248 6051 stundenlange Reiten. Was für eine Geduldsprobe am
2244 4675 3185 4733 Anfang! Später gewöhnt man sich an den gleichförmig
2244 4688 3184 4758 langsamen Schritt, das schläfrige Singen der Treiber,
2244 4749 3185 4790 das endlose Auf und Ab über mehrere Pässe, unter
2244 4781 3185 4818 einer erbarmungslosen Sonne. Gegen Mittag macht
2244 4818 3185 4865 man an einer Quelle halt. Schafe schlafen, die Köpfe
2277 4857 3184 4893 zusammengesteckt, um so in ihrem eigenen Schatten
2265 4886 3184 4934 Schutz zu suchen. Und noch auf den letzten Grasbän¬
2244 4925 3185 4970 dern zwischen Felsen — längst ist die Baumgrenze
2244 4960 3185 4994 überschritten — treffen wir weidende Kamele an.
2244 4991 3185 5029 Gegen den leeren Himmel scheinen sie phantastisch
2260 5017 3185 5075 groß, und hängen so drohend über uns, als würden
2244 5059 3129 5111 sie jeden Augenblick plump auf uns niederstürzen,
2244 5084 2865 5137 aber sie gehen sicher wie Maultiere.\:p\
2310 5125 3184 5160 \p\Nach dem letzten Paß durchqueren wir ein weites
2244 5159 3185 5206 Talbecken, dessen trockenes Gras von Millionen von
2244 5199 3186 5239 Heuschrecken raschelt und knistert. Ich schlafe auf mei¬
2256 5225 3185 5272 nem Sattel, — ich träume von Früchten, — erwache,
2244 5264 3163 5307 weil das Tier sich in Trab setzt, und merke, daß ich
2244 5302 3185 5340 meinen Photographenapparat in der Hand für einen
2243 5326 2952 5377 Apfel halte, und hineinzubeißen versuche!\:p\
2310 5367 3184 5404 \p\Endlich, gegen Abend, biegen wir in das Lahrtal
2244 5398 3185 5446 ein. Der Pfad senkt sich, wir erblicken die Reihe
2244 5440 3185 5484 weißer Zelte, ein Feuer dahinter, bei den niedrigeren
2243 5455 3185 5525 Küchenzelten, — und ein kühler Wind kommt uns vom
2244 5498 2582 5539 Fluß her entgegen.\:p\
2313 5522 3184 5576 \p\Das ist also unser Lager. Die doppelt gefertigten
2244 5549 3185 5625 Zelte kommen aus Indien und heißen aus irgend
2244 5597 3155 5644 einem Grund „Schweizer Hütten“. Ein Dach gegen
2244 5635 3185 5679 Hitze und Kälte ist über den etwas kleineren, gelb
2258 5672 3184 5725 ausgekleideten Innenraum gebreitet. Im hinteren Teil
2244 5704 3184 5748 ist ein kleiner Waschraum ausgespart, den Wänden
2244 5746 3158 5801 entlang gibt es, wie im Schlafwagen, Netze, — Stuhl,
2244 5777 3185 5813 Tisch und Feldbett bilden die Einrichtung, — man
2244 5815 3185 5850 wird hier wochenlang leben können [corr: .] Die Tage ver¬
2244 5846 3185 5875 gehen schnell, die Sonne ist so stark, daß man den
2244 5875 3186 5917 Nacken und sogar die Hände mit Tüchern schützen muß,
2244 5917 3185 5949 und keine kurzen Hosen tragen kann. Es genügt, die
2244 5946 3185 5994 Knie oder Arme zu verbrennen, um Fieber zu bekom¬
2244 5981 3185 6023 men. — Dunkle Brillen sind unentbehrlich, das Licht
2243 6006 3185 6079 ist am Mittag weiß, mörderisch, und fällt senkrecht auf
3180 4689 4110 4736 das Wasser [corr: .] Gegen fünf Uhr nachmittags beginnt
3180 4726 4102 4761 man mit der Angelrute dem Fluß entlang zu waten.
3180 4754 4101 4803 Das ganze Lager nährt sich von Forellen ... — Die
3180 4791 4106 4839 Dämmerung war ein großartiges Schauspiel — jeden
3180 4816 4104 4877 Abend wechselnd, so schien es, prächtigere Farben des
3180 4851 4104 4903 Himmels zeigend, eine wunderbare Silhouette der
3180 4896 4101 4935 Berge, die sich schweigend, in Dunkel gehüllt, in die
3180 4930 4101 4964 große Grasebene vorschoben. An den Abhängen leuch¬
3180 4967 4101 5016 teten die roten Feue[corr: r] der Nomaden auf. — Man stand
3179 4999 4101 5043 bis zu den Hüften im Fluß, betrachtete, stakte langsam
3180 5033 4106 5074 weiter, es war schon spät, die Fische bissen nicht mehr,
3194 5060 4106 5108 der Wind blies vom Demawend her, man begann zu
3206 5098 4102 5148 frieren. Dann machte man sich auf den Heimweg. Im
3180 5140 4104 5184 kleinen Tschaikhane, welches wie eine Sennhütte im
3179 5168 4104 5216 Schutz des Berghangs am anderen Ufer lag, brannte
3180 5195 4101 5251 das Herdfeuer und füllte die Türöffnung. Dort saßen
3180 5236 4104 5278 die Treiber, die mit ihren Karawanen von Mazanderan
3202 5273 4103 5320 heraufgekommen waren, und über den alten Afje-Paß
3180 5294 4104 5347 in die Ebene von Veramin und Teheran hinabsteigen
3194 5341 4106 5387 würden. Man hörte die Esel und Maulesel schreien,
3179 5361 4101 5430 die im niedrigen Sumpfgras am Flußufer standen,
3179 5410 4104 5456 und unsere Tiere antworteten ihnen, langgezogen und
3180 5449 4104 5479 klagend. — Um acht Uhr war es dunkel, wir versam¬
3180 5483 4101 5525 melten uns, umgekleidet, in warmen Sweatern und
3210 5510 4106 5563 Jacken, im geräumigen Wohnzelt zum Nachtessen. Man
3180 5549 4106 5597 fühlte sich wunderbar müde, wunderbar hungrig, es
3179 5577 3618 5629 war ein gutes Leben ...\:p\
3256 5611 4101 5658 \p\Die Berge des Lahrs sind voll von Mufflons und
3179 5627 4101 5696 Steinböcken. Stieg man gegen sieben Uhr, oder früh
3180 5689 4107 5734 morgens, in die Felsen hinauf, so war man sicher,
3179 5720 4104 5769 sie zu sehen: sie durchkreuzten die breiten Sandstreifen
3200 5756 4107 5794 zwischen zwei Felsmassiven, eine Kette bildend, leicht¬
3180 5790 4104 5836 füßig, die Kleinen hinter den Muttertieren, ein Bock
3179 5810 4104 5871 mit gewaltigen Hörnern voraus. Es sind die persischen
3180 5856 4107 5910 Fabeltiere, abgebildet auf Gefäßen des vierten Jahr¬
3180 5893 4104 5933 tausend, stilisiert, ein winziges Dreieck als Körper, und
3180 5931 4107 5963 die Hörner schwungvoll vergrößert das Gefäß umklei¬
3180 5962 4107 6007 dend, — [von den Bewohnern Luristans als Prunkgebiß
3180 5992 4107 6042 und zarte Amulettfigürchen in Bronze geformt [Luristan-Bronzen], spassig
3180 6027 4108 6086 zur Karikatur verzerrt, oder graziös, an die Arbeiten\fml\\:p\
242 4441 1154 4500 \p\\fml\von Renée Sintenis einnernd. Sie bewohnten die Fel¬
230 4482 1131 4542 sen, — unten, auf den Grasbänken, weideten die Pferde¬
235 4517 1155 4571 herden des Schahs. Sechshundert Pferde befanden sich
232 4547 1137 4600 dieses Jahr im Lahrtal, Stuten und Fohlen, hundert¬
240 4586 1154 4650 fünfzig davon in der Nähe unseres Lagers. — Abends
237 4617 1154 4662 kamen sie an den Fluß, zur Tränke, — durch ein Ge¬
230 4658 1154 4710 räusch erschreckt, stürzte sich manchmal die ganze Herde
232 4688 1154 4733 in das Wasser und floh an das andere Ufer: man
235 4720 1155 4763 vernahm das Einbrechen ihrer Leiber in das Wasser
237 4756 1154 4808 wie Sturm, und nachher das Donnern der Hufe auf
232 4785 516 4830 dem Grasgrund.\:p\
285 4824 1154 4878 \p\Im Juli gab es wenig [Nomaden[Fotografien von Nomaden und Hirten im Lahr-Tal]. Im August setzte
230 4857 1130 4914 erst die große Wanderung ein. Sie kamen flußauf¬
226 4892 1154 4941 wärts, mit Schafherden, die die Abhänge bedeckten,
226 4929 1154 4973 mit schwarzen Ziegenhaar-Zelten, Rudeln bösartiger
237 4963 1154 5007 Hunde, Kupferkesseln, Sätteln. Die Frauen trugen
235 4996 1155 5039 lange, schwarze Hosen und tiefrote Hüfttücher, die
237 5029 1154 5077 Männer gingen in langen Röcken, breiten Gürteln und
232 5063 1154 5114 runden Filzkappen, — wie die Tributbringer auf
226 5105 1155 5160 sassanidischen Felsreliefs. Es war ein vielfältiges Trei¬
230 5134 1154 5186 ben dem Fluß entlang, wir konnten saure Milch,
230 5167 1154 5220 Lammfleisch und Käse kaufen, aber wir wurden beim
225 5203 1154 5246 Fischen gestört. Schon wurde der Abend kürzer. Und
232 5240 1154 5291 mit den näherkommenden Nomadenzelten rückte uns
226 5264 1155 5327 der Herbst auf den Leib. Wir rüsteten zum Aufbruch.\:p\
285 5299 1154 5358 \p\Als wir in der Ebene angelangt waren und den
232 5341 1154 5385 Demawend wieder erblickten, war er nicht wieder zu
232 5380 1154 5423 erkennen: der Nachbar Riese, herrlicher und vertrauter
230 5402 1153 5473 Anblick, war zu einem Zuckerhut zusammenge¬
226 5439 399 5493 schmolzen. –\:p\
