3752 5472
284 421 1714 514 Die Versorgung der Schweiz über Portugal
380 533 947 599 A. C. S. Lissabon, Ende Februar
192 574 1008 627 \p\Im Hafen von Lissabon liegen zurzeit mehrere
148 624 978 675 \g\Transportschiffe\:g\, die an beiden Seiten weithin
146 672 1008 718 sichtbar das \g\Schweizer Kreuz\:g\ im roten Feld und
139 713 1008 748 die Aufschrift „Switzerland" tragen. Zwei von ihnen,
139 747 965 793 die der Schweizerischen Reederei gehörende „Maloja
142 787 978 832 und die jugoslawische „Dubac“, haben während des
137 819 974 875 ungewöhnlich heftigen Zyklons, der Portugal letzte
149 867 983 907 Woche heimsuchte, Schäden erlitten und befinden sich
146 905 979 947 in Reparatur. Durch den Zyklon ging außerdem die
139 942 981 994 Fracht von einigen kleinen portugiesischen Segel¬
137 983 1008 1026 booten verloren, die im Lissaboner Hafen zum Um¬
146 1022 1008 1074 laden von für die Schweiz bestimmten Gütern ver¬
139 1058 396 1113 wendet wurden.\:p\
204 1088 985 1145 \p\Lissabon, einer der letzten freien Häfen an der
137 1136 972 1178 Europäischen Küste des atlantik, ist seit Beginn des
146 1178 1008 1216 italienisch-griechischen Krieges auch der \g\Zufluchts¬
139 1214 987 1260 ort\:g\ jener fünfzehn \g\griechischen Dampfer\:g\,
137 1257 1008 1305 welche, von der Schweiz gechartert, bis zu jenem
142 1294 987 1335 Moment das Gros der „Schweizer Handelsflotte“ ge¬
139 1333 969 1378 bildet haben. Einigen dieser Schiffe wurde von eng¬
137 1365 1008 1418 lischer Seite die Erlaubnis, Gibraltar zu passieren,
139 1417 981 1454 um nach Genua zu fahren, wenige Tage vor Ausbruch
146 1452 974 1490 des italienisch-griechischen Konflikts gewährt. Sie
146 1486 1008 1550 blieben teils in Madeira und Teneriffa, teils in Porto,
139 1525 983 1571 teils in Lissabon stecken. Jetzt handelt es sich darum
146 1570 988 1614 sie in Lissabon zu versammeln, um hier die durch die
139 1607 978 1651 veränderte Lage erforderten Umladungen vorzu¬
137 1653 990 1698 nehmen. Die Schweiz ersetzt die ausfallenden Griechen¬
139 1687 987 1730 dampfer durch Frachtschiffe anderer Herkunft, in der
151 1726 1008 1767 Mehrzahl durch jugoslawische sowie spanische und
155 1765 988 1809 Panama-Schiffe. Auch der unter der Panama-Flagge
148 1804 1008 1852 fahrende Dampfer der Schweizerischen Reederei, die
148 1843 983 1891 „Maloja“, muß die von Genna mitgebrachten Export¬
146 1879 1008 1943 güter in Lissabon ausladen, um in Tenerissa für die
148 1918 1008 1961 Schweiz bestimmte Waren abzuholen. Sie war
137 1957 1008 2000 ursprünglich nur für den Pandelverkehr zwischen
148 1998 1008 2041 Genua und Lissabon bestimmt und beförderte
142 2033 981 2087 Schweizer Exportgüter für Portugal, Portugiesisch¬
148 2080 1008 2138 und Südafrika, Britisch-Indien, Brasilien und Argen-
139 2117 252 2174 tinien.\:p\
204 2135 1008 2197 \p\Während des letzten Weltkriegs blieb das von den
142 2188 981 2238 verbündeten Flotten Italiens, Frankreichs und Groß¬
137 2227 1008 2272 britanniens kontrollierte Mittelmeer offen. Heute
137 2259 1008 2314 haben sich die Verhältnisse im Mittelmeer völlig ge¬
146 2314 981 2352 ändert, und die Handelsschiffahrt der ganzen Welt
142 2350 1008 2400 steht vor einer beschränkteren Situation, als es die
1017 521 1850 592 vor der Entdeckung des Seeweges nach Indien ge
1010 579 1884 626 wesen ist. Dank dieser Situation hat \g\Lissabon\:g\
1017 619 1886 659 eine Bedeutung erhalten, die es seit den Tagen von
1010 654 1884 700 Columbus und der amerikanischen Goldschiffe nicht
1010 688 1854 741 mehr gekannt hat. Aber von allen Ländern Europas
1019 732 1884 793 ist zurzeit keines so sehr auf den Hafen von Lissabon
1017 779 1886 814 angewiesen wie die Schweiz, diese neutrale Insel im
1027 814 1884 873 Herzen unseres vom Krieg heimgesuchten Kontinents.
1013 851 1884 889 Die für die Schweiz bestimmten Ladungen können,
1013 889 1849 944 falls der nötige Schiffsraum vorhanden ist, nach
1013 931 1856 985 Genua gelangen. Die Leitung der Transporte über
1010 962 1884 1022 diese vorzüglich ausgestatteten Häfen stellt nach wie
1010 1004 1861 1051 vor den leistungsfähigsten Transportweg dar. Die
1022 1051 1884 1097 Schwierigkeit besteht aber darin, die nötigen Schiffe
1019 1084 1589 1139 unter neutraler Flagge aufzutreiben.\:p\
1066 1111 1884 1175 \p\Außer diesem Seeweg nach Genua steht der Schweiz
1010 1164 1884 1228 noch der \g\Landweg\:g\ von Portugal \g\über
1022 1205 1886 1262 Spanien\:g\ offen. Der Ausgangspunkt für beide
1010 1244 1861 1298 Wege ist jedenfalls Lissabon. In der Reihe der heute
1019 1289 1884 1337 für die Versorgung der Schweiz lebenswichtigen Ver¬
1017 1330 1886 1376 kehrsstraßen kommt daher der Bahnverbindung von
1010 1367 1857 1417 Lissabon über Spanien nach der Schweiz zweifellos
1017 1408 1859 1454 eine entscheidende Bedeutung zu. Das reibungslose
1013 1440 1861 1493 Funktionieren des Verkehrs mit der Schweiz von
1010 1491 1884 1527 diesem Punkt aus hängt von verschiedenen Umständen
1019 1518 1857 1570 ab, die teils technischer, teils administrativer Natur
1025 1571 1102 1601 sind.\:p\
1061 1598 1886 1664 \p\Ein Rundgang durch die \g\Lissaboner
1019 1635 1857 1685 Hafenanlagen\:g\ genügt jedem, der moderne
1019 1685 1854 1726 Hafenanlagen wie Hamburg, Haifa in Palästina
1010 1726 1863 1774 oder Genua kennt, um sich über ein Kapitel von prak¬
1019 1762 1861 1811 tischen Schwierigkeiten des Themas „Die Versorgung
1010 1802 1852 1849 der Schweiz“ klar zu werden. Lissabon ist eine unge¬
1017 1847 1849 1889 mein reizvolle Stadt mit einer reichen Vergangen¬
1010 1881 1845 1936 heit, aber es hat seit Hunderten von Jahren ein stilles
1010 1927 1854 1962 und abseitiges Dasein geführt. Dem außerordent¬
1010 1959 1884 2005 lichen Verkehrsandrang der letzten Monate konnten
1010 1998 1861 2044 die Einrichtungen des Hafens kaum Genüge leisten.
1013 2039 1884 2083 Um die Ladung eines Getreidedampfers zu löschen, die
1010 2074 1884 2119 in Genua mittels moderner „Saugröhren“ in zwei
1019 2117 1861 2158 bis drei Tagen bewältigt wird, braucht man in Lissa¬
1010 2154 1884 2195 bon etwa vierzehn Tage. Die Fracht, die aus ver¬
1022 2199 1861 2243 schiedenen Sorten von südamerikanischem Weizen
1010 2238 1863 2279 Hafer und Mais besteht, muß an Bord durch Arbeiter
1010 2275 1854 2314 in Säcke gefüllt, auf kleine portugiesische Segler ver¬
1013 2309 1865 2352 laden, an Land geschafft und durch Camions in
1010 2348 1884 2409 irgendwelche Lagerräume transportiert werden. Der
1893 380 2727 441 gleiche Prozeß beginnt, wenn das Getreide auf einen
1893 432 2727 473 andern, nach Genua abgehenden Dampfer oder in die
1893 467 2721 515 Waggons eines durch Spanien und Frankreich nach
1893 499 2730 549 der Schweiz fahrenden Eisenbahnzuges befördert
1893 547 2727 587 wird. Mittlerweile mag es während des auf den
1893 585 2721 629 Dampfer erfolgten Füllens der Säcke geregnet haben
1893 626 2730 670 oder das Getreide blieb so lange in stickigen Waggons
1893 665 2730 706 oder Lagern liegen, daß es zu faulen oder zu gären
1893 707 2727 747 begann. Nun muß jeder einzelne Sack geöffnet, von
1893 741 2750 791 Experten geprüft werden, bevor die noch gute Ware
1893 777 2750 825 weitergesandt werden kann. Und auf jeden Fall sind
1893 814 2750 869 einige Prozent der Ware verloren, die für das täg¬
1893 857 2664 905 liche Brot der Schweizerbürger unentbehrlich ist.\:p\
1952 901 2732 949 \p\Es ist außerdem nicht selbstverständlich, daß für
1897 924 2723 981 die aus aller Welt eintreffenden, für die Schweiz
1893 974 2730 1020 bestimmten Waren die nötigen \g\Lagerräume\:g\ in
1893 1019 2727 1061 Lissabon vorhanden sind. Man zeigte mir mindestens
1893 1054 2750 1102 ein Dutzend verschiedener Lager, die vor einigen
1893 1097 2750 1143 Monaten unter dem Risiko gemietet wurden, daß sie
1893 1130 2723 1173 nie benützt werden würden, darunter befand sich
1893 1171 2736 1212 einige fünfzehn Kilometer außerhalb von Lissabon
1893 1212 2723 1251 eine Mühle, und sie sind heute alle gefüllt bis zur
1897 1251 2723 1294 Decke mit für die Schweiz bestimmten Waren. Es
1893 1283 2721 1331 handelt sich dabei meistens um Brotgetreide, Weizen
1893 1330 2750 1374 aus Südamerika und Mais. In einem Vorratsraum
1897 1367 2750 1417 in der Nähe des herrlichen Klosters Belleme liegen
1895 1408 2750 1452 zum Beispiel die Maissäcke einer Ladung, die im
1895 1438 2730 1495 November 1940 Lissabon mit der Bahn verlassen
1893 1484 2750 1532 hatte und unterwegs an der portugiesisch-spanischen
1895 1523 2728 1568 Grenze durch das von Spanien erlassene Verbot für
1893 1564 2727 1618 Transitgüter überrascht wurde. Eine große Anzahl
1893 1605 2750 1646 von Waggons gefüllt mit Mais blieb also stecken und
1893 1642 2750 1689 kam schließlich nach Lissabon zurück. Die Ware soll
1897 1678 2727 1726 nun auf Schiffen jugoslawischer oder anderer Her¬
1897 1708 2730 1767 kunft nach Genua abtransportiert werden. Inzwischen
1895 1760 2730 1808 sind auch Käfer in die Lagerräume gelangt und das
1893 1797 2750 1850 von ihnen angefressene Maiskorn träufelt als dünnes
1893 1836 2487 1888 Mehl aus den aufgestapelten Säcken.\:p\
1948 1865 2750 1921 \p\Es gibt zahlreiche andere Schwierigkeiten. Da ist
1893 1913 2721 1961 zum Beispiel die Frage des \g\Transport¬
1893 1946 2714 2003 materials\:g\. Um die regelmäßige Versorgungs¬
1897 1996 2750 2037 zufuhr von Lissabon auf dem Landweg zu decken,
1893 2030 2750 2074 würde die Schweiz wöchentlich mehrere Eisenbahnzüge
1893 2069 2721 2121 durch Spanien benötigen. Die Zahl der erhältlichen
1904 2112 2750 2154 Waggons ist aber durchaus ungenügend. Es ist ver¬
1893 2154 2750 2199 ständlich, daß gewisse Firmen in der Schweiz, welche
1897 2197 2750 2231 rasch verderbliche Rohprodukte, Chemikalien, Kakao
1897 2227 2750 2270 usw. benötigen, für den Bahntransport sehr hohe
1900 2268 2730 2311 Preise zu bezahlen gewillt sind. Dies bewirkt aber
1897 2307 2721 2350 eine allgemeine Preissteigerung für den spanisch¬
1893 2343 2732 2401 portugiesischen Transitverkehr, die anderen Schweizer
2769 2659 3612 2720 Firmen, besonders den Einkäufern von Engroswaren
2773 2705 3610 2755 wie Getreide zum Nachteil gereicht. Da anderseits
2768 2748 3608 2798 für den Transport auf dem Seeweg über Genua
2769 2784 3608 2833 nur sehr wenig Schiffsraum aufzutreiben ist, hängt
2769 2819 3605 2880 von der Offenhaltung des Landverkehrswegs über
2778 2860 3608 2906 Spanien sehr viel ab. Bis zum September 1940
2769 2897 3612 2944 wurden schweizerische Waren per Bahn durch Spa¬
2768 2936 3612 2990 nien transportiert. Die Sprengung der Brücke von
2776 2979 3612 3029 Lavillat und der durch Ueberschwemmungen ver¬
2773 3020 3608 3066 ursachte Einsturz mehrerer anderer Brücken zwischen
2778 3059 3608 3102 Perpignan und der spanisch-französischen Grenze bei
2775 3095 3610 3143 Cerbères bewirkten erste Stockungen auf diesem
2773 3144 3610 3180 Wege. Zeitweilig blieb nur die durch das Herz der
2778 3178 3612 3223 Pyrenäen führende einspurige Bahn von Canfranc
2769 3215 3612 3258 als Notbehelf übrig. Dann erhöhte das spanische
2778 3253 3608 3313 Transitverbot für eine Reihe von Gütern die
2775 3295 3025 3351 Schwierigkeiten.\:p\
2826 3311 3610 3386 \p\Wie in der Schweizer Presse schon mitgeteilt
2769 3381 3612 3423 wurde, befindet sich jetzt in Madrid eine von Pro¬
2782 3416 3610 3466 fessor Keller präsidierte schweizerische Kommission, um
2769 3457 3612 3500 über die Regelung des für unser Land lebenswichti¬
2769 3498 3614 3543 gen \g\portugiesisch-spanischen Transit
2773 3539 3610 3591 verkehrs\:g\ zu verhandeln. Auf den Vorschlag
2775 3578 3608 3619 unseres hiesigen Ministers hin wird die Kommission
2773 3615 3610 3658 anschließend nach Lissabon kommen. Die verantwort¬
2773 3655 3608 3699 lichen portugiesischen Stellen sind zweifellos zur Zu¬
2773 3694 3610 3736 sammenarbeit mit ihr bereit. Inzwischen wirken die
2769 3735 3612 3779 Vertreter schweizerischer Interessen, vor allem der
2773 3770 3610 3832 \g\Hafenkommissar\:g\ Paul Baerlocher und die
2782 3811 3615 3859 Repräsentanten von rund zwanzig Häusern, die sich
2769 3843 3608 3900 kürzlich in einer \g\„Union der Schweizer Tran
2769 3895 3612 3939 sitfirmen"\:g\ zusammengeschlossen haben, mit der
2773 3930 3610 3982 Gesandtschaft zusammen, um die Versorgung der
2778 3962 3612 4019 Schweiz über Portugal auf dem Land- und Seeweg
2775 4003 3608 4063 zu sichern. England wünscht die schweizerische Versor¬
2775 4046 3610 4092 gung einerseits zu sichern, anderseits seine durch die
2769 4083 3612 4124 unmittelbaren Kriegsinteressen gebotenen Regeln der
2775 4122 3610 4172 Blockade aufrechtzuerhalten. Sie betreffen natürlich
2769 4163 3612 4218 auch die aus portugiesischen Kolonien stammenden
2769 4202 3614 4246 über Lissabon gehenden Güter, darunter solche, die
2775 4245 3608 4294 für die Schweiz lebenswichtig sind, wie Zucker, Kakao,
2775 4282 3610 4335 Kaffee, Kopra, Kopra- und Erdnußöl, Terpentinöl
2775 4310 3619 4364 und Glukose. Von der Erteilung der \g\Navicerts\:g\
2773 4362 3619 4410 ist auch die Zufuhr von argentinischem Getreide, Wei¬
2778 4403 3612 4449 zen, Mais und Hafer oder Stückgüter aus den Ver¬
2769 4438 3614 4476 einigten Staaten, wie Schreibmaschinen und Photo¬
2775 4476 3617 4527 material, welche die Schweiz benötigt, abhängig. Die
2778 4520 3612 4568 Zusammenarbeit der englischen Stellen des „Mini¬
2775 4554 3619 4595 stry of Economic Warfare“ mit den entsprechenden
2775 4595 3610 4641 schweizerischen Stellen ist durchaus befriedigend. Das
2775 4632 3610 4677 Prinzip auf englischer Seite ist, daß die Schweiz mit
2769 4675 3612 4730 allen lebenswichtigen Gütern versorgt werden soll,
2771 4705 3610 4758 ohne aber Vorräte für eine längere Dauer als von
2778 4753 3612 4803 zwei Monaten anzuhäufen. Für unsere Landesversor¬
2775 4796 3619 4847 gung hängt viel von der Tätigkeit unserer auswärti¬
2773 4831 3607 4877 gen Vertretungen ab. Die altmodische, für die An¬
2775 4867 3617 4917 sprüche ihrer jetzigen Aufgaben wirklich zu enge und
2773 4908 3608 4949 bescheidene Schweizer Gesandtschaft in Lissabon, die an
2782 4949 3610 4997 Stelle des nach Sofia versetzten, verdienstvollen Ge¬
2773 4988 3607 5036 schäftsträgers M. Redard jetzt von unserm früheren
2778 5032 3614 5073 Minister in Warschau, M. Henri Martin, übernom¬
2775 5064 3608 5119 men wurde, trägt im heutigen Zeitpunkt mit die
2775 5107 3617 5165 größte Verantwortung und leistet mit die wichtigste
2775 5146 3493 5208 Arbeit für die Versorgung unseres Landes.\:p\
365 3275 691 3313 \f\Transportschiff\:f\
142 3726 1363 3777 \fp\Auf den jugoslawischen, für die Schweiz gecharterten „Sud“ wird im Lissa¬
279 3770 1221 3822 boner Hafen Mais für den Transport nach Genua geladen\:fp\
1740 2583 1829 2679 \f\Frachtdampfer\:f\
1522 3726 2759 3767 \fp\Der griechische Frachtdampfer „Nereus“ hat aus Südamerika Getreide für die
1866 3763 2393 3818 Schweiz nach Lissabon gebracht\:fp\
482 4750 773 4788 \f\Lagerräume Lissabon\:f\
153 5139 1369 5181 \fp\Es kostete viel Geld und Mühe, genügend Lagerräume für das auf den Ab¬
156 5176 1360 5229 transport in die Schweiz über Genua oder durch Spanien bereitgestellte Ge¬
210 5221 1296 5261 treide aufzutreiben. Weizen, Gerste und Hafer werden eingelagert.\:fp\
1807 4744 2078 4784 \f\Segelboot mit Ladung\:f\
1529 5132 2736 5185 \fp\Zum Teil wird das Mais mit kleinen Segelbooten („Pragattas“) bis zum Fracht¬
1529 5174 2741 5238 dampfer gebracht und mit Kranen in großen Behältern an Bord des nach
1825 5212 2437 5272 Genua auslaufenden Schiffes gebracht\:fp\
