4800 6340
249 4215 4688 4298 König Baumwolle ...
258 4440 3020 4558 Kraft und Schwäche des amerikanischen Südens
682 4634 1694 4745 \g\Von Dr. Annemarie Clark\:g\
335 4901 2093 5007 \p\Die zehn Südstaaten der USA., die sich von Nord- und Süd-Karolina bis ins west¬
263 4973 2084 5037 liche Texas erstrecken und eines der wichtigsten Produkte Amerikas und der gan¬
263 5033 2101 5079 zen Welt hervorbringen, bilden die als «Baumwollgürtel» bekannte Region, deren
258 5079 2097 5130 historisches Plantagensystem, deren ökonomische und soziale Bedingungen und gesamte
258 5122 2101 5185 Kultur einem einzigen Gesetz seit dreihundert Jahren unterworfen ist – dem Gesetz
267 5168 2105 5228 des «Königs Baumwolle». Baumwollstoffe im Wert von sechs Billionen Dollar werden
263 5215 2101 5287 jährlich auf den Webstühlen aller Länder produziert, und allein in den Baumwollstaaten
263 5270 2101 5338 Amerikas hängt die Existenz von mehr als zwanzig Millionen Menschen ab von Anbau
267 5316 1491 5372 und Ernte, Nachfrage und Börsenpreisen der Baumwolle.\:p\
335 5338 2097 5418 \p\Der fruchtbare Boden und das tropische Klima jener Staaten eignen sich für den
267 5401 2088 5465 Anbau im großen – Zucker, Tabak und Reis wurden früh von der Baumwolle ver¬
267 5461 2097 5520 drängt, die ein Exportartikel war und Bargeld einbrachte. Das System der Plantage
263 5511 2101 5562 entwickelte sich, aufgebaut auf zwei Faktoren: dem Kapital des Bodenherrn und der
263 5554 2093 5609 Arbeit importierter Negersklaven. Der Süden wurde eine «one–crop–region», ein land¬
267 5600 2105 5660 wirtschaftliches «Ein–Ernte–Gebiet», und ist es bis heute geblieben. Aber seitdem vor
263 5647 2101 5710 70 Jahren die Pflanzer im amerikanischen Bürgerkrieg unterlagen und die Sklaverei
267 5706 2105 5749 abgeschafft wurde, hat dieses Plantagensystem, das dem Süden einstmals blühenden
267 5749 2105 5804 Reichtum einbrachte, sich mehr und mehr in eine Tyrannei verwandelt, der weder die
263 5791 2101 5850 Pflanzer und Plantagenbesitzer, noch die Masse der schwarzen und weißen Pächter und
263 5842 2105 5905 Arbeiter entrinnen können. – Die Baumwolle trägt jährlich eine Billion Dollar zum\fml\\:p\
506 303 2704 347 \f\Zwei Kinder auf Baumwollfeld\:f\
750 3694 4143 3800 \fp\Früh nimmt die Baumwolle die Menschen in ihren Dienst: 70–75% aller Kinder in den Baumwollstaaten arbeiten, wie diese beiden Negerbuben, in den Feldern, – sie
746 3766 2334 3830 sind, so heißt es in einem alten Negerlied, «zum Baumwollepflücken geboren.»\:fp\
746 3800 4152 3927 \fp\Dès leur jeune âge, le 70–75% des enfants travaillent dans les plantations. Ils sont vraiment comme le dit une vieille romance nègre «Nés pour cueillir le coton».\:fp\
2396 4794 3135 4849 \f\Sohn eines Share-Croppers\:f\
3702 4694 4596 4774 \fp\Wenn vom «Baumwollgürtel» und den so¬
3698 4762 4588 4825 sozialen Mißständen unter den sharecrop¬
3698 4821 4592 4876 pers die Rede ist, hört man oft das Argu¬
3698 4867 4596 4918 ment: jene Leute, ob Neger oder Weiße,
3698 4910 4605 4965 seien so degeneriert, geistig und moralisch
3698 4961 4596 5016 minderbegabt, daß es vergebliche Mühe
3698 5011 4605 5054 wäre, ihnen bessere Lebensbedingungen zu
3698 5050 4588 5109 bieten ... aber das kluge Gesicht und wohl¬
3698 5096 4605 5164 geformte Köpfchen dieses frühreifen, schlecht
3698 5156 4588 5206 ernährten Knaben, des Sohnes eines share–
3698 5198 4588 5253 croopers, gehört gewiß nicht einer «minder¬
3698 5244 4592 5300 wertigen Rasse» an, – und mit ihm war¬
3698 5295 4588 5350 ten Hunderttausende von jungen Schicksals¬
3698 5342 4592 5401 genossen, daß das Gewissen der amerikani¬
3698 5397 4605 5448 schen Oeffentlichkeit sich ihrer erinnere
3698 5431 4512 5511 und ihnen eine bessere Zukunft biete.\:fp\
3698 5490 4605 5579 \fp\On entend souvent dire aux Etats–Unis
3707 5566 4596 5626 «Quand un homme, un blanc ou un nègre,
3698 5617 4596 5677 est aussi dégénéré physiquement et morale¬
3698 5672 4596 5740 ment que le sont les «sharecroppers», il est
3698 5719 4596 5778 inutile de s'attendrir sur son sort et de
3698 5770 4596 5821 chercher à améliorer son existence». Le vi¬
3698 5821 4596 5867 sage intelligent de ce jeune garçon ne sem¬
3698 5854 4596 5922 ble pas celui d'un «être inférieur». Il n'est
3702 5910 4596 5973 pas le seul de son espèce, des centaines de
3698 5960 4592 6015 milliers d'humains attendent du gouverne¬
3698 6011 4596 6062 ment américain plus de sens social, le droit
3698 6049 4236 6121 à une meilleure destinée.\:fp\
179 5707 7570 5818 ... und seine Untertanen in USA.
481 2922 1787 3025 \fml\\p\Reichtum der Welt bei, aber die Männer, Frauen und Kinder,
488 3015 1777 3079 die sie anpflanzen und ernten, leben in äußerster Armut.
488 3057 1783 3124 Es gibt keine Sklaven mehr, aber das Pächter–System,
491 3114 1780 3166 das nach dem Bürgerkrieg erfunden wurde, kommt praktischer
488 3163 1787 3230 Sklaverei gleich und bildet eines der düstersten Kapitel des
484 3211 1774 3275 amerikanischen Lebens. Als damals vor 70 Jahren die geschla¬
491 3262 1777 3320 genen Pflanzherren auf ihre Plantagen zurückkehrten, fanden
488 3317 1783 3368 sie verwilderte Felder vor – und Negersklaven, welche durch
488 3365 1774 3416 die Proklamation Lincolns als frei erklärt waren, die aber mit
488 3410 1777 3467 ihrer Freiheit nichts anfangen konnten. Und die Baumwolle
481 3467 1787 3519 war noch da, mußte gesät und gepflückt, gereinigt und verkauft
494 3512 1780 3576 werden; unter dem Druck dieser Forderungen schlossen denn
484 3564 1764 3628 auch Pflanzer und ehemalige Sklaven einen Kontrakt, dem¬
484 3608 1822 3676 zufolge der Pflanzer Land und Kapital, Behausung, Werkzeug
484 3663 1783 3727 und Maultiere lieferte, der befreite Sklave als Gegenleistung
488 3714 1767 3769 seine Arbeit anbot und die Ernte zwischen beiden Parteien ge¬
488 3762 1774 3817 teilt werden sollte. Das ist der Anfang des heutigen «share–
484 3814 1764 3875 cropper»– (Ernteteilungs–)Systems, welches zur völligen Ver¬
488 3862 1777 3916 schuldung und Abhängigkeit von Millionen von Menschen
488 3910 1767 3971 geführt hat. Es begann damit, daß die Neger und hinzuströ¬
484 3964 1774 4022 menden Weißen, die vom Bodenherrn ein Stück Land gepach¬
484 4009 1771 4074 tet oder ihm ihre Arbeit vermietet hatten, bis zum Verkauf
488 4054 1771 4115 der Ernte leben mußten und auf den Kredit des Bodenherrn
488 4109 1783 4173 angewiesen waren. Der Pachtzins für die Hütte, der Kredit,
488 4160 1777 4211 den er ihm in seinem Laden für Lebensmittel gewährte, das
484 4202 1764 4266 Bargeld, das er ihm vorstreckte – alles gegen einen phantasti¬
488 4263 1767 4317 schen Zinsfuß von mindestens 20 % – wurden bei der Ernte¬
488 4304 1767 4369 teilung verrechnet, und meistens blieb dem Pächter oder Ar¬
488 4353 1777 4420 beiter nichts von seinem Anteil übrig. Und bis heute arbeitet
478 4407 1780 4458 der sharecropper mit seiner Familie jahraus, jahrein in den
488 4455 1783 4519 Feldern, um seine Schuld an den Pflanzer abzuzahlen, er kauft
478 4507 1774 4564 im Commissary–shop, dem Laden des Pflanzers, alles, was er
484 4548 1764 4609 braucht und bezahlt mit den Gutscheinen seines Kreditbüch¬
478 4600 1774 4664 leins, das er «Doodlum–book» nennt, und er hat längst die
478 4648 1774 4718 Hoffnung aufgegeben, seiner Abhängigkeit und dem Elend
478 4699 1774 4766 seiner Lebensbedingungen zu entfliehen. – Als die Weltkrise
478 4750 1758 4811 einsetzte, die europäischen Märkte versagten und die Baum¬
494 4808 1758 4872 wollpreise sanken, bekam auch der Plantagenbesitzer zu spü¬
481 4847 1761 4911 ren, daß er dem Gesetz der Baumwolle und des «Ein–Ernte» –
478 4901 1771 4956 Systems ausgeliefert war. 1932 hatte die Ueberproduktion
478 4956 1758 5007 einen Grad erreicht, der den ganzen Baumwollgürtel zu rui¬
478 5000 1767 5065 nieren drohte. Damals arbeitete der Sekretär für Landwirt¬
478 5055 1774 5116 schaft, Henry A. Wallace, ein Programm zur Beschränkung
478 5097 1774 5161 der Produktion aus, 1933 wurden etwa viereinhalb Millionen
488 5148 1771 5212 Ballen angepflanzter Baumwolle umgepflügt, 1934 wurden
481 5199 1767 5276 rund 40% des bisher kultivierten Bodens nicht angepflanzt
1867 2935 3156 3025 und die Regierung zahlte Prämien für unbestellten Boden und
1857 3018 3153 3079 nicht geerntete Baumwolle! – Aber obwohl auch die Pächter
1860 3070 3147 3124 an diesen Prämien teilhaben sollten und obwohl die Regie¬
1857 3118 3140 3172 rung versuchte, die sharecroopers vor den Folgen dieser dra¬
1857 3166 3140 3220 stischen Maßnahmen zu schützen, wurden damals Hundert¬
1860 3217 3156 3275 tausende arbeitslos, und bald zogen es die Pflanzherren vor,
1870 3265 3159 3323 Tagesarbeiter zu billigsten Löhnen zu engagieren anstatt Land
1860 3313 3159 3374 zu verpachten, so daß zahlreiche Familien von ihren kleinen
1864 3365 3143 3426 Pachtgütern vertrieben wurden. In der steigenden Not dieser
1860 3416 3140 3471 Jahre wurde zum erstenmal der historische Gegensatz, Rassen¬
1857 3471 3143 3525 haß und Brotneid zwischen weißen und schwarzen Baumwoll¬
1860 3522 3159 3570 sklaven überwunden und, im Juli 1934, in Arkansas eine Art
1864 3567 3143 3631 von Gewerkschaft gegründet, die sich «Southern Tenant Far¬
1828 3618 3156 3676 mers Union», Gewerkschaft der südlichen Farmpächter, nennt
1860 3669 3147 3724 und seither wachsenden Einfluß auf die Geschicke des Baum¬
1864 3717 3047 3769 wollgürtels und seiner arbeitenden Bevölkerung ausübt.\:p\
1905 3750 3159 3827 \p\Inzwischen hat der Baumwollmarkt einen neuen Aufschwung
1857 3817 3140 3875 genommen, die Plantagen erholen sich, die brachliegenden Fel¬
1857 3868 3153 3923 der werden wieder bebaut. Aber für die sharecropper hat sich
1867 3920 3147 3971 wenig geändert: er und seine Familie leben wie vorher in
1857 3958 3156 4019 elenden Hütten, nähren sich von Maisbrot, Melasse und
1857 4006 3153 4077 Schweineschwarte, erkranken infolge dieser Ernährung an
1857 4064 3143 4118 Pellagra, – die Malaria wütet unter ihnen, die Kinder wach¬
1860 4112 3150 4173 sen auf ohne Schulbildung, Statistiken zeigen, daß 70–75%
1857 4163 3153 4215 aller Kinder in den Baumwollfeldern arbeiten müssen. Und
1857 4215 3153 4266 neue Probleme tauchen auf: die Baumwolle wandert nach
1867 4256 3153 4317 Westen, in die weiten, jungen Ebenen westlich des Mississippi,
1867 4314 3150 4369 wo Traktoren bessere Arbeit leisten als das Maultier, – und
1857 4359 3143 4420 die kleinen Pächter, die mit veralteten Methoden ihr Stück¬
1860 4410 3150 4468 chen Land im «Alten Süden» bearbeiten, können sich kaum
1860 4458 3140 4516 mehr die dürftigste Existenz sichern. Falls die kürzlich er¬
1854 4513 3150 4571 fundene Baumwollpflückmaschine der Brüder Rust in
1867 4561 3147 4622 Tätigkeit tritt, wird das eine Revolution der Wirtschaftsform
1851 4612 3153 4667 hervorrufen, die Millionen von Menschen dem nackten Elend
1860 4664 3143 4721 preisgeben müßte. Aber der sharecropper ist heute in Ame¬
1854 4709 3134 4773 rika nicht mehr der «vergessene Mann». Streiks, Verfolgun¬
1857 4763 3153 4818 gen und Gerichtsverhandlungen haben das Interesse und die
1851 4805 3137 4875 Anteilnahme der Behörden geweckt, die Resettlement Admi¬
1848 4863 3147 4917 nistration in Washington versucht helfend einzugreifen, indem
1851 4914 3137 4965 sie bedürftigen Pächtern Barkredite gewährt, verarmte Fa¬
1851 4956 3134 5023 milien auf besserem Land neu ansiedelt. Aber diese Bemühun¬
1851 5007 3153 5065 gen sind erst ein Anfang, und die Zukunft des amerikanischen
1851 5061 3143 5116 Baumwollgürtels hängt vermutlich davon ab, ob man die
1851 5100 3134 5161 Baumwolle entthronen, andere Produkte neben ihr anpflan¬
1857 5161 3143 5215 zen und dadurch das historische Wirtschaftssystem in seinen
1857 5203 2406 5289 Grundlagen ändern kann.\:p\
4061 407 4221 497 \p\\g\Photos:
4064 452 4657 558 Resettlement Administration
4061 536 4295 609 Washington\:g\\:p\
1658 469 2994 510 \f\Gruppe von Pächter sitzt vor Rathaus\:f\
4067 1145 4612 1238 \fp\Die Erntezeit ist vorbei,
4070 1219 4600 1296 und die Pächter und share–
4070 1273 4612 1341 croopers sitzen nun den
4070 1325 4612 1382 ganzen Tag und halbe
4070 1363 4616 1437 Nächte untätig plaudernd,
4125 1411 4612 1475 – nicht in Kaffeehäusern
4070 1453 4612 1524 und Bierstuben, sondern
4070 1508 4600 1581 auf einer Mauer am Rat¬
4070 1556 4616 1626 hausplatz des kleinen
4070 1597 4404 1678 Landstädtchens.\:fp\
4070 1658 4612 1761 \fp\Le temps de la récolte est
4070 1732 4603 1793 terminé. Assis sur un mur
4070 1793 4616 1857 de la place de l’hôtel de
4070 1828 4616 1899 ville, dans une petite ville
4070 1886 4600 1957 du Sud, fermiers et «sha¬
4070 1928 4616 2001 recroopers» (ramasseurs
4070 1985 4600 2053 de coton) conversent in¬
4070 2030 4590 2101 lassablement le jour du¬
4070 2072 4616 2159 rant et une partie de la
4070 2130 4157 2188 nuit.\:fp\
4474 2561 6063 2603 \f\Frau mit Kinder\:f\
5822 1809 6011 1899 \fp\\g\Unten:\:g\
4914 1883 6951 1966 Bis zum amerikanischen Bürgerkrieg und der Abschaffung der Sklaverei wurden auf den Plantagen nur
4920 1953 6954 2024 Negersklaven verwendet – später strömten weiße Arbeitskräfte in das «Königreich Baumwolle», und
4920 1995 6466 2072 heute teilen weiße und farbige sharecroopers das gleiche Los äußerster Armut.\:fp\
4920 2040 6954 2136 \fp\Avant la guerre de Sécession et l'abolition de l'esclavage, seuls des esclaves nègres travaillaient
4920 2120 6954 2204 dans les plantations. Actuellement ouvriers blancs et noirs subissent le même lot de vexations et
4920 2181 5745 2242 de misères dans le «royaume du coton».\:fp\
6380 366 8959 478 Le sort misérable des travailleurs dans le royaume du coton
6425 513 7672 619 \p\Les Etats du Sud des Etats–Unis, des Caroline du Sud
6377 606 7663 667 et du Nord, à l'est du Texas, ne sont qu'un immense
6370 661 7663 728 champ de coton. Avant la guerre de Sécession, les pro¬
6383 706 7663 779 priétaires de ces plantations employaient, pour cueillir
6370 760 7653 824 leur coton, des esclaves nègres importés d'Afrique. L'a¬
6370 811 7669 876 bolition de l'esclavage vint modifier cette conception de
6367 872 7650 940 la main–d'œuvre. Modifier de fait, car en réalité la con¬
6373 927 7672 1007 dition sociale de ceux qui vivent du coton est tout aussi
6364 981 6947 1046 misérable. Les proprié¬
6370 1033 6954 1110 taires du sol ont affermé
6364 1094 6941 1164 leurs champs à des fer¬
6370 1142 6944 1216 miers à des conditions fé¬
6373 1193 6951 1270 roces. Si bien que le fer¬
6373 1251 6957 1325 mier qui espère pouvoir,
6373 1299 6947 1366 un jour, devenir à son tour
6370 1360 6951 1431 propriétaire, passe le plus
6370 1415 6954 1485 souvent sa vie à peiner pour
6370 1472 6938 1536 se libérer de la dette con¬
6377 1517 6951 1597 tractée. Le sort du simple
7756 507 9026 597 ouvrier est encore plus digne de pitié. Il ne touche pour
7753 587 9019 674 ainsi dire point d'autre salaire que des bons d'approvi¬
7756 642 9019 706 sionnement au magasin tenu par le syndicat des proprié¬
7756 690 9029 783 taires. Il habite une hutte et se nourrit de pain, de maïs,
7759 747 9023 824 de mélasse et de quelque cochonnaille. Le 70–75 %
7756 795 9029 872 des enfants travaillent dès leur jeune âge à la plantation.
7759 856 9029 930 Ils ne reçoivent aucune instruction et sont voués à une
7756 924 8391 988 vie sans espoir, sans avenir.\:p\
5065 103 5930 133 \f\Eine Gruppe Sharecroppers am Warten\:f\
4914 1248 6187 1321 \fp\Morgens sechs Uhr: die sharecroopers warten auf das Läuten der
4924 1315 6190 1370 Glocke, die sie zur Arbeit ruft. Sie tragen große Säcke um die
4914 1366 6194 1421 Schulter gehängt, die sie in den Feldern wie eine Schleppe hinter
4914 1418 6194 1472 sich herschleifen und mit den weißen Baumwollblüten füllen.\:fp\
4914 1466 6194 1536 \fp\Six heures du matin. Les «sharecroppers» attendent le signal
4914 1533 6187 1601 de la cloche qui les appelle au travail. Ils portent autour de
4917 1575 5960 1642 la taille les grands sacs qu'ils rempliront de coton.\:fp\
7303 1259 7843 1307 \f\Sharecroppers vor Baumwollpflückmaschine\:f\
7897 2973 8542 3089 \fp\\g\Die große Drohung\:g\
7377 3057 9045 3156 Auf den Baumwollfeldern bei Stoneville im USA.–Staate Mississippi fand vor kurzem
7377 3124 9045 3191 zum Zwecke einer Vergleichsprüfung ein Wettpflücken zwischen sechs Arbeitern
7377 3185 9042 3230 und der von den Brüdern John und Marc Rust erfundenen Baumwollpflückmaschine
7377 3227 9045 3291 statt. Dieser neue Baumwollpflücker ist etwa 3 Meter hoch, arbeitet nach überraschend
7377 3275 9032 3329 einfachen Prinzipien und stellt das Leistungsfähigste dar, was bis jetzt auf dem Ge¬
7380 3326 9045 3384 biete ausprobiert wurde. Die Maschine ruht auf zwei niederen Rädern und wird von
7377 3371 9052 3432 einem Traktor gezogen. Vorne und hinten ist sie offen, so daß sie über die in geraden
7380 3422 9052 3487 Linien gepflanzten Baumwollsträucher hinwegfahren kann, ohne die Pflanzen selbst
7377 3467 9048 3528 auszureißen oder auch nur zu beschädigen. Im Innern der Maschine befindet sich ein
7377 3509 9045 3573 laufendes Band mit 1344 Stahlspindeln, die sich entgegengesetzt der Fahrtrichtung
7380 3560 9048 3641 bewegen. Diese Stahlspindeln sind gewissermaßen die Finger der Maschine. Sie werden
7377 3615 9058 3669 angefeuchtet und bewirken durch die ihnen anhaftende Feuchtigkeit und die Art
7380 3660 9048 3730 ihrer Bewegung, daß sich die bereits gesprungenen Baumwollsamenkapseln an ihnen
7377 3705 9042 3766 auffangen. Die noch nicht geöffneten grünen Knollen werden nicht erfaßt und blei¬
7387 3753 9039 3817 ben unversehrt. Was diese Maschine als Maximum leisten kann, ist noch nicht end¬
7384 3811 9048 3871 gültig erwiesen. Bei dem Wettkampf mit den besagten sechs geübten Arbeitern pflückte
7387 3852 9042 3913 sie in weniger als einer halben Stunde mit ihren feuchten Stahlfingern mehr Baum¬
7393 3897 9052 3964 wolle als ein Mann mit seinen Händen von morgens bis abends leisten könnte. In
7387 3948 9052 4006 acht Stunden pflückte sie soviel, daß 82 routinierte Pflücker notwendig gewesen
7393 3993 9032 4064 wären, um die gleiche Menge in derselben Zeit von Hand zu pflücken. Ein erfah¬
7384 4041 9058 4102 rener Baumwollpflücker kann unter günstigsten Umständen 300 Pfund Baumwolle
7390 4090 9048 4160 pro Tag ernten. Diese Maschine erntete 400 Pfund in der Stunde. Es gibt einige
7387 4138 9058 4208 Einwände: Der größte Teil der bei diesem Prüfungswettrennen zwischen Mensch
7390 4183 9055 4240 und Maschine anwesenden Baumwollfarmer – unter ihnen auch Oscar Johnston, der
7387 4231 9039 4304 Leiter des amerikanischen Baumwoll–Pools, der selber einer der größen Baumwoll¬
7387 4285 9042 4349 pflanzer ist – blieben angesichts des Resultates noch skeptisch, weil die Maschine an¬
7384 4343 9058 4397 scheinend noch zu viele Blätter mitaufgreift und auf diese Weise eine Baumwolle von
7387 4375 9055 4449 geringerer Qualität pflückt als die von Hand geerntete. Dann wurde noch eine Reihe
7387 4426 9039 4494 anderer Einwendungen bei der Vorführung gemacht: Die Anschaffungskosten wür¬
7390 4484 9055 4539 den so hoch sein, daß es den kleinen Baumwollfarmern, die etwa 90% aller Baum¬
7393 4516 9052 4584 wollproduzenten in USA. ausmachen, nicht möglich sein würde, die Maschine zu
7384 4574 9058 4625 erwerben. Außerdem kann sie anscheinend nur auf flachem Terrain wirksam arbeiten.
7390 4616 9055 4680 Die wirtschaftlichen und sozialen Folgen der Erfindung sind für den Fall, daß sie
7390 4673 9042 4728 noch ausgebaut und eines Tages als ideale Lösung einer Erfindung auf dem landwirt¬
7387 4715 9058 4776 schaftlichen Maschinenmarkt erscheint, außerordenlich weitreichender Natur. In USA.
7390 4760 9048 4814 würden 50% der Männer und alle Frauen und Kinder, die heute in der Baumwoll¬
7384 4802 9055 4875 kultur tätig sind, überflüssig werden. Im übrigen würde die Landwirtschaft durch den
7380 4853 9055 4933 Siegeszug dieser Maschine noch auf einem andern Gebiete empfindlich geschädigt:
7396 4907 9052 4972 gegenwärtig werden in den Baumwoll–Südstaaten rund 5 Millionen Pferde, Maule¬
7390 4952 9055 5004 tiere und Esel beschäftigt. Schätzungsweise 25 Millionen Acres sind in den westlichen
7390 5004 9055 5058 Staaten nötig, um das Futter für diese Arbeitstiere im Süden zu erzeugen. Die Er¬
7393 5058 9048 5106 setzung dieser Pferde und Esel durch die neue Maschine würde also die Absatz¬
7387 5097 9058 5167 möglichkeiten für die Produkte der westlichen Landwirtschaft erheblich erschweren.\:fp\
7390 5151 9055 5251 \fp\Une grave menace. Dans les plantations de Stoneville (Etat de Mississippi), on
7390 5244 9042 5305 vient de procéder à l'expérience d'une machine à ramasser le coton. Si cette nou¬
7974 5286 9055 5344 velle invention permet de cueillir 400 livres de coton
7974 5324 9052 5398 par heure, elle présente cependant quelques incon¬
7971 5389 9058 5437 vénients. Elle est d'abord d’un coût trop élevé pour
7971 5427 9052 5494 permettre à ceux qui ont affermé des plantations (fer¬
7967 5475 9055 5536 miers) – soit le 90% des producteurs américains – de
7964 5533 9068 5581 l’acquérir. De plus elle ramasse souvent les feuilles
7964 5568 9068 5639 avec les fleurs, ce qui nuit à la qualité du coton, et,
7974 5620 9064 5680 enfin, elle n’est vraiment efficace que sur un terrain
7971 5668 9052 5738 plat. Si l'on pouvait parer à ces désavantages tech¬
7971 5716 9058 5780 niques, cette machine deviendrait une catastrophe
7971 5764 9061 5844 sociale. Le 50% de ceux qui travaillent dans les
7971 5815 8785 5905 plantations seraient réduits au chômage.\:fp\
