9500 6340
625 60 1740 170 \f\Auslandschweizer vor Bauernhaus\:f\
464 2659 1132 2749 Einer von 330 000.
471 2715 3146 2809 \p\Das ist Henry Stämpfli, Farmer in Grütli im Staate Tennessee in USA. Er stammt aus Aarberg, kam 1913 auf ein Zeitungs¬
478 2806 3146 2869 inserat hin in die Vereinigten Staaten. In Grütli hat er sich zum wohlhabenden mittelgroßen Farmer emporgearbeitet, dem es
464 2852 3150 2922 bis jetzt auf seinen rund 60 Jucharten Land gut gegangen ist in den Cumberlandbergen, in einer Gegend, wo tausend andere
478 2899 3136 2966 durch die Krise ruiniert wurden. Warum blieb er verschont? Weil er sich besser aufs Bauern versteht und weil er genügsam, zäh
478 2939 3133 3013 und ausdauernd ist. Stämpfli ist ein Schweizer, der seiner Schweizer Heimat im Ausland alle Ehre macht und mächtig zur
481 2999 3140 3059 Mehrung des Ansehens seines Vaterlandes in Uebersee beiträgt. Er ist kein Ausnahmefall. Hunderttausende haben dasselbe getan
481 3049 3133 3106 in USA, allein, seit der erste historische Amerikaschweizer, der Reisläufer Diebold von Erlach, im Jahre 1526 in Florida für die
481 3100 3150 3153 spanischen Fahnen fiel. 113 000 Schweizer gibt es gegenwärtig in den Vereinigten Staaten, 330 000 Auslandschweizer überhaupt.
484 3146 3123 3203 Sie tun alle ihre Pflicht auf dem Posten, wo das Schicksal sie hingestellt hat: der kleine Farmer in Kanada und der Kaffee¬
478 3193 3133 3250 fazendeiro in Brasilien, gleich wie der Hotelconcierge an der Riviera und das Kinderfräulein in England und sind für die Ver¬
481 3243 3133 3307 teidigung der guten Meinung über unser Land ebenso wertvoll wie die 25 000 Auslandschweizer, die bei der Mobilmachung im
481 3293 2488 3353 Jahre 1914 aus allen Weltteilen zum Schutze der Grenzen in die Heimat zurückgekehrt sind.\:p\
484 3347 3136 3424 \p\Un des 330,000. L' estime que l' on porte à un être, rejaillit presque toujours sur le pays dont il est citoyen. Partout, sous toutes
474 3413 3136 3474 les latitudes, à tous les postes, les Suisses ont su se faire apprécieret par–là engendré l' estime des étrangers pour notre pays. Henry
478 3457 3136 3520 Stämpfli, depuis 1913 fermier à Grütli dans le Tennessee (U.S. A.) est l' un des exemples de ces Suisses qui, par leur travail, leur
484 3514 3136 3570 persévérance et leur énergie ont réussi à triompher des pires difficultés et porté au loin le bon renom de notre patrie. Des
481 3560 3136 3617 centaines de mille Suisses sont venus s' établir aux Etats–Unis, depuis les temps lointains où Diebold d' Erlach, de Berne, prit
488 3607 3140 3661 en 1526 possession de la Floride au nom du Roi d' Espagne. Actuellement, l' Amérique compte 113,000 de nos concitoyens.
484 3647 3136 3714 Le total des Suisses à l' étranger s' élève à 330,000. Ceux–là ne se bornent point à penser et à évoquer leur patrie, ils sacrifient
488 3704 3140 3764 souvent leurs intérêts pour la servir, témoins ces 25,000 hommes qui au début de 1914 sont spontanément accourus pour occuper
474 3747 788 3821 nos frontières.\:p\
