4775 6320
215 339 4277 630 EINE MODERNE ZENOBIA
438 3728 1216 3868 \p\Madame d'Andurin hat schon viel
313 3794 1205 3908 von sich reden gemacht, die Le¬
309 3905 1212 3971 ser werden sich daran erinnern: sie
309 3967 1208 4052 hat den Versuch unternommen, nach
309 4037 1197 4107 Mekka zu wallfahren und ist zu die¬
309 4104 1208 4177 sem Zweck eigens Mohammedanerin
313 4174 1205 4255 geworden. Der Versuch ist mißlungen
309 4236 1208 4321 das Abenteuer brachte damals Ma¬
309 4292 1208 4373 dame d’Andurin in äußerste Lebens¬
317 4365 1205 4454 gefahr - schließlich trug sie nur einen
306 4432 1208 4509 Paß von Nedsch davon, ließ sich aber
306 4498 1208 4579 ihre Liebe zu den Beduinen nicht
302 4564 1212 4638 nehmen. Deshalb wohnt sie heute in
302 4630 1190 4715 Palmyra, der Wüstenstadt, ist rings
309 4689 1208 4770 um bei allen Stämmen bekannt, mit
302 4759 1205 4844 den Scheichs befreundet, wird häufig
302 4829 1205 4914 um Rat angegangen, verhandelt in
309 4899 1208 4973 gutem Arabisch und hat ihre eigenen
302 4958 1201 5032 Stammeskinder, die «Beni Zainab»,
302 5028 1205 5102 die ihr Gehorsam und jedes zehnte
306 5080 1205 5172 Lamm schulden. Kinder, Knaben und
302 5161 1205 5249 Krieger lieben sie, – und sie zeigt in
302 5220 1201 5297 ihrem Verkehr mit den wilden Wüsten¬
306 5294 1197 5367 söhnen eine bewundernswerte Erfah¬
306 5356 1205 5426 rung. Daß sie daneben auch ein Hotel
306 5419 1197 5496 für die Touristen und für ihre zahl¬
306 5492 1194 5566 reichen Freunde führt, wo junge Be¬
309 5555 1208 5647 duinen als Kellner, Barmann und so
309 5621 1208 5699 weiter würdig umhergehen, macht
306 5699 1208 5772 sie einfach unentbehrlich: wer Palmyra
302 5750 1201 5824 kennt, kennt auch die neue abenteuer¬
302 5817 1149 5912 liche und liebenswürdige Zenobia.\:p\
840 5872 1216 5982 \p\Annemarie Clark.\:p\
933 2781 1543 2827 \f\Madame d'Andurin und 5 Kinder 'ihres' Beduinen-Stammes\:f\
1680 3389 2859 3474 \fp\Madame d'Andurin mit den Sprößlingen «ihres» Stammes.\:fp\
2045 5411 2679 5459 \f\Haupttempel in Palmyra\:f\
1359 5706 4321 5758 \fp\Die Säulenreihen des Haupttempels in Palmyra. Seit zwei Jahrtausenden mögen sie dastehen. Palmyra liegt zwischen Damaskus und dem Euphrat in
1356 5758 4310 5813 einer Oase der syrischen Wüste. Im dritten christlichen Jahrhundert nahm die alte Stadt innerhalb des römischen Reiches einen großen politischen Auf¬
1356 5809 4310 5861 schwung. Frau Zenobia, die Gattin des Regenten Odönathus, erwies sich, als der Herr Gemahl tot war, als Herrscherin großen Stils. Sie eroberte als
1356 5857 4303 5912 römische Kaiserin, wie sie sich nannte, große Teile Vorderasiens. Schließlich nahm aber die glorreiche Laufbahn doch ein unangenehmes Ende: sie
1356 5905 4303 5968 wurde gefangen nach Rom geführt. Palmyras Glanz erlosch und nur durch die gewaltigen Säulenreihen bläst noch der Wüstenwind, wie in frühern Zeiten.\:fp\
