4349 7220
667 5553 892 5630 Baghdad.
462 5604 1092 5662 Von Annemarie \g\Schwarzenbach\:g\.
372 5652 1209 5700 \p\Die Hauptstraße von Bagdad heißt „Newstreet",
322 5676 1247 5737 sie wurde von den Türken während des Weltkriegs
324 5729 1248 5765 angelegt und ist heute sogar asphaltiert — vor weni¬
322 5765 1234 5801 gen Jahren wurde sie durch einen starken Regen eben¬
324 5792 1233 5838 so in ein grundloses Schlammbett verwandelt wie die
312 5829 1248 5871 meisten Straßen Baghdads heute noch. Man erzählt,
322 5867 1248 5907 daß einmal ein ganzer Wagen mit zwei Pferden in
318 5898 1248 5941 einer solchen Straße spurlos verschwunden sei, aber
322 5930 1161 5975 Baghdad ist die Stadt der 1001 Märchen, und die
316 5963 1248 6013 modernen Geschichten der Bazars setzen die alte Tra¬
312 6007 822 6046 dition in reichster Weise fort.\:p\
367 6018 1249 6076 \p\Immerhin hat Newstreet keinerlei Aehnlichkeit mit
312 6072 1248 6127 irgend einer anderen Hauptstraße, die ich kenne. Laden
1260 4674 2184 4732 drängt sich an Laden, Bude an Bude, und an den
1260 4717 2184 4760 Straßenecken sitzen Garköche, schüren sorgsam ein win¬
1271 4757 2184 4795 ziges Kohlenfeuer, und verkaufen Fleischkuchen, harte
1260 4795 2084 4833 Eier und rote Rüben an die Vorübergehenden. Die
1260 4823 2184 4866 Polizisten tragen Helme mit Nackentüchern und stehen
1260 4862 2184 4898 unter runden Schirmen, der Sonne wegen. Es gibt
1260 4893 2184 4935 keine Straßenbahnen, aber unzählige Omnibusse,
1260 4928 2075 4972 kleine klappernde Kisten aus Blech oder Holz. Sie
1260 4964 2184 5006 fahren bestimmte Routen, wenn man aber Lust hat,
1260 4996 2184 5036 an einen anderen Ort zu fahren, so sagt der Chauf¬
1260 5034 2164 5076 feur „Zen“ — das heißt „Gut", und kehrt um, selbst
1260 5066 2184 5108 wenn der Ort am anderen Ende der Stadt liegt.
1260 5100 2184 5142 Manchmal merken es die anderen Fahrgäste, springen
1260 5135 2184 5174 von ihren Bänken auf und rufen „Was ist das?" Wir
1260 5172 2184 5214 wollen an das Südtor —" — dann einigt man sich
1260 5203 2184 5241 auf einen „kleinen Umweg" und die Leute beruhigen
1260 5237 2080 5277 sich wieder. Sie haben ja den ganzen Tag Zeit.\:p\
1304 5270 2184 5308 \p\Außer den Omnibussen gibt es auch Taxi, aber sie
1260 5306 2184 5344 werden wenig benützt. Dafür trotten die „Arabanas",
1260 5343 2184 5381 die zweispännigen Droschen, von morgens bis
1260 5379 2185 5413 abends durch alle Gassen der Stadt, die Pferde tra¬
1260 5412 2184 5453 gen blaue Amulettkettchen und sind arm und abgehetzt,
1260 5449 2184 5482 und haben wenig Aehnlichkeit mit den schönen arabi¬
1260 5481 2185 5531 schen Pferden der Beduinen, die man draußen in der
1259 5513 2170 5559 Wüste sieht. Auch in Baghdad gibt es viele Reiter,
1259 5552 2164 5597 Eselreiter und andere, und da sie den lauten Straßen¬
1259 5581 2184 5625 verkehr scheuen, reiten sie unter den Arkaden hin¬
1260 5618 2184 5657 durch, welche eigentlich für die Fußgänger gedacht
1260 5653 2184 5693 sind und den Lauben in Bern entfernt gleichen.
1259 5689 2184 5743 Draußen, am anderen Ufer des Tigris, gibt es auch
1259 5718 1860 5771 ein „Rößlitram" auf Schienen...\:p\
1304 5757 2184 5804 \p\Die alte Stadt Baghdad, die der Kalif Mansur
1260 5801 2184 5837 erbaute, war rund wie eine Festung, und in ihrer
1260 5834 2184 5874 Mitte lag der Königspalast der Abbassiden. Sie lag
1260 5863 2184 5903 auf dem Westufer des Tigris, aber sie wuchs bald
1260 5901 2184 5940 über ihre runden Mauern hinaus und entwickelte sich
1260 5937 2185 5979 zur prächtigsten Stadt des Orients, zur märchenhaf¬
1260 5972 2184 6016 ten Residenz Harun al Raschids und zum eigentlichen
1260 6005 2184 6043 Herzen der islamischen Welt. Aber im dreizehnten
1260 6040 2184 6091 Jahrhundert wurde sie von dem Mongolen Hulagu
1260 6076 2184 6130 zerstört, und in einem zweiten Mongolensturm unter
2181 4682 3090 4732 Timur Lenk wurde auch die neuerbaute Stadt ver ¬
2180 4724 3117 4762 brannt, und dazu die Deiche und Dämme des damals
2181 4761 3117 4813 sehr ausgedehnten Kanalsystems eingerissen — die
2188 4793 3118 4833 ganze Umgebung der Stadt, ihre wunderbaren Gär¬
2181 4822 3118 4871 ten, Felder u. Fruchthaine verwandelten sich in Wüste.
2181 4867 3117 4912 Das spätere Baghdad war eine arme Stadt, und viele
2181 4902 3117 4950 Kriege, Zerstörungen durch Türken und Perser, und
2182 4937 3118 4971 endlich der Weltkrieg haben dafür gesorgt, daß es sich
2181 4970 3108 5013 niemals erholt hat und nie wieder den früheren
2181 5000 2454 5047 Glanz erreichte.\:p\
2236 5026 3117 5082 \p\Heute ist Baghdad eine königliche Residenz, aber
2181 5073 3117 5118 der Irakstaat hat nicht die Mittel, es in eine west¬
2181 5110 3117 5156 liche Hauptstadt zu verwandeln, wie die Türken es
2181 5143 3117 5185 mit Ankara getan haben. Man hat vielleicht auch
2181 5178 3117 5215 nicht den Wunsch — die Zivilisationsgüter des We¬
2180 5212 3117 5247 stens stehen hier nicht entfernt in so hohem Ansehen
2190 5245 3117 5289 wie in der neuen Türkei, und einsichtige Männer glau¬
2180 5283 3117 5324 ben, daß eine allzu rasche Anpassung äußerlich sein
2181 5309 3117 5360 und dem Volk nur Schaden bringen würde. Als man,
2181 5349 3117 5392 während der letzten Reise des Königs Faisal, eine
2181 5385 3117 5428 Zeitung zu sehen bekam, welche den König in einer
2181 5419 3117 5459 europäischen Uniform und mit europäischer Kopfbe¬
2181 5455 3117 5505 deckung zeigte, erzählte man im Bazar, er sei wieder
2181 5489 2982 5548 unter den Einfluß der Engländer geraten...\:p\
2236 5527 3118 5568 \p\Auch die Engländer haben Baghdad weniger ver¬
2181 5550 3117 5598 ändert als man annehmen möchte. Zweifellos haben
2181 5596 3117 5634 sie viel für die Stadt getan, aber sie haben ihr nichts
2181 5636 3118 5675 von ihrem orientalischen Charakter genommen — und
2180 5657 3117 5712 seit dem Tode Faisals treten sie noch weniger in den
2181 5700 3117 5748 Vordergrund als bisher. Sie haben, natürlich, ihren
2188 5737 3118 5771 „Club", ihren Golfplatz, und eine Meute — sie reiten
2181 5766 3034 5818 Jagden und haben jeden Samstag ihr „Dancing" —
2181 5802 3117 5843 aber sie tun alles dies unter sich. — Damaskus und
2181 5840 3117 5877 Beyrouth sind voll von französischen Truppen, — in
2181 5868 3117 5914 Baghdad begegnet man keinem englischen Soldaten,
2180 5922 3117 5953 außer den Assyrern, die vor dem Haus des Komman¬
2181 5941 3117 5983 danten der „Airforce“ Wache stehen. Das große eng¬
2181 5975 3117 6022 lische Fliegerlager befindet sich draußen in Hinaidi,
2181 6009 3117 6047 sechs Meilen von Baghdad — in kurzer Zeit soll es
2180 6048 3117 6092 in die Wüste hinaus verlegt werden, wo es dann ge¬
2181 6076 2914 6141 wiß so wenig Aufsehen als möglich erregt.\:p\
3177 4687 3998 4736 \p\Baghdad entwickelt sich also wesentlich ungestört —
3113 4715 4037 4785 man hat manchmal den Eindruck, es entwickle sich gar
3113 4769 4033 4819 nicht. Nur sein Flugplatz ist ein Zeuge moderner Er¬
3112 4800 4037 4847 rungenschaften — man hat, vor zehn Jahren, noch
3113 4834 4040 4878 einundzwanzig Tage gebraucht, um von Aleppo nach
3113 4868 4037 4906 Baghdad zu reisen, die Flugzeuge der französischen
3113 4906 4037 4960 „Air Orient" legen die Strecke Damaskus=Baghdad
3113 4933 3532 4991 in vier Stunden zurück.\:p\
3173 4957 4040 5018 \p\Stillstand der Jahrhunderte herrscht natürlich vor
3113 5009 4037 5050 allem in den Suks und im ganzen Bazarviertel. Die
3113 5045 4033 5086 Suks sind dunkel und kühl, und man verirrt sich in
3113 5076 4040 5119 ihnen wie in den Gängen des Labyrinths. Die Woll¬
3113 5119 4037 5161 händler, die Seidenhändler, die Pelzhändler sitzen mit
3112 5145 4033 5201 gekreuzten Beinen in ihren Buden, die Pelzhändler
3113 5189 4033 5224 bekommen ihre Ware aus Persien, wo man noch
3112 5211 4033 5270 Panther und Leoparden jagt, die Seidenhändler prei¬
3113 5251 4037 5295 sen Stoffe aus Japan zu den billigsten Preisen an.
3113 5289 4033 5339 An den Bazar grenzen die Gassen der Handwerker:
3113 5323 4037 5363 eine Gasse der Schneider, eine der Lederhändler, eine
3113 5356 4033 5397 der Silberschmiede. Die Schneider sind fast ausschließ¬
3113 5396 4037 5435 lich Indier, die Silberschmiede sind Juden oder Chri¬
3113 5434 4033 5468 sten aus der Gegend von Mosul. Es gibt auch eine
3113 5459 4037 5505 „Bankstreet", wo die Anglo Persian Bank und die
3126 5498 4036 5538 Ottoman Bank ihre Bureaus haben, und wo die jüdi¬
3113 5525 4037 5571 schen Geldwechsler auf dem Pflaster sitzen und mit
3113 5561 4033 5607 Silbermünzen klappern. Die Kaffees in dieser Straße
3113 5603 4037 5645 sind der Schauplatz der Baghdader Börse — da tref¬
3113 5637 4033 5678 fen sich die Perser in ihren schwarzen Schirmmützen
3113 5673 4040 5715 und gelbgefärbten Schafpelzmänteln, die Armenier
3113 5705 4037 5745 und Juden, die jungen arabischen „Effendis" in schlecht¬
3113 5739 4033 5784 sitzenden europäischen Anzügen, und, würdig in lan¬
3121 5777 4035 5822 gen Mänteln und weißem Khefie mischen sich einige
3113 5809 4033 5854 reiche Beduinen in das laute Geschäft. Das Geschrei
3113 5845 4034 5889 in dieser Straße ist entsetzlich, und man rettet sich gern
3113 5877 4040 5919 durch eine der schmalen Seitengassen an das Fluß¬
3113 5913 4040 5956 ufer, wo die großen Lastkähne anlegen und Kara¬
3113 5949 4033 5995 wanen kleiner Esel die Waren aus der Stadt brin¬
3113 5982 4033 6025 gen. Hier sitzen die Flußschiffer und die Hamals auf
3113 6015 4033 6058 dem nackten Boden, um das Feuer eines Garkochs,
3113 6049 4033 6095 der für sie Hammelfleisch an Spießen brät. Die Ha¬
3112 6084 4037 6147 mals sind die Lastträger von Bagdad, meistens Kur¬
313 4685 1239 4729 den, die ärmsten Leute der Stadt. Sie tragen ihre
313 4726 1240 4777 Haare halblang und färben sie, wie die Beduinen,
307 4752 1239 4808 mit Henna, sie haben keine andere Kleidung als ein
315 4790 1239 4833 kurzes Hemd und einen zerrissenen Kittel, und sie
313 4824 1212 4867 schleppen auf ihren Tragsätteln Lasten, die für drei
321 4864 1222 4908 Männer zuviel sein sollten. Man trifft sie in den
322 4894 1210 4937 Straßen an: mit gekrümmten Beinen, den Oberkörper
315 4930 1239 4973 fast wagrecht nach vorne gelegt, mit einem wollenen
319 4967 1239 5005 Stirnband, welches zur Verteilung des Gewichtes hilft
324 5001 1239 5039 — so rennen sie schweißbedeckt, blindlings, und immer
319 5034 1218 5080 in Gefahr, von den Droschken und Omnibussen über¬
307 5070 624 5118 fahren zu werden.\:p\
366 5096 1239 5158 \p\Es gibt in Baghdad Quartiere, wo die Leute wie
315 5141 1239 5175 Nomaden leben: in Hütten aus geflochtenen Matten,
315 5168 1239 5210 oder in schwarzen Zelten aus Ziegenfilz. Manchmal
307 5211 1239 5249 trennt sie nur eine Lehmmauer und eine schmale
319 5243 1239 5288 Gasse von einem anderen Quartier, wo es schöne,
313 5279 1239 5318 gutgebaute Villen und gepflegte Gärten gibt, welche
315 5311 856 5365 bis zum Flußufer hinabreichen.\:p\
360 5351 1228 5400 \p\Baghdad würde nicht existieren ohne den Fluß —
319 5393 1239 5439 und darin gleicht es allen mesopotamischen Städten
315 5424 1239 5464 seit den ältesten Zeiten, die immer nur durch die
313 5454 1239 5499 Flüsse gelebt haben, und verschwanden, sobald ein
309 5493 1239 5531 Fluß seinen Lauf änderte oder ein Kanal versandete.
315 5529 1209 5568 Und so spielt sich heute noch ein großer Teil des Le¬
307 5561 1239 5600 bens am Fluß ab: wenn man zu den Ufern hinunter¬
309 5592 1239 5636 geht, kann man die vielen verschiedenen Fahrzeuge
313 5635 1239 5679 beobachten, die gegen die Maudebrücke hinaufgestoßen
313 5666 1239 5710 werden, die Lastkähne, die Fähren, und die runden
312 5704 1239 5750 Boote aus asphaltiertem Holzwerk, welche es nur auf
309 5730 1239 5785 dem Tigris gibt — am Ufer gehen Fischer entlang
315 5766 1239 5815 und werfen von Zeit zu Zeit ihre kleinen Netze aus,
307 5803 1239 5840 die großen Tigrisfische werden aber weiter draußen
307 5842 1215 5881 vom Boot aus gefangen. Um halb elf Uhr wird täg¬
313 5873 1224 5916 lich die Maudebrücke geöffnet, um den Dampfer nach
312 5909 1228 5959 Basrah hindurchzulassen. Die Engländer haben diese
315 5942 1215 5983 Schiffbrücke angelegt, nachdem General Maude Bagh¬
307 5980 1239 6024 dad erobert hatte — sie war provisorisch gedacht, und
307 6012 1239 6053 man spricht schon lange davon, zwei große feste
307 6050 1239 6097 Brücken zu bauen. Aber das kann noch lange dauern,
1251 4693 2169 4738 und man hat sich nun schon an die schwankende
1251 4728 2169 4767 Brücke gewöhnt, die man nur in einer Richtung gleich¬
1251 4764 2170 4807 zeitig befahren kann — und die mit dem Wasserstand
1251 4796 1715 4853 des Tigris steigt und fällt.\:p\
