1644 2465
467 176 1129 284 Über die Freundschaft.
176 252 1506 331 \p\Ich habe, ich weiß nicht wie oft, in unserem Blatt über Gemeinschaft ge¬
97 315 1499 382 lesen. Beinahe ist „Wandervogel“ und „Gemeinschaft“ in mir ein Begriff ge¬
95 373 1506 424 worden. Aber Freundschaft ist etwas anderes. Etwas Höheres sogar, wenn ich
95 414 1506 463 ehrlich bin. Ich sehne mich wie alle nach dem Kreis. Aber nur, weil ich darin
99 461 1506 516 den Freund suche. Als ich noch nicht Wandervogel war, habe ich Eines von Euch
102 505 1504 557 gefragt: „Würdest Du und Ihr alle um mich ebenso werben, wenn ich ein fremdes
107 544 1506 595 Fürstenkind wäre, das nie Wandervogel sein könnte, das Euch nichts geben
95 592 1502 641 könnte als sein Herz?" Und ich weiß noch heute nicht, ob wir beim Werben
99 639 1506 694 immer über die Menschen nachdenken, die wir suchen. Wohl, wir lieben alle, die
100 683 1504 749 zu uns gehören; aber weil sie eben zu uns gehören, zur großen Gemeinschaft.
99 727 1051 787 Da habe ich darüber nachgedacht, was Gemeinschaft ist.\:p\
180 773 1504 840 \p\Ein Haufe Soldaten zieht Jahr um Jahr miteinander durch die Welt. Der
100 815 1508 884 Eine mag ein alter, weltmüder und krieggewohnter Landstreicher sein; ein Anderer
99 881 1502 925 ist ein armer Junge, der nicht mehr wußte, was er im Leben tun sollte; ein paar
99 923 1499 974 rohe Gesellen sind darunter, und sie alle sind aneinander gekettet durch das
100 965 1504 1023 eiserne Gesetz des Zwangs. Glaubt Ihr, daß diese nicht eine Gemeinschaft bilden,
106 1009 1497 1066 so innig und so stark wie die unsere? Aber wenn nun das eiserne Gesetz sie aus¬
99 1050 1502 1103 einander reißt, so ist eben ihre Gemeinschaft etwas, was vorüberging. Vielleicht
95 1101 1508 1162 allerdings können wir es Kameradschaft nennen. Aber der Unterschied ist mir
95 1147 1221 1212 nicht ganz klar, denn er ist nur durch äußere Umstände bedingt.\:p\
180 1201 1504 1252 \p\Suchen wir weiter: Arbeitsgemeinschaften gibt es. Vor einem Jahr habe
95 1250 1506 1312 ich in der Schule mit einem Knaben zusammen eine Bühne für unser Gartenfest
102 1291 1504 1346 gebaut. Die ganze Zeit hindurch war unsere Arbeit durch ein glühendes Gemein¬
104 1340 1504 1391 schaftsgefühl ein Fest für mich. Aber als die Arbeit vorüber war und wir
97 1381 1506 1437 nichts mehr miteinander zu tun hatten, wurden wir uns nicht fremd — aber wir
99 1428 555 1501 sind so fern voneinander!\:p\
178 1467 1506 1546 \p\Uns Wandervögel umschließt das gemeinsame Erlebnis. Es ist stark in uns,
104 1532 1504 1590 so stark, daß es wirklich etwas Lebendiges, Glühendes und Freudiges wird, etwas,
95 1576 1504 1624 an das wir mit großer Sicherheit glauben. Ich glaube, daß jeder Wandervogel
95 1626 1506 1675 mein Freund ist, weil ein Teil des gemeinsamen Gottes in uns ist. Aber von
97 1668 1504 1724 vielen Wandervögeln weiß ich, daß ich, trügen sie kein silbernes Zeichen wie ich,
95 1708 1504 1768 tausendmal an ihnen vorübergehen würde, ohne sie anders anzusehen als andere
100 1752 386 1826 junge Menschen.\:p\
183 1800 1506 1876 \p\Es mag sein, daß wir, die ganze Jugend, zueinander gehören, daß wir in
97 1865 1504 1914 Jedem ein Stück Gemeinsamkeit finden, daß wir also alle lieben können, wenn
97 1909 1504 1959 wir wollen. \g\Im Wandervogel wollen wir, das ist seine Berech¬
95 1950 1502 2006 tigung\:g\. Aber Freund will ich einen anderen Menschen nennen. Den, der durch
95 1995 1499 2041 alle auf mich zugegangen ist. Den, den ich sehe und liebe, ohne darüber nachzu¬
100 2040 1504 2089 denken. Es muß eine gewisse Rücksichtslosigkeit darin sein. Seht, wir lieben
99 2078 1506 2133 uns alle. Aber einem Freund zu Liebe würde ich jede Gemeinschaft aufgeben.
95 2129 1504 2196 Ich würde ganz allein sein, um alles für den einen Menschen zu haben. Darum
95 2172 844 2246 kann größte Einsamkeit höchste Liebe sein.\:p\
176 2217 1508 2311 \p\Und darin habe ich den Unterschied gefunden zwischen Gemeinschaft und
90 2281 757 2358 Freundschaft. Aber beides ist heilig.\:p\
988 2302 1462 2390 Annemarie Schwarzenbach.
