3672 5592
236 510 1648 663 Britisch-amerikanische Begegnung
716 670 1210 762 in Bermuda
185 746 962 813 \p\Als unser amerikanischer 35 000-Tonnen-Damp¬
142 797 962 851 fer durch das Insellabyrinth von Bermuda gelotst
142 844 962 883 wurde, zeigte mir der Kapitän das Terrain, das
134 878 962 920 England den Vereinigten Staaten für die Errich¬
134 906 962 950 tung einer Flug- und Marinebasis überlassen hat.
134 950 962 988 Es handelt sich um einen der Stützpunkte, die
137 983 962 1017 innerhalb einer von Neufundland bis zu den West¬
137 1018 962 1053 indischen Inseln sich hinziehenden Verteidigungs¬
137 1052 962 1096 linie im vergangenen Sommer von Präsident
137 1085 962 1126 Roosevelt gegen fünfzig amerikanische Zerstörer
134 1127 962 1164 eingetauscht wurden – ein Handel, der von
134 1163 962 1194 deutscher Seite geradezu als "feindliche Aktion"
134 1191 962 1231 bezeichnet wurde, und auch in den USA. heftige
134 1221 762 1272 Meinungsverschiedenheiten hervorrief.\:p\
190 1245 950 1303 \p\Der neue amerikanische Besitz besteht aus
134 1293 962 1335 einer Reihe bewaldeter Koralleninselchen und
139 1324 964 1372 Wasserstraßen, die für die zukünftigen Hafenan¬
139 1367 964 1402 lagen teilweise ausgefüllt werden sollen. Gegen¬
134 1395 962 1442 über liegt, am Ende einer fast ringsum natürlich
146 1437 962 1474 geschützten Bucht, das kleine Hamilton, die
134 1470 962 1509 Hauptstadt der britischen Kolonie Bermuda, seit
137 1505 962 1549 1620 Sitz ihres Parlaments, seit 1934 das Zentrum
139 1542 964 1581 von Englands wichtigster transatlantischer Flotten¬
137 1569 234 1630 basis.\:p\
181 1593 962 1657 \p\Statt der achtzigtausend Gäste, die früher jähr¬
137 1629 962 1690 lich, besonders während der milden Wintermonate,
134 1680 953 1720 nach Bermuda kamen, sieht man jetzt blonde
130 1717 955 1762 schottische Soldaten in Khaki und Tellermützen
134 1753 944 1792 und nebeneinander viele britische und einige ame¬
137 1785 946 1829 rikanische Matrosen. Automobile durften auf Ber¬
134 1819 950 1861 muda nie zirkulieren, mit Ausnahme der Wagen
134 1857 950 1896 des städtischen Abfuhrwesens und der Feuerwehr.
134 1889 962 1936 Die eleganten Jachten und Speedboote reicher
127 1921 962 1966 amerikanischer Villenbesitzer sind auch ver¬
130 1950 964 1998 schwunden, dafür sieht man um so mehr Motor¬
134 1994 964 2049 boote mit britischen Flaggen oder Sternenban¬
137 2026 962 2072 nern, die offenbar militärischen Stellen gehören
137 2065 962 2109 und für dienstliche Zwecke benutzt werden. Aber
139 2098 964 2135 englische Boys in grauem Flanell schlendern im¬
134 2133 962 2177 mer noch durch die Straßen von Hamilton, die
134 2165 962 2214 Tabakpfeife im Mundwinkel, den Tennisschläger
137 2204 962 2249 unter den Arm geklemmt. Sie wirken gleichmäßig
137 2241 962 2278 unbekümmert wie in Friedenszeiten, üben sich
134 2272 946 2315 im Tontaubenschießen, trinken Whisky-Soda, ha¬
134 2309 962 2348 ben sonnenverbrannte Gesichter unter den weißen
142 2341 962 2385 Tropenhelmen. Freundlich lachende Neger, Dock¬
137 2378 962 2417 arbeiter und Lastträger, sitzen an der Mauer des
134 2409 962 2462 Zollhauses in der Sonne, warten auf die Ankunft
134 2445 962 2494 des nächsten Dampfers, kauen inzwischen Kau¬
139 2485 964 2533 gummi, kaufen Coca Cola und in Oel gebackene
142 2519 962 2559 Kartoffeln in einer fahrbaren Einspänner-Lunch¬
139 2550 964 2594 bude, und lassen den lieben Gott einen guten
137 2578 962 2628 Mann sein. Die Leute von Bermuda haben beson¬
134 2624 962 2666 dere Gründe, sich auf den Himmel zu verlassen,
137 2666 964 2700 denn weder auf der größten Insel, noch auf den
134 2696 962 2738 359 kleineren und kleinsten, gibt es Süßwasser¬
142 2728 962 2765 quellen. Die Einwohner – es sind ihrer ungefähr
139 2761 964 2805 dreißigtausend –, die Pferde, die Maulesel, die
139 2798 964 2839 Fichtenwälder, die Palmen, die Zwiebeln, Kartof¬
139 2830 964 2879 feln und Lilien, die man nach den USA, ausführt,
139 2870 964 2918 und die dürftigen Grasflächen, dies alles hängt
139 2902 964 2942 also vom Regenwasser ab. Man sammelt es in
142 2930 962 2976 Tanks, die an Stelle von Kellern unter jedem Haus
142 2969 962 3018 angelegt sind; alle Hausdächer sind weiß gekalkt,
141 3004 962 3057 damit der Regen, ohne verunreinigt zu werden, in
139 3044 966 3081 die den Hauswänden entlanglaufenden Röhren ab¬
139 3071 966 3122 fließen kann. So haben sich die Engländer seit
146 3118 964 3153 dreihundert Jahren auf Bermuda einzurichten ge¬
148 3143 964 3185 wußt, und leben, wie sie es zu Hause in England
151 3183 962 3224 gewohnt waren, und wie sie in Indien, in den
146 3215 962 3252 Wüsten Iraks', in Gibraltar, am Khyber, in Aden
137 3243 941 3299 leben, – wo immer an scheinbar noch so verloren¬
142 3282 962 3349 nen Flecken des Erdballs eine britische Flagge auf¬
139 3324 394 3377 gezogen wurde.\:p\
186 3329 964 3396 \p\Die englischen Zeitungsbuben und ihre kleinen
139 3393 957 3437 Negerkollegen verkaufen in Hamilton nicht etwa
146 3423 953 3474 die "New York Times", sondern den 1828 gegrün¬
139 3463 955 3507 deten "Royal Courier" und die "Mid-Ocean News
139 3498 959 3561 and Colonel Government Gazette", die beide in
142 3532 600 3577 Hamilton gedruckt werden.\:p\
195 3540 946 3605 \p\Die friedliche, konservative Kronkolonie hat
139 3602 955 3646 sich rasch daran gewöhnt, als bewaffneter Vor¬
155 3639 951 3679 posten des britischen Reichs ein Punkt auf der
146 3671 948 3734 Landkarte einer neuen, übernationalen Kriegs¬
146 3704 382 3757 front zu sein.\:p\
192 3718 948 3788 \p\Als ich den Kapitän unseres Dampfers auf das
142 3773 955 3818 symbolische Nebeneinander der britischen und
148 3808 957 3859 amerikanischen Flaggen im Hamiltoner Hafen
139 3843 962 3889 aufmerksam machte stellte ich fest, daß nicht alle
146 3875 955 3924 Amerikaner sich über seine Bedeutung einig sind.
146 3917 955 3959 Zuerst sagte er mir, Präsident Roosevelt habe
139 3952 960 3998 sich beim Tauschhandel um die strategischen
146 3982 953 4031 Basen im Atlantik über das Ohr hauen lassen,
146 4015 964 4061 denn die Engländer seien genau so schlaue und
146 4057 964 4100 zähe Geschäftsmänner wie die Juden und würden
146 4087 964 4138 in Bermuda, Bahama und Neufundland den Ame¬
151 4117 962 4168 rikanern möglichst wertloses Terrain überlassen.
146 4149 962 4198 Ich wandte ein, die Errichtung strategischer Stütz¬
155 4195 964 4242 punkte sei für England so wichtig wie für die
146 4225 959 4279 USA., wenn für diese Basen also ungeeignete
146 4260 957 4309 Stellen ausgesucht würden, so käme dies einer
146 4295 964 4341 Sabotage der eigenen englischen Verteidigung
148 4335 962 4385 gleich. Der Kapitän brummte, da Amerika ohnehin
146 4367 964 4416 nicht angegriffen werde, handle es sich nur dar¬
146 4404 964 4455 um, daß es für die Engländer die heißen Kasta¬
146 4434 964 4480 nien aus dem Feuer hole. Ohne amerikanische
155 4476 957 4525 Hilfe würde England besiegt werden, und warum
148 4506 962 4559 sollte es nicht? – "Und wenn die Achsenmächte
146 4546 964 4587 siegen", antwortete ich, "glauben Sie, daß dies
148 4571 962 4641 für die Vereinigten Staaten günstig wäre?" – Er
146 4615 964 4661 sei Amerikaner, sagte der Kapitän, und daher
146 4648 929 4708 neutral. Er wünsche keiner Seite den Sieg. –
157 4682 966 4729 "Das hat Ihr Oberst Lindbergh auch erklärt",
151 4719 962 4771 sagte ich, "aber eine Seite \g\muß\:g\ den Krieg ge¬
155 4750 964 4798 winnen. Wenn England ohne amerikanische Hilfe
155 4784 964 4835 verloren ist, und wenn Sie dagegen sind, daß
151 4824 962 4884 diese Hilfe gewährt werde, dann sind Sie für den
155 4868 431 4916 deutschen Sieg."\:p\
199 4873 966 4942 \p\Der Kapitän war geborener Norweger. Er hielt
146 4923 966 4974 alle Europäer für geisteskrank, war dafür, daß
155 4953 964 5012 die USA. keine Flüchtlinge und besonders keine
157 4995 966 5042 Juden aufnehmen sollten, weil die Juden Kriegs¬
151 5030 962 5081 hetzer seien, und hegte gegen die Engländer einen
151 5067 964 5116 tiefen Haß, weil er als junger Matrose in Südafrika
151 5099 964 5150 mitangesehen hatte, wie ein freies kleines Volk,
157 5141 962 5192 die Buren, vom britischen Imperialismus besiegt
157 5187 413 5239 worden waren.\:p\
208 5181 966 5260 \p\Der Kapitän wußte nicht genau, ob er mehr
160 5241 964 5340 gegen Churchill oder gegen Roosevelt sei, und
973 769 1803 818 als sich eine ältliche amerikanische Lehrerin zu
973 814 1803 851 uns gesellte, waren wir froh, das Gesprächsthema
973 848 1803 895 zu wechseln. Sie hatte viel von der Welt gesehen,
973 881 1803 916 und hatte drei Jahre lang auf den Philippinen
973 916 1803 962 junge Eingeborene unterrichtet. Nicht sie allein,
973 957 1783 992 erklärte sie mir, sondern alle Amerikaner arbeiten
973 983 1803 1027 für diese armen Philippinos im Dienste christ¬
973 1020 1803 1061 licher Nächstenliebe. Viele Eingeborene sind sehr
973 1055 1803 1106 begabt und blicken voller Dankbarkeit zu ihren
973 1087 1803 1136 Wohltätern auf. Aber es wäre ein großer Fehler,
973 1122 1803 1161 wenn die USA. den Philippinen Unabhängigkeit
973 1159 1803 1208 gewähren würde, denn ohne die Vormundschaft
973 1185 1803 1231 der Amerikaner sind sie verloren. Der Kapitän
971 1226 1704 1280 war in diesem Punkt mit ihr einverstanden.\:p\
1017 1245 1803 1307 \p\Ich war nicht erstaunt, von ihnen zu erfahren,
973 1294 1803 1345 daß sie beide große \g\Bewunderer von
973 1326 1803 1379 Oberst Lindbergh\:g\ waren. Der Ozeanflieger
973 1370 1803 1416 ist heute der Exponent jener amerikanischen
973 1405 1803 1440 "Isolationisten", welche amerikanische Hilfelei¬
973 1435 1803 1476 stung an England ablehnen, weil durch sie der
973 1477 1783 1518 Krieg unnötig verlängert würde. Sie glauben,
973 1504 1803 1551 die USA. seien erstens im Falle einer deutschen
973 1544 1803 1585 Vorherrschaft in Europa und einer japanischen
971 1581 1803 1620 in Ostasien nicht bedroht, und könnten sich zwei¬
973 1609 1804 1667 tens im Falle einer Bedrohung militärisch leicht
973 1653 1789 1701 verteidigen. Sie erklären sich als neutral, ver¬
1803 494 2633 568 raten aber deutlich ihr altes Ressentiment gegen
1803 558 2633 598 England, wenn sie sich immer wieder auf den
1803 594 2633 631 amerikanischen Unabhängigkeitskrieg berufen. Die
1804 628 2612 674 Vernichtung des Britischen Empires scheint ihnen
1804 663 2608 705 die Aussicht zu eröffnen, daß dann die Vereinig¬
1804 693 2615 758 ten Staaten das Erbe der angelsächsischen Vor¬
1803 732 2624 774 herrschaft antreten könnten. Der amerikanische
1803 765 2633 811 Imperialismus in der westlichen Hemisphäre
1803 800 2633 849 neben dem japanischen in Asien und der deut¬
1803 837 2615 876 schen Vorherrschaft in Europa – es ist ein Zu¬
1803 871 2615 922 kunftsbild, das den zahlreichen "Lindberghs" in
1803 906 2376 957 den USA. nicht unsympathisch ist.\:p\
1852 922 2610 992 \p\Aber es ist eine Verzerrung jenes anderen zu¬
1803 969 2612 1034 künftigen Aspekts, für den die britisch-amerika¬
1803 1018 2619 1066 nische Zusammenarbeit in Bermuda so symbolisch
1803 1053 2624 1097 auf mich gewirkt hat. Ich saß am Abend mit zwei
1803 1092 2621 1140 englischen und einem amerikanischen Matrosen
1803 1129 2615 1163 zusammen. Die Unterhaltung drehte sich um tech¬
1803 1157 2624 1207 nische Verbesserungen in der Ausrüstung des
1803 1194 2612 1238 neuen britischen Schlachtschiffs "George V", der
1804 1229 2621 1266 kürzlich mit dem britischen Botschafter Lord
1803 1261 2615 1307 Halifax an Bord im USA.-Kriegshafen Annapolis
1803 1298 2619 1342 gelandet war. Der amerikanische Matrose hatte
1803 1340 2624 1379 das Schiff gesehen. "Mit solchen Booten werden
1803 1368 2621 1409 wir es schon schaffen", sagte er zu seinen eng¬
1803 1400 2621 1453 lischen Kollegen, "aber unsere US.-Flugzeuge sind
1803 1437 2153 1490 auch nicht schlecht".\:p\
1852 1446 2615 1521 \p\Ich verstand von diesen Dingen nichts. Aber
1803 1491 2610 1551 als die britische Fahne am Quai eingezogen wurde,
1803 1548 2615 1590 und es Zeit für mich war, auf meinen Passagier¬
1803 1579 2621 1623 dampfer zurückzukehren, schüttelte ich den drei
1803 1607 2191 1669 Matrosen die Hand ...\:p\
2063 1627 2617 1702 Annemarie Maroc[sic]-Schwarzenbach
