4288 7165
403 4532 961 4603 Die weißen Ebenen ...
247 4584 1101 4671 Von \g\Annemarie Clarac-Schwarzenbach\:g\
262 4663 1125 4718 \p\Es war gegen acht Uhr abends, als ich bemerkte,
214 4705 1125 4752 daß der Benzinzeiger meines Ford-Autos auf null
218 4741 1125 4793 stand – aber es schien mitten in der Nacht zu sein.
225 4784 1119 4823 Denn während dieser Jahreszeit setzt die Dämmerung
219 4813 1113 4858 in den Staaten Neu-Englands früh ein, und der Win¬
217 4853 1124 4896 ter ist lang und streng, wenn auch die eisigen Winde
217 4887 1113 4927 häufig von Perioden lauer, feuchter Wärme unter¬
217 4926 1124 4966 brochen werden, die wie trügerische Frühlingserschei¬
208 4962 1125 4999 nungen wirken. Die eben noch gefrorenen, glatten
223 4993 1117 5033 Straßen brechen auf; ihr dunkler Teerbelag wölbt sich
208 5025 1125 5075 wie eine zum Platzen gespannte Haut, weil Lehm, Kies
217 5065 1124 5110 und Erde darunter aufgequollen sind von dampfender
214 5104 1125 5143 Nässe, und weithin steigt von den Wiesen Rauch in
219 5139 1116 5179 hundert zarten Säulen auf. Man wird müde von der
217 5171 1117 5213 langsam dahinwehenden, allzu weichen Luft und ver¬
214 5202 1125 5252 sucht vergeblich, die Augen zu stillen an der Bläue
217 5240 1113 5283 des Himmels, der hinter unsichtbaren, aber das reine
216 5284 1124 5323 Licht dämpfenden Schleiern gefährliche Geheimnisse
210 5312 1124 5359 birgt. – Es ist die Müdigkeit eines tropischen Klimas,
219 5350 1113 5394 die man an solchen Spätwintertagen empfindet, mitten
208 5381 1125 5430 im nördlichen Amerika; aber sie verschwindet wie ein
223 5422 1113 5461 Spuk über Nacht, ja sogar von einer Stunde zur an¬
208 5453 1125 5498 dern, und ein jäh von den Rocky Mountains in die
214 5497 1110 5532 Ebenen des Mittelwestens hinabsteigender, wie Reiter¬
208 5530 1113 5567 scharen ostwärts fegender Wind läßt das Land gefrie¬
208 5562 1125 5595 ren, oder schwere Schneewolken ziehen von den Wäl¬
210 5594 1124 5638 dern Kanadas südwärts über die Hügel von Maine
210 5633 1124 5675 und New Hampshire bis an die Grenzen der Groß¬
210 5668 480 5722 stadt New York.\:p\ [space]
310 5709 1105 5761 \p\– In einem solchen nächtlichen Sturm war ich ge¬
214 5750 1125 5795 fangen. Ich hatte kein Publikum; auf beiden Seiten
210 5792 1124 5835 der Landstraße reihten sich Tannen und Fichten; der
214 5827 1125 5870 Wald schien sehr groß zu sein und immer dichter zu
210 5870 1124 5904 werden, je weiter in unabschätzbar entfernte Tiefen
208 5899 1108 5944 er nach allen Himmelsrichtungen sich ausdehnte. Es
210 5931 1124 5979 gab offenbar am späten Abend hier wenig Verkehr;
208 5967 1125 6008 ich hielt vergeblich Ausschau nach einem Wagen, der
210 6009 1124 6046 mir entgegenkommen oder mich von hinten überholen
208 6042 1125 6083 würde und mir vielleicht eine Gallone Benzin abgeben
210 6079 1124 6119 oder die nächste Tankstation benachrichtigen könnte. Ich
217 6112 1124 6152 hatte keine Ahnung, wie weit in dieser Gegend eine
208 6146 1126 6202 solche Station entfernt sein würde, sonst hätte ich mich
1148 4524 2054 4566 vielleicht zu Fuß aufgemacht, obschon auch dieses Unter¬
1147 4561 2054 4612 nehmen bei schneidender Kälte und dem atemberauben¬
1150 4597 2051 4634 den Sturm nicht eben angenehm war. – In New York
1148 4633 2054 4670 und der engeren Umgebung der Stadt hatte ich es mir
1148 4663 2055 4703 während der letzten Monate abgewöhnt, mich um den
1148 4701 2054 4739 Stand meiner Benzinuhr zu kümmern; denn dort gab
1155 4736 2055 4783 es Tankstationen alle Nasen lang, an jedem Parkplatz
1148 4777 2054 4813 und Kreuzungspunkt – wenn auch nicht gerade im
1161 4802 2055 4846 Stadtzentrum. Aber da wieder geriet man nicht in
1152 4843 2054 4882 Verlegenheit, weil die Garage, die den Wagen abends
1147 4880 2054 4924 abholen ließ, auch das Auffüllen von Benzin, Oel und
1152 4912 2054 4954 Wasser besorgte, die Reifen kontrollierte, die Wind¬
1148 4948 2054 4992 schutzscheibe reinigte und ab und zu anfragte, ob es
1148 4983 2054 5024 recht sei, den Wagen für einen Dollar zu waschen.
1148 5017 2054 5068 Ich hatte mich in der Stadt entmündigen lassen wie
1148 5057 2054 5098 ein Gefangener, dem man in der Haft das Geld, die
1157 5089 2054 5134 Kleider, die Zigaretten und Streichhölzer abnimmt,
1148 5124 2054 5167 so daß er sein freudloses Sträflingsleben ganz sorgen¬
1156 5159 2054 5203 frei beginnen kann – und so hatte ich jede rechte Be¬
1152 5201 2055 5241 ziehung zu meinem eigenen, kleinen, nicht mehr ganz
1148 5231 2055 5286 neuen, aber erprobten und zuverlässigen Ford ein¬
1148 5264 1268 5321 gebüßt.\:p\
1193 5284 2054 5343 \p\Jetzt stand ich da, vor der geöffneten Motorhaube
1148 5341 2054 5377 und versuchte noch einmal ein paar Benzintropfen in
1148 5374 2054 5412 den Vergaser zu pumpen – vergeblich. Als ich die
1161 5407 2055 5449 Haube schloß, lief ein Fuchs dicht vor dem Wagen quer
1152 5446 2054 5482 über die Straße und blieb einen Augenblick gebannt
1148 5480 2054 5529 vor den Scheinwerfern stehen, das gelbe Licht mit halb
1152 5516 2054 5564 zugekniffenen Augen fixierend. Schneeflocken funkelten
1154 5551 2055 5591 silbrig in seinem seidig glänzenden Fell, das er wie
1148 5587 2054 5629 Gefieder aufgeplustert hatte. Dann duckte er sich und
1148 5620 2054 5670 glitt in das Unterholz, geschmeidig und lautlos. Ich
1147 5658 2054 5699 fror erbärmlich, stampfte mit den Füßen, rieb meine
1152 5695 2054 5738 Ohren, bis sie brannten, und setzte mich schließlich
1148 5729 2054 5780 wieder in den Wagen. Der Rauch meiner Zigaretten
1148 5763 2054 5798 täuschte ein bißchen Wärme vor. "Das ist kein schlim¬
1148 5797 2044 5844 mes Abenteuer", sagte ich mir, "im Gegenteil, es ist
1147 5834 2054 5880 sogar erfreulich; denn wozu sonst habe ich die Stadt
1148 5870 2054 5911 verlassen, dieses Monstrum New York, wenn nicht, um
1148 5902 2055 5953 die Natur widerzufinden und das Land wieder¬
1148 5937 2054 5979 zuentdecken, mit dem ich im vergangenen Sommer ver¬
1148 5977 2054 6016 traut und ausgesöhnt gewesen war, das ich aber seither
1148 6013 2054 6053 ganz vergessen und ausgelöscht hatte in den lärmenden
1148 6049 2054 6088 Straßenkluften und Großstadtkanälen, die mir so lange
1148 6079 2054 6128 die Welt bedeuten mußten! – Jetzt atme ich gleich
1148 6120 2054 6157 eine gründliche Prise Wind, lerne wieder den Unter¬
1148 6150 2054 6202 schied zwischen Tag und Nacht, empfinde den bitteren
2076 4532 2994 4584 Frost und werde die Wärme der Morgensonne emp¬
2076 4560 2543 4604 finden, mit welchem Glück!"\:p\
2140 4584 2994 4650 \p\Ich drehte das Fenster herunter, beugte mich hinaus
2076 4637 2993 4677 und hielt aufs neue Ausschau, sah aber nur tanzende
2076 4671 2994 4718 Flocken und die ernsten, dunklen Bäume. Ich fragte
2076 4704 2993 4748 mich, als ich so wartete, während der Wind am knat¬
2073 4746 2993 4784 ternden Verdeck riß und an meinen Haaren zerrte und
2073 4776 2993 4827 meine Augen brennen machte, – ich fragte mich nach¬
2074 4822 2993 4856 denklich, ob ich jetzt nicht lieber in New York wäre,
2074 4850 2993 4887 in einem warmen Raum, in einer wohlbehüteten Um¬
2074 4891 2993 4931 gebung, unter vielen zufriedenen, geschützten und ge¬
2074 4924 2994 4969 zähmten Mitmenschen, – ob ich nicht um eine Tasse
2073 4957 2993 4998 heißen Tees diese Nachtfahrt in die Wildnis aufgeben
2073 4993 2993 5032 und zurückkehren würde in die von eigens dafür be¬
2073 5037 2993 5070 zahlten Straßenkehrern rein und trocken gehaltenen
2073 5064 2994 5104 Längs- und Querstraßen, die statt mit Namen ver¬
2072 5098 2993 5146 sehen, einfach und übersichtlich numeriert waren. – Ob
2072 5134 2993 5181 ich nicht die Freiheit dieser Landstraße, und ihre Ein¬
2073 5169 2993 5210 samkeit, in der ich verloren war, vertauschen würde mit
2073 5204 2993 5243 dem Verkehrsnetz, das geplant und geregelt war von
2073 5243 2986 5285 Experten, und worin ich nichts zu tun hatte als ein
2080 5273 2993 5318 paar einfache Regeln zu befolgen, anhalten bei rotem
2073 5312 2993 5350 Licht, auf den Gashebel treten bei grünem und mög¬
2073 5346 2993 5394 lichst gleichmäßig weiterfahren im 25 Meilen-Tempo,
2101 5385 2993 5424 – und auch dies war ungemein erleichtert, weil man
2072 5412 2993 5460 niemals allein war, immer in einer Kette, oft einer
2072 5460 2994 5492 dreifachen, oft einer zu einer Herde gewordenen, – da
2072 5486 2993 5534 durfte man weder aus der Reihe treten, noch plötzlich
2071 5527 2993 5568 stoppen oder gar abbiegen, und bald hatte man sich so
2072 5559 2993 5599 an dieses Massen-Verkehrssystem gewöhnt, daß man
2071 5595 2994 5639 wie ein Teil einer Maschine reagierte, und im Schlaf
2070 5628 2994 5669 hätte fahren können, ohne jemals ein rotes Licht zu
2071 5666 2994 5709 übersehen ... Ja, ich erinnerte mich an den Albdruck
2071 5694 2994 5745 des Daseins in den großen amerikanischen Städten,
2070 5736 2994 5785 denn in Chicago war es nicht anders als in New York,
2071 5776 2986 5811 nicht viel anders in Boston, Baltimore oder Buffalo.
2124 5811 2993 5851 – Und obwohl ich fror, und gern ein Licht gesehen,
2070 5836 2993 5889 einen Menschen erblickt, ein Herdfeuer gefunden, den
2070 5879 2994 5923 Duft einer dampfenden Suppe gerochen hätte, – so er¬
2070 5915 2993 5964 innerte ich mich doch an die langen Monate in der
2070 5947 2993 5994 Stadt wie an eine lange, in einem von Schmerz ge¬
2070 5982 2993 6037 nährten Fiebertraum verbrachte Gefangenschaft. – Ja,
2069 6020 2980 6060 dort konnte man alles haben, wenn man sich nur vor¬
2069 6055 2993 6109 schriftsmäßig zu benehmen wußte, und den Normen
2069 6094 2993 6126 eines Gesetzes entsprach, das eine anonyme, aber ge¬
2069 6127 2993 6165 waltige Macht ausübte. Die Tyrannis der Städte
2069 6156 2993 6215 war wie die zusammengeballte und dann um so grau¬
3017 4530 3934 4580 siger und absoluter herrschende Tyrannis einer Zivili¬
3030 4574 3937 4617 sation, die einmal anhob und wuchs zur Förderung
3017 4605 3937 4652 und Erhebung des Menschen, und dann selbsttätig
3017 4638 3940 4687 wurde, den Menschen erniedrigend und mißbrauchend,
3017 4678 3935 4726 der ihren allgewaltigen Formeln und Vorschriften noch
3016 4715 3939 4752 sein Bestes, die freiwillige Disziplin seines freien, ver¬
3016 4752 3933 4797 antwortlichen Gewissens, vergeblich und immer vergeb¬
3016 4782 3939 4827 lich entgegensetzte. – Und statt freiwillig und gern
3016 4818 3934 4868 in einer stolzen, freien, opferwilligen Gesellschaft zu¬
3015 4852 3934 4902 sammen zu leben, lebten sie nun, die Städter, in
3015 4891 3939 4932 Massen und Herden, doch jeder für sich allein. Denn
3015 4931 3929 4976 schon zu viel Bruderliebe oder gar Gemeinsamkeit,
3015 4966 3892 5008 oder gar Mitleid zu zeigen, kam teuer zu stehen, –
3013 4992 3932 5040 darum kümmerte sich ein jeder um seine eigenen
3013 5037 3933 5089 Affären, betrog vorteilsüchtig die Fremden, und hielt
3013 5073 3940 5111 nur noch die Spielregeln des gesellschaftlichen, wohl
3013 5105 3932 5150 organisierten Zusammenlebens ein, – und auch dieses
3013 5144 3932 5188 nur aus Gewohnheit, um nicht mit dem Gesetz und der
3013 5177 3932 5219 Polizei in Konflikt zu geraten, und weil es so be¬
3011 5219 3479 5261 quemer und so üblich war.\:p\
3098 5222 3932 5290 \p\– Ich hatte in der letzten Zeit in Amerika viele
3012 5271 3932 5327 Gefängnisse gesehen, und viele den Kranken oder der
3012 5313 3932 5364 Wohltätigkeit gewidmete Anstalten. Ich hatte den
3012 5356 3932 5395 Aufruhr verzweifelter Gefangener gesehen und ihre
3011 5388 3932 5437 Schreie gehört, die bald erstickten, weil sie doch macht¬
3011 5428 3932 5465 los verhallten, und gegen die Vorschrift verstießen, also
3011 5460 3928 5508 neue Strafen und neue Qualen mit sich brachten. Und
3011 5499 3934 5537 ich hatte wohl gesehen, wie in solchem Elend, allen
3011 5527 3932 5573 Stolzes und aller Verantwortung entkleidet, Männer
3010 5566 3934 5610 und Frauen und sogar Kinder sich alle Regungen der
3011 5601 3932 5641 Menschenfreundlichkeit und der liebenden Sehnsucht
3011 5636 3934 5687 abgewöhnten, wie sie mißtrauisch in ihrer Ecke kauerten,
3011 5673 3932 5715 jeder für sich, und wie sie bald abgehärtet wurden, den
3009 5709 3932 5772 Schrei und die Tränen ihres Bruders neben sich nicht
3009 5744 3589 5791 mehr zur Kenntnis zu nehmen ...\:p\
3063 5769 3934 5826 \p\Gefangen im Verkehrsnetz der Großstadt, gefangen
3010 5805 3933 5856 in einem das Dasein bis in alle kleinsten Handlungen
3010 5849 3925 5890 beherrschenden Netz aus Gesetz, Gewohnheit und Kon¬
3009 5884 3926 5932 vention, hatte ich das Leben wie ein Abbild jener
3009 5923 3924 5973 krasseren Gefangenschaften empfunden, – oder waren
3009 5953 3926 6005 vielmehr nicht diese das Zerrbild jener Daseinsformen,
3009 5989 3862 6051 die mich mit Panik erfüllten und bleiern lähmten?\:p\
3107 6026 3926 6070 \p\– Ich war mit meinen Ueberlegungen fertig, und
3006 6058 3922 6115 auch am Ende mit meinem Vorrat an Zigaretten. Da
3008 6103 3920 6143 öffnete ich die Wagentüre, und lauschte jetzt nur auf
3008 6137 3920 6185 den Wind, hielt nur nach Sternen Ausschau. Ich
3008 6171 3922 6221 stellte mir vor, daß ich irgendwann am nächsten Mor¬\fml\\:p\
292 4462 1195 4505 \fml\\p\gen das Ende dieses Waldes erreichen würde, heißen
292 4503 1188 4545 Kaffee bekommen in einem weißen oder ziegelroten
286 4537 1186 4574 Farmhaus aus Holz, oder in einer ländlichen Her¬
292 4574 1203 4608 berge, – und daß ich weiße Ebenen finden würde, die
288 4607 1203 4656 Weite von Aeckern und Weiden. Und ich atmete tief
288 4641 459 4688 vor Glück.\:p\
343 4683 1203 4729 \p\Ein wenig später sah ich Scheinwerfer auftauchen.
292 4720 1203 4758 Es war ein schwerer Lastwagen der amerikanischen
287 4755 1203 4803 Armee, dessen mit pelzgefütterten Mützen ausgestattete
292 4790 1203 4832 Mannschaft meinen kleinen Ford ins Schlepptau nahm
292 4826 1203 4867 bis zur nächsten, fünf Meilen entfernten Benzin¬
286 4860 450 4919 station ...\:p\
