4279 7121
437 4590 1078 4667 "Die Reise nach Pittsburgh"
518 4658 1020 4712 Von \g\Annemarie Clark\:g\
370 4697 1230 4750 \p\Nach Pittsburgh fährt kein vernünftiger Mensch
321 4733 1230 4801 freiwillig und zu seinem Vergnügen. Amerika ist groß,
315 4786 1230 4827 in New York herrscht laues, ungesundes Winterwetter,
319 4815 1208 4855 die jungen Leute warten auf Schnee, um mit Sports¬
310 4846 1230 4889 zügen in die weitentfernten Berge zu fahren, reiche
321 4886 1230 4927 Menschen reisen mit Schrankkoffern, Golfschlägern und
318 4918 1230 4965 Schwimmanzügen nach Miami, Havannah oder Nas¬
321 4952 1230 4990 sau, in Kalifornien blühen Blumen und Sträucher,
310 4981 1207 5023 das Meer ist sanft und blau an den Küsten der In¬
321 5018 1230 5062 seln von Bermuda, in New Orleans singen die
309 5057 1230 5099 Kreolenmädchen zur Laute, in Charleston tanzen die
315 5090 1207 5135 Neger, weil die Baumwollfelder brach liegen. In
315 5118 1230 5163 New York setze ich mich dem Ruf eines Sonderlings
315 5159 1230 5202 aus, weil ich darauf bestehe, die Reise nach Pittsburgh
319 5190 1230 5227 zu machen, in Washington begegne ich einigem Inter¬
315 5223 1231 5276 esse und einigem Mißtrauen. Was will ein Fremder
315 5254 1230 5300 in Pittsburgh, was will ein Mädchen in der „Eiser¬
313 5289 1230 5330 nen Stadt“? Das Wasser des Ohio steigt, das Rote
313 5323 1230 5369 Kreuz sammelt für fünfhunderttausend Obdachlose in
309 5356 1208 5409 Cincinnati, Louisville, Paducah, in Detroit und
321 5394 1218 5433 Flint sitzen die streikenden Arbeiter immer noch in den
313 5424 1230 5463 Fabrikhallen von General Motors, – der Ohio aber
310 5460 1230 5505 wird in Pittsburgh geboren und getauft, und dort,
313 5495 1230 5533 im „goldenen Dreieck“, wo die beiden Ströme zu¬
319 5531 1230 5574 sammenfließen, sitzt der Generalstab des großen
318 5561 1230 5603 Streiks, die Organisatoren des Arbeiterführers John
315 5596 1215 5640 L. Lewis, in den Bureaux im dreißigsten Stockwerk
315 5633 1230 5673 eines Wolkenkratzers. Der Weg nach Pittsburgh führt
313 5672 1230 5713 über die Ketten der Alleghanies und durch das
309 5706 1230 5748 Kohlenbecken Pennsylvaniens. Die Straßen sind über¬
315 5734 1230 5772 schwemmt, es herrscht Typhusgefahr, ich werde Ketten
320 5769 1230 5822 für mein Fordauto anschaffen müssen, es ist eine
315 5806 926 5854 schlechte und gefährliche Jahreszeit.\:p\
373 5820 1230 5878 \p\– Aber Eingeweihte und Freunde sagen mir: in
325 5855 1230 5920 Pittsburgh gelten keine Jahreszeiten, in den Hallen
310 5906 1230 5946 der Stahlwerke ist im Winter die Hitze der Hochöfen
315 5939 1230 5995 sengend wie im Sommer, und die schwarze Erde des
321 5974 1207 6014 Kohlengürtels bleibt auch im Frühling schwarz. –
321 6006 1231 6064 Und wir treten die Reise an. – Wir folgen der alten
1255 4588 2156 4627 Straße der Planwagen, die vor hundert und noch vor
1248 4612 2156 4661 fünfzig Jahren über das Gebirge fuhren, um im We¬
1249 4656 2155 4703 sten neues Land zu finden. Wir kommen durch das
1248 4690 2156 4734 weit ausgebreitete Schlachtfeld von Gettysburgh,
1248 4725 2157 4768 einem riesigen Friedhof, wo Grabsteine, Denkmäler,
1248 4759 2156 4797 Farmhäuser und Kanonen über Wiesen und Aecker
1248 4789 2157 4834 verstreut sind. Abends machen wir Halt in der kleinen
1249 4825 2157 4866 Stadt Me Connelsburgh, sitzen am Kaminfeuer in
1247 4854 2156 4908 der Halle des alten „Fultonhouse“, die Besitzerin er¬
1248 4897 2156 4938 zählt uns Geschichten aus der gar nicht so fernen Zeit,
1248 4927 2156 4969 als die Susquehanna–Indianer die Planwagen über¬
1248 4961 2157 5007 fielen, und die Siedlungen der Einwanderer mit
1249 4994 2159 5040 Pallisaden und Gräben umgeben waren, – der Schul¬
1248 5025 2156 5070 lehrer berichtet über das reiche Farmland Pennsyl¬
1248 5062 2156 5099 vaniens, wo die großen Scheunen Formeln und Zei¬
1247 5099 2156 5141 chen gegen Viehseuchen und Hexenzauber tragen. Der
1248 5128 2156 5181 Lehrer ist ein blonder junger Mensch, sein Name ist
1248 5162 2156 5209 Pennypacker, aber seine Vorfahren hießen Panne¬
1248 5197 2157 5238 becker, sie sind „Pennsylvania Dutch“, Deutsche aus der
1247 5228 2156 5280 Rheinpfalz, und kamen vor mehr als zweihundert
1248 5266 2156 5310 Jahren in dieses Land, wo es jetzt die bestbestellten
1248 5300 2157 5341 Tabakfelder, das schönste Vieh, die größten Scheunen
1248 5336 2156 5380 und die sonderbarste Auswahl von religiösen Sekten
1255 5357 1332 5389 gibt.\:p\
1297 5398 2156 5449 \p\Ob wir seine Eltern besuchen wollen, fragt der
1248 5434 2136 5478 junge Mann, – sie haben eine schöne Farm in Lan¬
1248 5473 2156 5516 caster County, nicht weit von hier. „Fahren Sie nicht
1248 5500 2124 5546 nach Pittsburgh, wenn Sie auf mich hören wollen",
1248 5529 2156 5595 sagt er, – „das ist ein trostloser Weg: nichts als
1248 5573 1976 5610 Kohle, verlassene Gruben und Bootleggers.“\:p\
1288 5595 2156 5654 \p\Wir erfahren am nächsten Tag, was es mit diesen
1248 5646 2156 5692 „Bootleggern" auf sich hat. Sie sind keine Alkohol¬
1248 5676 2156 5724 schmuggler, – der Whisky ist zwar teuer, aber man
1248 5709 2156 5760 kann ihn überall bekommen, – und die Leute, die
1248 5741 2156 5791 nach alter Art heimlich schlechten Gin brennen, um
1247 5776 2156 5826 der staatlichen Steuer zu entgehen, halten sich in den
1248 5809 2157 5850 Bergen versteckt, treiben ihr Gewerbe nachts, und
1247 5843 2156 5894 heißen deshalb „Mondscheiner". Die „Bootlegger“ sind
1248 5883 2156 5928 arbeitslose Bergleute und bootleggen Kohle: hier in
1248 5912 2157 5954 Pennsylvanien, drüben in Westvirginien, im Anthra¬
1248 5951 2156 5993 zitgebiet von Shenandoah, und in vielen ähnlichen
1248 5983 2157 6030 Plätzen, wo die ertragreichen Gruben einst eine ganze
1248 6018 2157 6062 Einwanderungswelle von Schotten und Iren, Ita¬
2177 4590 3095 4634 lienern, Polen und Slowaken nach sich zogen, – um
2177 4633 3095 4663 dann während der Krisenjahre von den Grubengesell¬
2176 4663 3095 4710 schaften geschlossen zu werden. Was wird aus den
2177 4694 3095 4744 Menschen, die in den Gruben gearbeitet haben, in
2176 4734 3095 4777 elenden Baracken wohnten, heirateten und Kinder
2177 4760 3095 4809 haben und beim besten Willen keine Ersparnisse
2176 4794 3095 4847 machen konnten? Kein Gesetz schützt sie, kein Gesetz
2177 4829 3095 4882 verbietet einer Gesellschaft, eine Grube zu schließen,
2177 4862 3095 4916 wenn sich die Ausbeutung nicht mehr lohnt, – und
2176 4897 3095 4948 manche Gruben in jüngster Zeit wurden aufgegeben,
2177 4935 3095 4977 weil Organisatoren der Arbeitergewerkschaften in die
2176 4966 3095 5019 Grubenstädte kamen, um die unter elenden Lebens¬
2177 5003 3095 5041 bedingungen abgestumpften und hoffnungslosen Män¬
2176 5042 3095 5087 ner aufzurütteln, aufzuklären, in einer „Union“ zu
2176 5072 3095 5116 vereinen. Diese „Kampfansage“ wurde mit Gewalt
2177 5102 3095 5152 beantwortet, die Gesellschaft ließ die Grube „auf¬
2177 5135 3085 5184 fliegen“, – und heute begegnet man den trostlosen
2177 5175 3074 5215 Siedlungen, die man „verlassene Grubenstädte" (De¬
2176 5207 3095 5260 serted Miningtowns) nennt, und wo die Männer
2177 5235 3095 5282 widerrechtlich das Gewerbe von Kohle–Bootleggern
2177 5270 3096 5330 ausüben. In den meisten Fällen hindert man sie nicht
2177 5308 3095 5344 daran, – für die Gesellschaften, denen die Kohle ge¬
2176 5344 3095 5389 hört, lohnt es sich nicht, und die Polizei drückt ein
2176 5376 3095 5430 Auge zu. „Schließlich kann man die Leute nicht ver¬
2176 5406 3095 5464 hungern lassen“, sagte uns ein Polizist, der an einer
2179 5444 3095 5483 Tankstelle den Benzinbehälter seines Motorrades auf¬
2176 5476 3095 5531 füllte und den wir über die „Bootleggers" befrag¬
2178 5513 3095 5550 ten... Wir hatten einen ersten Hügelzug hinter dem
2177 5543 3095 5592 friedlichen Städtchen Mc Connelsburgh durchquert, als
2178 5582 3095 5631 der „Kohlengürtel“ schon begann, sich bemerkbar zu
2177 5616 3095 5668 machen. Die Abhänge der Landstraße sind schwarz,
2177 5647 3095 5695 die Kohle bricht förmlich aus dem Boden hervor, und
2177 5686 3095 5719 verdrängt die fette rötliche Erde, verdrängt die
2177 5715 3095 5765 Felder, färbt die spärlich bewachsenen Wiesen, häuft
2177 5752 3095 5801 sich an den Hügeln, wo primitive Gruben kaum ein
2177 5784 3095 5832 paar Meter tief angelegt sind. An der Straße tauchen
2177 5822 3095 5858 von Hand ungeschickt beschriebene Schilder auf: „Ver¬
2177 5853 3095 5894 sucht es mit unserer Hauskohle. Eine halbe Meile
2177 5891 3095 5937 nach links“, und kleine Lastwagen, Bauernwagen mit
2177 5923 3081 5972 zwei Pferden bespannt, oder Handwägelchen rollen
2177 5959 3096 6003 vorbei, alle beladen mit den schwarzen, glänzenden
2177 5995 3095 6035 Kohleblöcken. Ein Mann, der ein Stück Land besitzt,
2176 6023 3095 6084 stellt drei oder vier Leute an, kauft Sprengstoff, und
3106 4607 4020 4648 gräbt Kohle, ohne viel Vorsichtsmaßregeln. Der
3106 4637 4020 4684 Mann, der kein Land besitz, gräbt Kohle, wo er sie
3105 4671 4020 4719 findet, füllt seinen Sack, und bringt ihn auf den Markt
3106 4703 4021 4752 der nächsten Ortschaft. Das spielt sich im Gebirge ab,
3106 4742 4021 4779 und im Kleinen, – das Bild ändert sich, als wir in
3106 4770 4021 4817 die Ebene hinabfahren: da ist es nicht mehr der
3106 4803 4021 4857 Mensch, der der Kohle nachgeht, da beherrscht die Kohle
3106 4842 4020 4880 den Menschen und das Land. Schlackenhügel beherr¬
3106 4879 4021 4924 schen den flachen Horizont, der Wind ist beladen mit
3106 4909 4020 4961 dem Geruch von Kohle und Schwefel, und der Him¬
3106 4945 4020 4994 mel trägt einen Schleier von Kohlenstaub. Eben
3106 4983 4020 5026 noch waren die Häuser verstreut und versteckt, die
3106 5015 4017 5062 Siedlungen klein, – jetzt beginnt das sich gleichmäßig
3105 5041 4012 5098 wiederholende Bild von Grubenorten, die nichts ge¬
3105 5084 4020 5135 mein haben mit den gewohnten Formen menschlicher
3106 5118 4024 5165 Wohnstätten, Dörfern, Höfen, oder kleinen Städten,
3129 5156 4021 5197 – sie sind, so scheint es, nicht um der Menschen willen
3105 5181 4019 5236 da, sondern um der Kohle willen. Man erblickt zuerst
3106 5219 4012 5262 den schwarzen Schlackenberg, daneben die Kohlen¬
3106 5246 4020 5303 hütte und den ragenden Kran. Dahinter, mitten durch
3106 5283 4012 5336 das schwärzliche Feld, wo kein Gras wächst und kein
3106 5318 4011 5367 Baum gedeiht, zieht sich eine Straße, zwischen zwei
3105 5353 4009 5405 Reihen von würfelförmigen, aus geschwärzten Bret¬
3105 5388 4014 5432 tern errichteten Häusern mit halbblinden Fenstern,
3105 5433 4009 5474 einem schmutzigen Hinterhof, einer Wäscheleine. Es
3105 5458 4024 5509 sind „Company-houses“, Häuser, Baracken, welche die
3106 5496 4011 5534 Gesellschaft errichtete, als die Grube eröffnet wurde
3106 5528 4017 5576 und menschliche Arbeitskräfte nötig waren. Die Häuser
3106 5565 4014 5600 gehören der Gesellschaft, die sie an die Arbeiter ver¬
3106 5601 4017 5645 mietet. Der einzige Laden der Siedlung, ein Drug¬
3105 5626 4011 5679 store, wo man alles kaufen und auch Kaffee und Bier
3106 5660 4011 5707 trinken, auch Sandwiches essen kann, gehört ebenfalls
3105 5694 4011 5745 der Gesellschaft. Und der „Boß“, der Aufseher und
3106 5726 4010 5780 eigentliche Herr der Siedlung, ist natürlich ein Ange¬
3106 5767 4017 5808 stellter der Gesellschaft. Wir fahren durch mehrere
3106 5795 4016 5846 solche Siedlungen. – in der Dunkelheit scheint darin
3106 5835 4018 5878 alles Leben dumpf, trostlos, erstorben, – und die
3106 5868 4017 5931 armseligen Friedhöfe, stille Nachbarn, sind dafür ein
3105 5898 3473 5950 bedrückendes Symbol.\:p\
3157 5908 4009 5978 \p\Die kleine Stadt, die wir spät abends erreichen
3106 5963 4011 6016 heißt – ironisch genug – „Mount Pleasant“ – die
3105 6003 4005 6056 Inschrift auf dem Schild an der Hauptstraße setzt er¬
3105 6037 4014 6094 klärend hinzu: „Dieser Name bedeutet: ein angenehmer\fml\\:p\
208 4446 1128 4488 \fml\\p\Ort". Die Einwohner dieses angenehmen Orts ar¬
202 4477 1128 4522 beiten teils in einer Glasfabrik, zum größern Teil in
208 4521 1128 4563 den Kohlenfeldern von Frick, einem der größten
210 4555 1128 4593 Kohlenmagnaten Amerikas. Wir finden hier kein alt¬
210 4589 1128 4634 modisch–idyllisches „Fultonhouse“, kein Kaminfeuer,
204 4627 1108 4663 und niemanden, der uns Indianergeschichten erzählt.
214 4658 1128 4696 Das Hotel ist dürftig, das „laufende Wasser" läuft
210 4692 1128 4725 spärlich, das einzige Kino spielt einen alten Holly¬
208 4726 1104 4762 wood–Film und ist überfüllt. In der Bar schimpfen
210 4757 1128 4796 zwei Schotten über die „Hunkys“, die Ungarn und
210 4794 1128 4833 Slowaken, die als billige Konkurrenz auf dem Arbeits¬
202 4824 669 4874 markt erschienen sind ...\:p\
264 4857 1130 4904 \p\Mount Pleasant liegt mitten in dem reichen
210 4897 1128 4938 Kohlengebiet Westmoreland – einer Gegend, die be¬
202 4933 1104 4975 sonders heftig von der Krise heimgesucht wurde. Der
214 4969 1128 5009 größere Teil der dortigen Gruben gehört der Frick
214 5007 1090 5043 Coal Company, dem Lieferanten von "U. S. Steel"
204 5039 1128 5077 dem größten Stahl–Konzern der Vereinigten Staaten.
202 5069 1128 5109 Als 1932 ein Teil der Gruben geschlossen werden
201 5110 1127 5150 mußte, beließ man die Arbeiter zunächst in ihren Woh¬
202 5140 1130 5174 nungen, und gewährte ihnen Kredit in den „Com¬
202 5172 1128 5217 pany–store", – dies, solange die Hoffnung bestand,
208 5209 1104 5246 die Gruben in absehbarer Zeit wieder zu eröffnen.
210 5244 1128 5274 Seither ist die Krise, besonders in der Stahl– und
202 5277 1093 5312 damit auch in der Kohlenindustrie, überwunden –
202 5308 1128 5346 aber die Frick–Company ist nach Südwesten abge¬
208 5341 1110 5385 wandert, wo neue, leichter und billiger auszubeutende
208 5378 1108 5417 Gruben eröffnet wurden. Ein kleiner Teil der Ar¬
202 5410 1128 5456 beiter wurde von der Company nach den neuen Ar¬
210 5447 1128 5483 beitsstätten verpflanzt – ein größerer Teil blieb
204 5480 1128 5519 zurück. Das furchtbare Los dieser „verlassenen Berg¬
208 5515 1128 5554 leute“ hat in den letzten Jahren die Behörden in
208 5547 1128 5588 Washington beschäftigt. Und nur wenige Meilen von
208 5581 1128 5629 Mount Pleasant entfernt, in einer fruchtbaren, von
210 5619 1128 5660 Hügeln durchzogenen Mulde, befindet sich eines der
204 5647 1128 5690 größten und offenbar glücklichsten Projekte der von
203 5679 1128 5724 Roosevelt ins Leben gerufenen „Behörde für Umsied¬
204 5716 1128 5753 lung“ – die Westmoreland Heimstätten. Am frühen
208 5751 1128 5788 Morgen überblickten wir die Siedlung von einer nahen
208 5788 1128 5833 Anhöhe – bis zu den erstorbenen Schlackenbergen am
204 5822 1128 5858 grauen Horizont war das Land übersät von weißen
208 5857 1128 5896 Häuschen, durch Gartenland und Wiesen voneinander
202 5892 1128 5924 getrennt, aber alle von der asphaltierten Hauptstraße
204 5917 1128 5957 aus auf Pfaden leicht erreichbar. Die saubere und
203 5956 1128 5994 einfache Architektur, das leuchtende Weiß im frischen
208 5992 1128 6031 Grün, die rauchenden Kamine, die großen Scheunen
202 6020 1128 6058 der „landwirtschaftlichen Kooperative", die flachen Ge¬
208 6059 1128 6103 bäude der Hühnerfarmen – dies alles bot einen länd¬
1146 4459 2051 4504 lich–friedlichen, fast heiteren Anblick und einen traum¬
1146 4493 2051 4537 haften Kontrast zu den elenden und trostlosen Com¬
1146 4525 2051 4562 pany–Siedlungen, die uns am Vorabend so bitter be¬
1146 4560 2051 4617 drückt hatten. Und doch war dies äußerst praktische
1146 4592 1421 4633 Wirklichkeit ...\:p\
1186 4623 2040 4674 \p\Wir fanden den Manager im Verwaltungsgebäude
1146 4655 2051 4711 der Siedlung, einem alten Farmhaus, dessen Stuben
1146 4702 2051 4756 in Bureaux und Lehrzimmer verwandelt worden sind.
1148 4733 2005 4781 Er ist erst seit ein paar Monaten in Westmoreland
1146 4768 2051 4812 sein Vorgänger war ein Quäker, ein idealistischer
1146 4806 2051 4852 junger Mann, der den Siedlern Vorlesungen über
1146 4843 2052 4882 griechische Philosophie gehalten, und dafür wenig Ver¬
1145 4875 2051 4917 ständnis gefunden hatte. Der neue Manager ist ein
1146 4908 2051 4954 energischer, etwa vierzigjähriger Mann, dem Tatkraft,
1145 4939 2051 4987 Intelligenz, und lebhafte Warmherzigkeit aus den
1146 4976 2051 5018 Augen leuchten. Für rund fünfzehnhundert Menschen
1146 5007 2052 5058 ist er verantwortlich – und er hat es mit ihnen nicht
1146 5042 1989 5083 leicht. Sie sind Amerikaner, Slowaken, Schotten –
1146 5073 2040 5117 viele von ihnen können nicht lesen, viele verstehen
1146 5107 2041 5158 kaum englisch – alle sind arbeitslose Bergleute, und
1146 5143 2041 5192 haben Jahre bitterster Not hinter sich. Man bietet
1146 5178 2047 5225 ihnen ein Haus, ein Stück Gartenland, und beschäftigt
1146 5213 2047 5254 sie als Notstandsarbeiter teils auf der kooperativen
1145 5247 2047 5295 Farm, teils bei den Neubauten. Einige von ihnen
1146 5282 2051 5323 fahren Traktoren, andere züchten Hühner, andere wer¬
1146 5315 2035 5365 den tüchtige Landarbeiter. Sie müssen sich umstellen
1150 5352 2051 5392 – nicht nur auf eine neue Art von Arbeit, sondern
1145 5378 2051 5432 vor allem auf ein gänzlich neues Leben. „Man muß
1146 5416 2051 5464 sie lehren, für sich selbst zu denken“ wiederholt der
1145 5452 2047 5498 Manager immer wieder, und erklärt uns seinen Lieb¬
1145 5483 2051 5529 lingsgedanken, der aus Westmoreland nicht eine
1145 5516 2051 5573 \g\Wohlfahrtssiedlung\:g\, sondern eine neue und
1145 5552 2051 5594 lebendige \g\Gemeinde\:g\ machen soll. Und während
1146 5583 2051 5625 wir Hühnerfarm und Kleinkinderschule, den Theater¬
1146 5618 2051 5668 saal, den neuen, im Bau befindlichen Kuhstall und
1146 5655 2018 5699 das zukünftige Clubhaus besuchen, sehen wir das Ex¬
1146 5690 2051 5730 periment des „Kollektivs“ so deutlich wie in einem
1146 5724 2052 5769 Laboratorium: Der Siedler von Westmoreland kommt
1146 5755 2051 5798 aus jenen Grubenorten, welche die niedrigste Form
1146 5789 2051 5836 menschlichen Zusammenlebens sind – wo der Aufseher
1146 5822 2051 5869 für alle denkt, allen befiehlt, und wo der einzelne
1146 5857 2051 5904 Arbeiter nur nach seiner Arbeitskraft bemessen wurde.
1146 5894 2013 5941 Unselbständig, ausgeliefert dem Unglück der "Krise",
1146 5925 2051 5975 die über ihn hereinbrach, unfähig, sich zu wehren,
1145 5961 2051 6009 kommt er eines Tages als Siedler in die Westmore¬
1145 5994 2040 6044 land–Heimstätten, wo das höchste Maß von kollektivem
1146 6029 2051 6070 Verantwortungsbewußtsein, von loyaler Zusammen¬
1145 6064 2050 6120 arbeit, und persönlichem Handeln von ihm verlangt
2073 4461 2998 4502 wird. Viele können sich nicht anpassen, und verlassen
2073 4496 2998 4532 die Siedlung nach einigen Monaten Probezeit. Andere
2073 4536 2998 4583 begreifen die Gelegenheit, die ihnen geboten wird,
2072 4561 2998 4618 kommen bald mit eigenen Vorschlägen, übernehmen
2073 4600 2734 4645 ein Amt oder eine selbständige Arbeit.\:p\
2123 4633 2998 4680 \p\„Aber wie werden Sie die Leute beschäftigen“ frage
2073 4670 2998 4708 ich, „wenn die Bauten beendigt sind?“ – Die Farm
2073 4701 2998 4745 beansprucht nicht mehr als achtzig Männer, die Hühner¬
2080 4739 2998 4782 zucht etwa ebensoviele. Man wird jemanden für ein
2073 4772 2998 4807 Fabrikprojekt interessieren müssen. Westmoreland wäre
2073 4806 2998 4856 geeignet für eine Schokoladenfabrik, wo die Milch
2072 4839 2970 4886 von der Farm verwendet würde ... Das ist ein an¬
2073 4869 2998 4918 deres Ziel der Regierungsprojekte: Die Menschen
2073 4902 2998 4948 sollen nicht mehr blindlings den Industrien, Kohlen¬
2073 4940 2998 4980 feldern, Oelquellen folgen, um diesen Mächten schließ¬
2073 4978 2998 5017 lich ausgeliefert zu sein, sondern ein vernünftiger
2073 5006 2998 5074 Produktionsplan soll den Bedürfnissen der Menschen
2077 5039 2467 5093 dienen.\:p\
2467 5041 2942 5099 (Schluß folgt.)
