4252 5669
1240 1475 1602 1616 Saladin
475 1595 2367 1699 ein Schweizer Bergsteiger-Schicksal in Zentralasien
614 1715 2211 1795 Bezwingung des Khan Tengri-Gipfels und Tod im Innültschek-Tal
1221 1793 1614 1889 \g\Von Dr. A. CLARK\:g\
496 1896 1390 1976 \p\Ende September 1936 traf in Zürich (Schweiz)
468 1969 1390 2016 ein kurzes Telegramm mit der Nachricht ein,
473 2016 1395 2073 daß Lorenz Saladin während oder nach der Be-
470 2061 1388 2122 steigung des „Khan Tengri“ im russischen Tien¬
470 2105 1386 2167 schan, nahe von der chinesischen Grenze, ver¬
463 2157 1390 2216 unglückt sei und den Tod gefunden habe. Das
473 2193 1388 2254 Telegramm erregte beträchtliches Aufsehen. Sala¬
463 2247 1395 2301 dins Name war weit über die Grenzen seiner
475 2296 1397 2355 schweizerischen Heimat hinaus berühmt geworden
463 2345 1386 2407 durch seine in zwei aufeinanderfolgenden Expedi¬
470 2392 1390 2444 tionen 1933 und 1934 im Kaukasus durchgeführten
473 2432 1383 2489 Besteigungen und durch seine erfolgreiche Be¬
468 2477 1383 2536 teiligung an der Pamirexpedition 1935. Die Nach¬
468 2524 1395 2583 richt seines Todes war eine Sensation, obwohl
470 2578 1388 2630 wenig Leute überhaupt gewußt hatten, daß er 1936
468 2618 1395 2679 nach Turkestan zurückgekehrt war, und obwohl
470 2663 1386 2736 Saladin in seiner Heimat zwar berühmt, aber nicht
473 2712 1047 2776 eigentlich populär gewesen war.\:p\
501 2759 1383 2823 \p\Er war ein „Abenteurer“—, ein Bauernsohn, der,
470 2807 1379 2868 1896 im Dorfe Nuglar im Kanton Solothurn ge¬
466 2854 1388 2915 boren, schon als kleiner Junge davongelaufen war
463 2901 1374 2952 und, obwohl arm, es in keiner Lehre, in keinem Be¬
468 2952 1388 3006 ruf lange ausgehalten hatte. Jahrelang hatte er sich
468 2995 1386 3046 in den Pyrenäen, in Südamerika, in den Vereinigten
470 3042 1379 3098 Staaten umhergetrieben, er war Geschirrwäscher,
480 3089 1383 3145 Schwimmlehrer, Monteur, Polizist gewesen —, kurz,
475 3136 1379 3195 er hatte die durch Tradition schon fast „legal“ ge¬
468 3185 1379 3239 wordene Laufbahn eines Tunichtgut und Amerika¬
470 3232 1374 3284 kandidaten durcheilt, ohne etwa Millionär zu wer¬
470 3277 1386 3329 den —, das einzige, was ihn von seinen Schicksals¬
468 3329 1386 3378 genossen unterschied, war seine Passion für die
463 3373 1390 3425 Berge. Diese Leidenschaft hat seinem Leben einen
468 3421 1374 3477 Sinn verliehen, dessen praktischer Zweck kaum ge¬
468 3470 1386 3519 nannt oder bewertet werden kann, der aber, wir
470 3510 1397 3562 wissen es, zu den großen und integren Antrieben
463 3557 1383 3613 der Menschheit gehört und denen wir die Voll¬
463 3606 1379 3658 endung vieler wahrhaft großer Taten verdanken.\:p\
508 3653 1376 3705 \p\Saladin war ein durchaus einfacher Bursche:
470 3703 1372 3762 während er in Südamerika in den Anden umher¬
459 3745 1386 3804 kletterte und in Nordamerika — nach seinen eigenen
468 3792 1383 3851 Worten — „schöne Besteigungen machte“, hat er
456 3832 1374 3898 kaum daran gedacht, er könne etwa berühmt wer¬
459 3886 1379 3952 den, weil er das Metier des Alpinisten beherrsche.
475 3931 1390 3997 Über seine mit einigen Schweizer Kameraden
456 3980 1386 4037 durchgeführten Kaukasusexpeditionen hat er im
475 4025 1379 4082 "The Alpine Journal“ (Mai 1935) einen Bericht
468 4077 1383 4133 veröffentlicht, von der Pamirexpedition hat er ein
454 4119 1374 4176 karges Tagebuch und eine Reihe ganz vorzügliche
461 4171 1376 4220 Leica-Aufnahmen mitgebracht. Man kannte jetzt
470 4218 1379 4272 seinen Namen. Aber noch immer dachte er nicht
1447 1882 2364 1976 daran, eine „Karriere“ zu machen: Als er im Juni
1447 1974 2362 2023 1936 wieder nach Moskau fuhr mit der Absicht, der
1449 2018 2364 2080 Mustag-ata an der chinesischen Grenze oder der
1447 2065 2367 2124 Khan Tengri im Tien-schan zu besteigen, folgte er
1442 2113 2369 2162 einfach einer Anregung des schwedischen Forschers
1456 2160 2350 2216 Sven Hedin, und nur, weil es sich um zwei „feine"
1442 2207 2362 2263 und bisher unbezwungene Gipfel handelte [das ist wohl nicht korrekt, laut Wiki ist der Khan Tengri schon 1931 erstbestiegen worden, Saladins Expedition war die dritte, vgl. ev. Zopfi 2009], die sei-
1442 2254 2098 2308 nen alpinistischen Ehrgeiz weckten.\:p\
1480 2280 2367 2350 \p\Durch einen Zufall hörte ich im Mai 1937 in
1437 2345 2364 2404 Zürich Saladins Geschichte. Ich trat mit seinem
1437 2395 2355 2447 Bruder Peter in Verbindung, einem Taxichauffeur
1440 2437 2367 2489 der mir die letzten Briefe „Lenzlis“ und einen
1442 2484 2362 2545 Brief von dessen Freund Gog Harlampiew aus\fml\\:p\
1799 3805 1947 3838 \f\Lorenz Saladin im Juni 1936\:f\
1430 3950 2352 4016 \fp\Lorenz Saladin. So sah er aus, als er im Juni 1936 die
1447 4009 2352 4058 Schweiz verließ. Ein Schweizer, unverkennbar, ein Mann
1435 4051 2352 4107 mit guten Nerven, ein zuverlässiger Kamerad. Sieht man
1437 4093 2345 4143 ihm auch an, daß sein Leben beherrscht war vom Drang
1437 4140 2352 4187 nach dem Abenteuer, nach der Ferne? Daß er es nirgends
1442 4183 2334 4249 lange aushielt, und schon als kleiner Bub und junger
1597 4227 2150 4298 Lehrling immer wieder „davonlief".\:fp\
1934 2532 2902 2626 \p\\fml\Moskau zu lesen gab. Peter wünschte sehr, da er
1940 2610 2904 2667 selbst keinen Urlaub bekommen konnte und auch
1938 2667 2898 2723 kein Geld hatte, es würde jemand nach Sowjetruß¬
1938 2713 2898 2769 land fahren und Saladins Hinterlassenschaft holen.
1938 2759 2898 2811 Ich erhielt daher von ihm die nötigen Vollmachten,
1934 2807 2902 2874 beschaffte mir auf der Durchreise in Berlin [Schwarzenbach war auf der Moskaureise 1937 also auch in Berlin] ein Visum
1934 2868 2900 2926 und fuhr über Tallinn und Leningrad nach Moskau.
1934 2908 2902 2968 Ich traf dort zuerst Gog Harlampiew, einen jungen
1938 2960 2904 3017 Musikstudenten und Saladins besten Freund — der
1938 3001 2892 3063 aber an der Khan Tengri-Expedition nicht teilge¬
1938 3053 2902 3115 nommen hatte, sondern erst auf ein erstes Telegramn
1938 3101 2898 3168 hin nach Alma Ata, der kirgisischen Hauptstadt
1940 3152 2894 3214 geflogen war — und der Saladins gesamtes Film¬
1934 3206 2898 3262 material verwahrte. Durch Harlampiew kam ich
1938 3256 2902 3315 auch mit Saladins Begleitern zusammen. Einer vor
1934 3301 2902 3359 ihnen, Witali Abolakow, erzählte mir den Verlauf
1936 3355 2898 3411 der tragischen Expedition und gab mir genaue Aus¬
1944 3401 2898 3466 kunft zu den Bildern, die tatsächlich ein kostbares
1938 3449 2624 3506 und komplettes Material darstellen.\:p\
1976 3494 2912 3568 \p\Denn der Schauplatz dieses Bergsteigerdramas,
1938 3546 2902 3612 der Tien-schan, ist eine wenig bekannte Region,
1938 3596 2902 3657 ihre Gipfel tragen noch keine Namen, hohe Pässe
1940 3653 2904 3707 trennen sie von China und von den bewohnten Tei-
1934 3693 2320 3765 len von Kirgisistan.\:p\
1986 3715 2902 3802 \p\Am 2. Juli, mittags 12 Uhr, fuhren Saladin,
1938 3786 2896 3854 Leoni Guttmann und Ewgeni Abolakow vom Mos¬
1938 3844 2904 3896 kauer Kasanski-Bahnhof ab. Mischa Dadiomow,
1940 3896 2904 3951 Lehrer an einer Bergsteigerschule im Kaukasus,
1938 3942 2904 4005 und Witali Abolakow sollten erst später in Frunse
1940 3993 2898 4055 in Turkestan zu ihnen stoßen. Fünf Tage Bahn¬
2958 2538 3926 2620 fahrt bis Melnikowa, dann wandten sich die drei
2964 2610 3922 2671 Alpinisten zuerst zur Turkestankette, die sie per
2962 2659 3922 2713 Lastwagen, mit Karawanen, zuletzt zu Fuß, über
2962 2705 3926 2767 Taschkent, Isfara und Waruch erreichten. Das
2964 2761 3920 2811 Gebiet war ihnen schon bekannt: im Kara-su und
2964 2803 3922 2868 Tamingen, Teilen der Turkestankette, hatten
2956 2856 3922 2910 sie während der letztjährigen Expedition eine
2962 2902 3920 2960 Reihe von Besteigungen durchgeführt, in gemein¬
2964 2952 3920 3007 samer Arbeit mit einer Gruppe von Wissenschaft¬
2956 3001 3916 3067 lern, vornehmlich Geologen, die hier Gesteins¬
2962 3049 3920 3111 proben und vor allem Metalladern gesucht hatten.
2962 3101 3922 3154 Die Resultate, soweit sie bekannt sind, finden sich
2962 3152 3926 3206 in den Berichten der sowjetrussischen Pamirexpedi¬
2962 3200 3920 3260 tion 1935. Saladin, Guttmann und Abolakow trafen
2956 3244 3926 3305 auch jetzt wieder mit den Geologen zusammen, die
2962 3301 3922 3355 im Tamingen ein Standlager errichtet hatten und
2962 3345 3922 3403 ihre Arbeit fortsetzten. Saladin berichtet von der
2964 3399 3922 3453 Besteigung des Südwestgipfels des Pic Archar
2968 3449 3922 3506 (fünftausendzweihundert Meter) und eines kleineren
2970 3492 3916 3550 Gipfels in der gleichen Gruppe, den er „Rinzen¬
2974 3542 3924 3598 stock“ nannte. Am 23. Juli nimmt er von einem
2964 3592 3920 3663 namenlosen Fünftausender des Kara-su ein Pan¬
2962 3647 3932 3701 orama auf: im Süden Pic Archar, im Nordosten
2970 3691 3926 3747 Sanusangruppe, im Westen die Serafschangipfel.
2970 3743 3924 3802 Er machte die Aufnahmen mit seiner Leica, ohne
2974 3794 3922 3848 Ständer. Es ist zweifellos das vollständigste und
2974 3840 3928 3896 schönste Gebirgspanorama, das wir aus jener Ge-
2981 3888 3236 3957 gend besitzen.\:p\
3007 3932 3922 3997 \p\Am 27. Juli verließen Saladin, Guttmann und
2981 3985 3926 4045 Abolakow die Turkestanberge und reisten über\fml\\:p\
2952 2248 3045 2347 \f\Panorama des Kara-su\:f\
2119 2411 3737 2498 \fp\Aus der Panoramaaufnahme Saladins von einem der namenlosen Fünftausender des Kara-su.\:fp\
942 2452 1047 2492 \f\Fortsetzung Panorama-Aufnahme des Kara-su\:f\
551 2719 2075 2799 \fp\Die Gebirgswelt des Kara-su (Fortsetzung der Panorama-Aufnahme von nebenstehender Seite).\:fp\
862 3635 1144 3665 \f\Gebirge (vermutlich Kara-su), ohne Bildunterschrift.\:f\
2819 2039 3005 2099 \f\Marktplatz von Karakol\:f\
1915 2236 3912 2311 \fp\Das ist der Marktplatz der Stadt Karakol in Kirgisistan, wo Saladin vom 7. bis 19. August wartete, um in das
2410 2291 3431 2366 chinesische Grenzgebiet des Tien-schan einreisen zu dürfen.\:fp\
2455 3081 2701 3111 \f\Ein Kirgisenkind vor liegenden Pferden\:f\
3439 2483 3526 2590 \f\Drei Kirgisenkinder\:f\
1920 3989 3700 4076 \fp\Kirgisenkinder sind herbeigeeilt, um die fremden Leute, und besonders die wunderbaren Gegenstände, zu bewundern,
2570 4046 3262 4128 die von den Pferden mitgetragen werden.\:fp\
489 2996 1398 3054 \p\\fml\Isfara, Melnikowa, Taschkent bis Frunse, der End-
498 3042 1399 3099 station ihrer Bahnfahrt. Dort trafen sie Mischa
482 3097 1400 3159 Dadiomow und Ewgenis Bruder Witali und fuhren
483 3144 1388 3189 im Lastwagen über Rebatschi, dem Ufer des Issyk¬
485 3189 1399 3250 kul-Sees entlang nach Karakol, was sie endlich
489 3239 1394 3295 nach einer wegen der schlechten Straßen sehr be¬
494 3283 1400 3339 schwerlichen Fahrt, am 7. August erreichten. Ein
489 3322 1404 3384 Siedethermometer und ein Höhenmesser waren bei
485 3371 1398 3423 der Ankunft zerbrochen —, Verluste, die sich natür-
482 3415 959 3467 lich nicht ersetzen ließen.\:p\
517 3465 1389 3529 \p\Karakol ist eine „Gartenstadt“ auf eintausend¬
483 3514 1388 3572 siebenhundertfünfundachtzig Meter Höhe, mit mil¬
477 3563 1388 3615 dem Klima, umgeben von Obsthainen, Melonen
483 3614 1398 3661 und Mohnfeldern. Saladin besuchte am nächsten
483 3657 1388 3704 Morgen den Wochenmarkt und zählt entzückt auf
485 3701 1388 3755 was es zu kaufen gab: Himbeeren, Heidelbeeren,
489 3755 1389 3808 Äpfel, Birnen, Rettiche, Rüben, Butter, Milch,
479 3791 1391 3850 Käse. Die Jahreszeit war nicht nur für den Obst¬
477 3844 1388 3894 markt günstig, sondern auch für den Beginn der
470 3888 1388 3941 Besteigung des Khan Tengri. Aber als Saladin mit
489 3932 1391 4000 seinen Freunden zur Grenzkommandantur ging,
469 3980 1388 4042 um die Pässe visieren zu lassen, wurde ihm, dem
479 4032 1385 4085 Ausländer, die Einreise in den Tien-schan glatt ver¬
483 4083 1385 4135 veigert. Man bedeutete ihm, daß sein Touristen¬
476 4126 1388 4188 visum nicht für die Grenzregion gültig sei und daß
463 4183 1391 4226 noch kein Ausländer diese Vergünstigung erhalten
467 4224 1370 4282 habe. Saladin und seine Freunde begannen, nach
1454 2996 2374 3063 Moskau zu telegraphieren, bis die Zahl von vierzehn
1455 3056 2376 3114 Telegrammen erreicht war. Die Tage vergingen, die
1461 3103 2370 3168 Jahreszeit rückte vor, — selbst der zähe und hart¬
1452 3151 2367 3210 näckige Saladin wurde nervös. Das erlösende Tele¬
1465 3204 2371 3248 gramm traf am 17. August aus Moskau ein: Lorenz
1463 3248 2364 3318 Saladin, als einziger Ausländer, erhielt die Einreise
1460 3286 1970 3350 erlaubnis in den Tien-schan.\:p\
1499 3338 2367 3389 \p\Von diesem Augenblick an hat er keine Notizen
1455 3391 2370 3445 mehr gemacht, keinen Brief mehr geschrieben, kei¬
1455 3440 2367 3490 nen anderen Gedanken mehr gehegt, als den Khan
1453 3475 2370 3532 Tengri zu erreichen. Der letzte Brief Saladins ist
1460 3531 2363 3584 aus Karakol vom 17. August datiert. „Heute ver¬
1453 3579 2367 3632 reisen wir“, schreibt er, „fünf Bergsteiger und drei
1454 3614 2364 3679 Kirgisen, die mit den Pferden bleiben. Ich werde
1455 3674 2364 3719 ungefähr am 3. Oktober in Zürich sein. Der Bericht
1465 3718 2365 3783 vom Khan Tengri folgt nach der Rückkehr nach
1450 3755 1599 3809 Karakol ..."\:p\
1493 3803 2365 3878 \p\Tatsächlich brach die kleine Expedition erst zwei
1459 3848 2349 3911 Tage später, am 19. August, auf, nachdem alle Vor¬
1448 3898 2364 3969 bereitungen sorgfältig getroffen waren. Verglichen
1443 3956 2352 4001 mit dem Apparat und den Hilfsmitteln einer Mount-
1447 3989 2362 4058 Everest-Expedition muten diese Vorbereitungen
1453 4051 2360 4107 wie die eines harmlosen Weekendausflugs an. Salal¬
1446 4092 2363 4152 din und seine vier Begleiter mußten sich mit den
1447 4135 2365 4213 einfachsten Hilfsmitteln begnügen und sich auf
1440 4181 2346 4234 ihre gute Nase und ihre bergsteigerische Erfah¬
1450 4242 2359 4300 rung verlassen. Selbst die Route des Anmarsches\fml\\:p\
1402 2630 1547 2743 \f\Opiumernte bei Karakol\:f\
966 2867 1880 2931 \fp\Im fruchtbaren Kirgisistan: Opium! Ernte bei Karakol.\:fp\
2960 1127 3925 1204 \p\\fml\zum Khan Tengri war nur in allgemeinen Zügen
2964 1195 3919 1250 bekannt: Von Karakol wollten sie in südöstlicher
2960 1238 3919 1303 Richtung die Terskei-Alatau-Kette mit zwei Vier¬
2964 1299 3925 1344 tausendmeterpässen überschreiten, um in das Sari
2964 1344 3919 1400 Djas-Tal zu gelangen. Der Sari Djas fließt mit
2960 1399 3928 1445 dem Innültschekfluß zusammen, dem sie aufwärts,
2964 1439 3925 1496 in nordöstlicher Richtung, folgen würden bis zum
2960 1489 3913 1544 Innültschekgletscher. Diese Strecke ist etwa ein¬
2960 1536 3919 1592 hundertsechzig Kilometer lang. Dann folgt der
2960 1590 3928 1648 Marsch über den Gletscher, der, fünfundsiebzig
2960 1638 3928 1688 Kilometer lang, am Fuß des Khan Tengri endet. Die
2964 1684 3922 1745 Lebensmittel wurden folgendermaßen berechnet:\:p\
3008 1742 3913 1799 \p\Für den Anmarsch von Karakol bis zum Innül¬
2966 1789 3925 1843 tschekgletscher zwei Kilogramm pro Mann und
2964 1840 3922 1888 Tag: Reis, Gerste, Nudeln, Konservenmilch und
2970 1889 3925 1935 ein Schaf als Frischfleisch, Tee und Brot. Für den
2960 1935 3919 1996 Marsch über den Gletscher: anderthalb (1,5 Kilo-
2972 1987 3928 2042 gramm) pro Mann und Tag: Tee, Trockenbrot,
2960 2031 3922 2084 Konservenmilch, Kakao, Käse, Wurst, Grütze.
2966 2088 3925 2141 Endlich für die eigentliche Besteigung (wo sie ein
2966 2130 3922 2189 einziges Lager auf sechstausend Meter errichten
2966 2186 3876 2236 wollten!) ein Kilogramm pro Mann und Tag,
2972 2230 3922 2295 Trockenbrot, Nüsse, Dörrobst, Schokolade, Milch-
2966 2280 3925 2333 und Fleischkonserven, Grieß, Eipulver, dazu ein
2982 2329 3441 2398 Primusapparat mit Meta.\:p\
3008 2376 3925 2443 \p\Für den Transport des Gepäcks wurden zehn
2972 2415 3928 2491 Pferde mit drei Kirgisen gemietet, und am 19. August
2960 2479 3871 2531 morgens neun Uhr verließ der kleine Zug Karakol ...\:p\
3002 2530 3922 2583 \p\Die eigentliche Besteigung des Khan Tengri ist
2960 2579 3919 2633 eine bergsteigerische Leistung, die wir schwer be¬
2960 2632 3919 2675 urteilen können: abgesehen von der sehr bedeuten¬
2960 2677 3913 2736 den Höhe — der Gipfel ist siebentausendzweihun¬
2964 2726 3925 2782 dert Meter hoch [heutige Messung: 7010 m (ohne Eiskappe 6995 m)] — und der Ermüdung durch die
2960 2774 3919 2824 dünne Luft scheint es klettertechnisch kein beson¬
2964 2825 3925 2887 ders schwieriger Berg zu sein. Trotzdem muß diese
2966 2876 3925 2944 Besteigung die rückhaltlose Bewunderung jedes\fml\\:p\
2285 2707 2436 2741 \f\Kirgisisches Nomadenmädchen auf Pferd\:f\
2193 2963 2394 3041 \fp\Kirgisisches
1946 3028 2382 3076 Nomadenmädchen in der
2046 3072 2396 3139 Terskei-Alatau-Kette.\:fp\
2799 3758 3125 3799 \f\ Junge aus Tadschikistan auf Esel\:f\
1948 3166 2394 3221 \fp\Es ist noch nicht lange her,
1942 3219 2400 3271 da gab es in Tadschikistan
1948 3264 2397 3312 kein anderes Verkehrsmittel
1940 3308 2394 3368 als Reittiere und Kamel¬
1946 3357 2400 3398 karawanen, und auch jetzt
1952 3398 2397 3457 gibt es für dieLastautos noch
1948 3437 2379 3503 nicht viele fahrbare Weg.
1952 3487 2400 3543 Vom Kara-su bis zum Dorf
1952 3537 2391 3579 Waruch, 75 km weit, muß¬
1946 3575 2397 3640 ten Saladin, Abolakow und
1948 3620 2397 3675 Guttmann zu Fuß gehen.
1948 3667 2394 3725 Kamelkarawanen begegne¬
1948 3713 2397 3765 ten ihnen, denen ein kleiner
1946 3757 2397 3803 Esel als Führer oder Reittier
1946 3805 2394 3860 für den Treiber voraustrot¬
1948 3844 2400 3900 tete. Der Tadschikenjunge
1954 3893 2394 3948 ist immerhin mit der Zivili¬
1952 3934 2400 3993 sation schon in Berührung
1958 3982 2391 4039 gekommen: er trägt euro¬
1958 4031 2403 4089 päische Hosen und Schuhe.\:fp\
491 2893 1398 2957 \p\\fml\Alpinisten erwecken: wenn in der Schweiz ein paar
491 2946 1396 3001 Sensationslüsterne oder unvorsichtige und ehr¬
491 2996 1403 3051 geizige junge Leute in die Eigerwand einsteigen, so
482 3042 1403 3099 ist das erstens eine selbstmörderische und zweitens
482 3086 1396 3140 bestenfalls eine akrobatische Unternehmung. Er¬
486 3134 1398 3191 fahrene Schweizer Bergführer schütteln darüber
479 3179 1408 3235 die Köpfe, und man wundert sich, daß sie sich
486 3230 1398 3287 immer und immer wieder in Lebensgefahr begeben
482 3276 1405 3329 um die vielfach Gewarnten zu retten. Dann stehen
486 3320 1408 3375 Ärzte und Pflegerinnen, Spitäler und Hotels zu
486 3365 1398 3425 ihrer Verfügung ... Saladin, Dadiomow, Gutt¬
479 3423 1408 3477 mann und die beiden Abolakows hingegen gingen
479 3464 1408 3516 allein, sie konnten auf keine Hilfe hoffen, und schon
482 3512 1403 3562 der Anmarsch bedeutete eine Strapaze, die den
482 3558 1398 3606 Enthusiasmus vieler junger Eigernordwandkandi¬
479 3604 1399 3656 daten gebrochen hätte. Hundertsechzig Kilometer
482 3649 1394 3707 Marsch bis zum Innültschekgletscher und fünfund¬
479 3700 1401 3753 siebzig Kilometer dem Gletscher entlang, — für
479 3743 1392 3791 diese Strecke von zweihundertfünfunddreißig Kilo¬
479 3791 1399 3842 meter brauchten sie zehn Tage, was an sich schon
486 3837 1398 3886 eine sehr beachtliche Leistung ist. Der erste Teil
479 3883 1384 3939 des Weges war der leichteste: die Terskei-Alatau-
486 3932 1389 3989 Kette, die durchquert wurde, hat reichlich Wasser
479 3982 1392 4032 und grüne Weiden, man traf überall auf kirgisische
491 4030 1396 4076 Nomaden, die hier auf ihren „Serten“ — so nennen
479 4069 1387 4122 sie die Alpweiden — mit ihren Herden die Sommer¬
474 4120 1398 4175 monate verbrachten. Saladin hat von diesen
488 4170 1396 4223 Nomaden — den letzten Posten an der Grenze der
488 4222 1401 4285 von Menschen bewohnten Welt — vorzügliche und
1454 2897 2366 2959 reizende Aufnahmen gemacht. Die Frauen sind un¬
1462 2950 2368 3001 verschleiert — wie die Frauen der meisten Nomaden¬
1467 2996 2375 3046 stämme —, ein Mann hat drei und mehr Frauen, die
1453 3049 2373 3099 mit einem Heer von Kindern in einer der solid
1462 3088 2373 3147 gebauten, vor Hitze und Kälte schützenden Jurte
1458 3140 2370 3191 zusammen hausen. Pferde sind der kostbarste Be¬
1462 3186 2368 3246 sitz, — kleine, zähe Tiere mit dicken Mähnen, sicher
1453 3232 2373 3283 auf den Beinen, wie Ponys aussehend. Kinder und
1458 3278 2366 3335 Greise, Mütter und Säuglinge reiten, — und die klei¬
1458 3326 2370 3379 nen Mädchen, Silberschmuck um den Hals, im lan¬
1462 3372 2375 3425 gen Mantel aus Schafpelz, sicher und anmutig im
1463 3420 2372 3477 Sattel sitzend, sehen wie Prinzessinnen aus. Sie
1456 3466 2366 3526 haben noch nie andere Menschen als ihre Stammes¬
1462 3516 2368 3565 genossen gesehen. Die fünf Bergsteiger mit ihren
1462 3563 2368 3615 Packpferden und fremdartigen Gepäckstücken er-
1458 3606 2375 3665 regen neugieriges Entzücken. Man bietet ihnen
1465 3659 2359 3709 „Kumiß“ an, saure Milch, das Hauptnahrungs¬
1453 3700 2375 3757 mittel der Nomaden. Auch Pferdemilch wird
1453 3751 2364 3796 übrigens getrunken. — Es folgt der steile Ab¬
1462 3796 2366 3854 stieg vom Paß Tjus und das Sari Djas-Fal, die
1454 3844 2363 3893 Durchquerung des Sari Djas-Flusses und der
1458 3888 2363 3947 Weg durch das Innültschek-Tal bis zum Glet¬
1458 3938 2370 3987 scher. Hier leben keine Menschen mehr: die
1462 3984 2364 4039 Grenzregion zwischen Rußland und China
1449 4032 2361 4088 zwischen dem russischen und chinesischen Tur¬
1446 4076 2368 4135 kestan, scheint hier von der Natur bestimmt
1446 4122 2357 4184 und aufgerichtet zu sein. Auf dem Gletscher be¬
1453 4175 2364 4227 währen sich die kirgisischen Packpferde vorzüg¬
1458 4214 2370 4284 lich, — eines der Ponys bricht in eine Eisspalte\fml\\:p\
1244 2591 1395 2622 \f\Kirgisische Familie im Turgen-Aksu-Tal\:f\
718 2767 2141 2842 \fp\Eine zahlreiche Familie auf einer „Serte“ (kirgisische Alpweide) im Turgen-Aksu-Tal.\:fp\
2118 2348 2202 2492 \f\Pyramide des Khan Tengri\:f\
1902 2485 3898 2607 \fp\Das Ziel: die mächtige Pyramide des Khan Tengri, eines 7200 m hohen Gipfels im Tien-schan an der Grenze von
2592 2550 3227 2626 Russisch- und Chinesisch-Turkestan.\:fp\
2927 3793 3024 3965 \f\Das letzte Biwak am Khan Tengri\:f\
1916 3957 3898 4091 \fp\Das letzte Biwak auf 7000 m, nur 200 m unter dem Gipfel. Diese Eishöhlen waren eine „Erfindung“ von Saladin,
2522 4027 3277 4121 die er schon im Kaukasus ausprobiert hatte.\:fp\
461 2791 1380 2853 \p\\fml\ein, kann aber gerettet werden und hat sich über¬
459 2847 835 2911 haupt nicht verletzt.\:p\
504 2893 1370 2948 \p\Endlich müssen Pferde und Träger zurück¬
467 2948 1377 2998 geschickt werden, das Standlager — ein einziges
461 2992 1377 3043 kleines Zelt — wird am Fuß des Khan Tengri, auf
461 3042 1386 3092 der Schneefläche des Gletschers, errichtet. In der
474 3087 1379 3139 Nacht vom 30. zum 31. August, um zehn Uhr, wird
459 3131 1385 3187 bei ruhigem Wetter der Aufstieg begonnen. Saladin
459 3178 1373 3228 und seine Freunde folgten zuerst einem Einschnitt,
460 3228 1377 3273 der zum Westgrat der Khan Tengri-Pyramide
465 3270 1379 3323 führte. Auf fünftausendsiebenhundert Meter Höhe
465 3320 1377 3365 errichteten sie ein erstes Biwak: da sie das Zelt
461 3363 1377 3415 nicht mitgenommen hatten, gebrauchten sie eine
465 3413 1371 3474 primitive, von Saladin schon im Kaukasus er¬
459 3465 1373 3513 probte Methode: sie gruben Höhlen in den Schnee,
459 3503 1385 3556 die gerade groß genug waren, um die Körper wie in
461 3550 1378 3606 einem eisigen Sarg aufzunehmen, — die aber auf diese
461 3603 1377 3650 Weise durch ihre eigene Wärme genügend geschützt
465 3647 1385 3700 wurden. Das Wetter hatte sich geändert, — ein
465 3701 1370 3747 erster schwerer Sturm zwang die fünf Männer
465 3745 1373 3795 schon in diesem ersten Lager zwei Tage auszu¬
453 3789 1377 3839 halten, bevor sie den Aufstieg über den Westgrat
455 3839 1379 3886 fortsetzen konnten. Weitere Biwaks folgten auf
468 3892 1373 3934 sechstausendzweihundert Meter, sechstausend¬
459 3933 1377 3979 siebenhundert Meter; das letzte, auf siebentausend
455 3977 1370 4028 Meter Höhe, befand sich nur noch zweihundert
455 4027 1373 4083 Meter unter dem Gipfel. Dieses letzte Stück, die
453 4078 1378 4136 außerordentlich steile Gipfelwand, wurde am
465 4114 922 4169 5. September bezwungen.\:p\
489 4155 1370 4214 \p\Die Aufnahmen, die Saladin während der kurzen
448 4214 1379 4283 Rast auf dem Gipfel machte, zeigen deutlich, daß
1433 2796 2355 2868 oben das Wetter ruhig, die Sicht klar war, während
1438 2860 2358 2914 sich in den unteren Regionen bereits schwere
1438 2907 2358 2962 Wolkenwände zusammenzogen. Genug Anlaß zur
1438 2956 2358 3006 Besorgnis. Nach einer Ruhepause von nur vierzig
1437 2995 2355 3057 Minuten wurde daher der Abstieg begonnen und
1431 3045 2352 3094 das sogenannte dritte Lager auf sechstausend¬
1440 3087 2352 3143 siebenhundert Meter noch am gleichen Tage er¬
1444 3138 2352 3182 reicht. Am nächsten Morgen, dem 6. September,
1438 3185 2359 3243 sollte bis zum ersten Lager am Ende des Westgrates
1431 3235 2349 3282 abgestiegen werden. Die Alpinisten gerieten jetzt
1431 3283 2346 3329 bereits in die Zone, wo schwerer Sturm herrschte.
1444 3323 2341 3375 Schneefall, infolgedessen schlechte Sicht, und bit¬
1440 3372 2346 3422 tere Kälte nahm ihre Kräfte aufs äußerste in An¬
1450 3421 2343 3472 spruch. An diesem Tage gab ein zunächst fast be¬
1438 3470 2352 3518 langlos scheinender Zwischenfall der bisher so
1438 3517 2352 3564 glücklich verlaufenen Expedition eine tragische
1444 3565 2352 3621 Wendung: Während der kurzen Rast wurde ein
1437 3608 2340 3664 Rucksack über den Rand des Grates geweht, Gutt¬
1431 3656 2336 3717 mann, der ihn aufhalten wollte, verlor das Gleich¬
1437 3711 2343 3761 gewicht und glitt etwa zweihundert Meter tief ab.
1433 3754 2343 3811 Es gelang Saladin, bis zur Unglücksstelle abzu¬
1440 3789 2352 3845 steigen und den halb bewußtlosen Kameraden auf
1433 3845 2343 3902 den Schultern bis unmittelbar unter das erste Lager
1425 3892 2343 3943 zurückzutragen, — eine enorme Anstrengung, die
1440 3934 2352 3993 seine letzten Kräfte erschöpfte. An Weitergehen
1431 3979 2346 4031 war während des Sturms, in der sinkenden Nacht,
1425 4032 2343 4079 nicht zu denken. In furchtbarer Kälte verbrachten
1425 4078 2348 4139 die Freunde die Nacht in der Schneehöhle, das Eis
1440 4124 2352 4185 schmolz unter ihren warmen Körpern, so daß sie im
1435 4170 2346 4221 Wasser lagen; alle zogen sich schwere Erfrierungen
1431 4221 2348 4283 an Händen und Füßen zu. Saladin versuchte, mit\fml\\:p\
1605 2173 1699 2242 \f\Moräne des Innültschek-Gletschers\:f\
859 2694 1958 2756 \fp\Rückmarsch vom Khan Tengri: Moräne des Innültschek-Gletschers.\:fp\
1944 1132 2901 1207 \p\\fml\seinem Taschenmesser die erfrorenen Stellen auf
1947 1198 2915 1253 seinen Handrücken abzukratzen und tauchte dann
1941 1237 2915 1301 die Hände in Petrol, um sie zu desinfizieren. Dabei
1951 1294 2913 1352 scheint er sich eine Vergiftung zugezogen zu haben,
1940 1341 2903 1398 die aber erst ein paar Tage später ihre Folgen zeigte.\:p\
1990 1408 2905 1465 \p\Die fünf erreichten schließlich das Standlager
1944 1452 2901 1508 und kämpften sich über den Innültschek-Gletscher
1947 1494 2903 1558 weiter, in der Hoffnung, bald die Träger und Pferde
1944 1547 2906 1617 anzutreffen, die ihnen verabredungsgemäß ent¬
1951 1604 2915 1663 gegenkommen sollten. Sie schickten auch sofort ein
1944 1653 2912 1709 Radiotelegramm nach Alma Ata, der Hauptstadt
1951 1697 2903 1752 von Kirgisistan, das von dort nach Moskau weiter¬
1954 1750 2913 1807 geleitet wurde, dort aber erst am 17. September
1944 1803 2906 1849 eintraf. Die kirgisische Regierung selbst rüstete so¬
1944 1845 2915 1899 fort eine Rettungskolonne aus und schickte ein
1951 1890 2913 1947 Flugzeug über die Terskei-Alatau-Kette, das
1944 1943 2913 2001 den Verunglückten die Nachricht abwarf, Hilfe
1961 1988 2908 2048 sei bereits unterwegs. Inzwischen waren sie mit
1944 2044 2919 2096 ihren Trägern zusammengetroffen und setzten
1947 2090 2903 2146 langsam ihren Marsch fort. Am 9. September er¬
1947 2137 2913 2195 klärte Saladin zum erstenmal, daß er sich schlecht
1951 2190 2910 2250 fühle. Er bat, man solle ohne ihn weitergehen, aber
1962 2238 2915 2298 seine Freunde packten ihn in einen Schlafsack und
1954 2291 2913 2349 banden ihn auf seinem Pferd fest. So starb er, am
1956 2342 2906 2394 14. September. Einer seiner Kameraden bemerkte,
1944 2390 2919 2442 daß Saladin einen Handschuh verloren hatte und
1950 2438 2913 2497 fragte ihn, ob er ihm helfen solle. „Ich verstehe
1951 2483 2910 2550 nicht“, antwortete Saladin, — im gleichen Augen¬
2966 1125 3934 1195 blick sank er auf den Hals seines Pferdes. Am Abend
2969 1198 3934 1249 des gleichen Tages trafen die vier völlig erschöpften
2972 1239 3924 1303 sowjetrussischen Bergsteiger die Rettungskolonne
2966 1298 3934 1345 aus Alma Ata. Sie führten die Leiche Lorenz
2972 1328 3931 1395 Saladins bis zum Ausgang des Innültschek-Tals
2969 1381 3935 1440 und begruben sie im Delta des Innültschek und
2970 1430 3927 1487 Sari Djas-Flusses unter einer Gruppe von Tannen.\:p\
3008 1484 3932 1544 \p\Einige Tage später konnten sie endlich von einem
2977 1539 3927 1586 Flugzeug aufgenommen und nach Alma Ata trans-
2976 1590 3268 1658 portiert werden.\:p\
3451 1586 3736 1665 Photos: Saladin (Epil).
3208 2450 3349 2487 \f\Letztes Portrait von Lorenz Saladin (keine eigene Bildunterschrift, Bildunterschrift unten bezieht sich auch auf dieses Foto).\:f\
1980 3863 2062 3923 \f\Rückmarsch vor dem Pic Maxima Gekowska\:f\
1962 3953 3796 4034 \fp\Auf dem Rückmarsch – Pic Maxima Gerkowa. – Oben: Das ist die letzte Aufnahme von Saladin am Tage seines
2392 4005 3509 4059 Todes. Aufgenommen am 14. September am Innültschek-Gletscher.\:fp\
