<?xml version="1.0" encoding="UTF-8"?>
<validation-wrapper>
   <PcGts xmlns="http://schema.primaresearch.org/PAGE/gts/pagecontent/2013-07-15"
          xmlns:xsi="http://www.w3.org/2001/XMLSchema-instance"
          xsi:schemaLocation="http://schema.primaresearch.org/PAGE/gts/pagecontent/2013-07-15 http://schema.primaresearch.org/PAGE/gts/pagecontent/2013-07-15/pagecontent.xsd">
      <Metadata>
         <Creator>prov=READ-COOP:name=TrHtr:version=2.24.0:model_id=51170:date=14_03_2025_14:17</Creator>
         <Created>2025-03-14T14:09:09.119+01:00</Created>
         <LastChange>2025-03-14T14:48:36.598+01:00</LastChange>
         <TranskribusMetadata docId="7424033"
                              pageId="93480045"
                              pageNr="1"
                              tsid="235187189"
                              status="FINAL"
                              userId="295817"
                              imgUrl="https://files.transkribus.eu/Get?id=CBQZJNSTRUVCHSOXQPVHQBTV&amp;fileType=view"
                              xmlUrl="https://files.transkribus.eu/Get?id=HLQTCRCXXAKVVCAHJDERJASO"
                              imageId="78176628"/>
      </Metadata>
      <Page imageFilename="smallform_0234_001.jpg"
            imageWidth="3767"
            imageHeight="5669">
         <ReadingOrder>
            <OrderedGroup id="ro_1741960116598" caption="Regions reading order">
               <RegionRefIndexed index="0" regionRef="r"/>
               <RegionRefIndexed index="1" regionRef="r_3"/>
               <RegionRefIndexed index="2" regionRef="r_4"/>
               <RegionRefIndexed index="3" regionRef="r_2"/>
               <RegionRefIndexed index="4" regionRef="r_6"/>
            </OrderedGroup>
         </ReadingOrder>
         <TextRegion id="r" custom="readingOrder {index:0;}">
            <Coords points="558,715 2772,715 2772,1017 558,1017"/>
            <TextLine id="l" custom="readingOrder {index:0;}">
               <Coords points="581,847 2725,838 2724,808 581,817"/>
               <Baseline points="581,847 2725,838"/>
               <TextEquiv>
                  <Unicode>Billige Häuser, Gummistiefel</Unicode>
               </TextEquiv>
            </TextLine>
            <TextLine id="l_13" custom="readingOrder {index:1;}">
               <Coords points="568,974 2720,978 2720,948 568,944"/>
               <Baseline points="568,974 2720,978"/>
               <TextEquiv>
                  <Unicode>und praktischer Sozialismus</Unicode>
               </TextEquiv>
            </TextLine>
            <TextEquiv>
               <Unicode/>
            </TextEquiv>
         </TextRegion>
         <TextRegion id="r_3" custom="readingOrder {index:1;}">
            <Coords points="886,3380 100,3380 100,1065 886,1065"/>
            <TextLine id="r_3_tl_1" custom="readingOrder {index:0;}">
               <Coords points="157,1126 883,1109 883,1074 764,1044 656,1082 523,1089 469,1060 157,1083"/>
               <Baseline points="164,1101 208,1101 253,1098 298,1101 343,1098 388,1098 432,1098 477,1098 522,1101 567,1101 611,1101 656,1101 701,1101 746,1101 791,1101 835,1101 877,1101 883,1101 886,1101"/>
               <TextEquiv>
                  <Unicode>Durch den Wald radelt ein junges Mädchen in</Unicode>
               </TextEquiv>
            </TextLine>
            <TextLine id="r_3_tl_2" custom="readingOrder {index:1;}">
               <Coords points="115,1154 883,1160 883,1119 842,1115 115,1112"/>
               <Baseline points="122,1140 167,1140 211,1140 256,1140 301,1137 346,1140 391,1140 435,1137 480,1140 525,1140 570,1140 614,1140 659,1140 704,1140 749,1140 794,1140 838,1140 862,1140 886,1140"/>
               <TextEquiv>
                  <Unicode>Strandhosen, blau-weiß gestreifter Bluse und Tennis¬</Unicode>
               </TextEquiv>
            </TextLine>
            <TextLine id="r_3_tl_3" custom="readingOrder {index:2;}">
               <Coords points="115,1197 883,1190 883,1161 844,1153 115,1157"/>
               <Baseline points="122,1179 167,1179 211,1179 256,1179 301,1176 346,1179 391,1176 435,1176 480,1179 525,1179 570,1179 614,1179 659,1176 704,1179 749,1179 794,1176 838,1179 868,1179 886,1179"/>
               <TextEquiv>
                  <Unicode>schuhen. Am Steuer des Fahrrads weht ein roter Wim¬</Unicode>
               </TextEquiv>
            </TextLine>
            <TextLine id="r_3_tl_4" custom="readingOrder {index:3;}">
               <Coords points="112,1235 883,1236 883,1201 787,1186 112,1193"/>
               <Baseline points="119,1220 164,1217 208,1217 253,1217 298,1217 343,1214 388,1214 432,1217 477,1214 522,1217 567,1217 611,1214 656,1217 701,1217 746,1214 791,1217 835,1217 868,1220 886,1216"/>
               <TextEquiv>
                  <Unicode>pel mit gelben Klubinsignien. Das Mädchen ist blond,</Unicode>
               </TextEquiv>
            </TextLine>
            <TextLine id="r_3_tl_5" custom="readingOrder {index:4;}">
               <Coords points="112,1271 883,1268 883,1236 794,1228 112,1236"/>
               <Baseline points="119,1259 161,1256 205,1256 250,1253 295,1253 340,1253 385,1253 429,1253 474,1253 519,1253 564,1253 608,1256 653,1256 698,1253 743,1256 788,1253 832,1256 877,1256 886,1256"/>
               <TextEquiv>
                  <Unicode>natürlich, denn wir sind in Schweden, nur eine halbe</Unicode>
               </TextEquiv>
            </TextLine>
            <TextLine id="r_3_tl_6" custom="readingOrder {index:5;}">
               <Coords points="115,1306 883,1306 833,1268 115,1268"/>
               <Baseline points="122,1295 152,1295 197,1295 241,1292 286,1292 331,1292 376,1292 420,1292 465,1292 510,1292 555,1292 600,1292 644,1292 689,1292 734,1292 779,1292 823,1295 868,1292 886,1294"/>
               <TextEquiv>
                  <Unicode>Stunde von Stockholm entfernt. Es ist Sonntag nach¬</Unicode>
               </TextEquiv>
            </TextLine>
            <TextLine id="r_3_tl_7" custom="readingOrder {index:6;}">
               <Coords points="93,1342 884,1338 812,1305 93,1309"/>
               <Baseline points="100,1332 113,1334 155,1334 200,1331 244,1331 289,1331 334,1331 379,1331 423,1331 468,1331 513,1331 558,1331 603,1331 647,1331 692,1331 737,1331 782,1331 826,1331 871,1331 886,1331"/>
               <TextEquiv>
                  <Unicode>mittag, und das Mädchen hat einen großen Korb</Unicode>
               </TextEquiv>
            </TextLine>
            <TextLine id="r_3_tl_8" custom="readingOrder {index:7;}">
               <Coords points="93,1398 756,1395 884,1377 885,1353 94,1354"/>
               <Baseline points="100,1371 113,1373 152,1373 197,1370 241,1370 286,1370 331,1370 376,1370 420,1370 465,1370 510,1370 555,1370 600,1370 644,1370 689,1370 734,1370 779,1370 823,1370 868,1370 886,1372"/>
               <TextEquiv>
                  <Unicode>hinten auf das Fahrrad geschnallt, wahrscheinlich ent¬</Unicode>
               </TextEquiv>
            </TextLine>
            <TextLine id="r_3_tl_9" custom="readingOrder {index:8;}">
               <Coords points="93,1415 884,1420 863,1377 93,1398"/>
               <Baseline points="100,1413 113,1412 149,1412 194,1409 238,1409 283,1409 328,1409 373,1409 417,1409 462,1409 507,1406 552,1409 597,1406 641,1409 686,1406 731,1409 776,1409 820,1409 865,1406 886,1406"/>
               <TextEquiv>
                  <Unicode>hält er Proviant für sie und ihren Bräutigam oder für</Unicode>
               </TextEquiv>
            </TextLine>
            <TextLine id="r_3_tl_10" custom="readingOrder {index:9;}">
               <Coords points="115,1466 883,1473 883,1426 749,1414 115,1425"/>
               <Baseline points="122,1450 152,1450 197,1447 241,1447 286,1447 331,1447 376,1444 420,1447 465,1444 510,1447 555,1444 600,1447 644,1447 689,1447 734,1447 779,1447 823,1447 868,1447 886,1449"/>
               <TextEquiv>
                  <Unicode>ihre Familie, die irgendwo im Grünen sitzt und pick¬</Unicode>
               </TextEquiv>
            </TextLine>
            <TextLine id="r_3_tl_11" custom="readingOrder {index:10;}">
               <Coords points="112,1493 848,1492 848,1465 772,1456 112,1462"/>
               <Baseline points="119,1489 134,1489 179,1486 223,1486 268,1486 313,1486 358,1483 403,1486 447,1486 492,1483 537,1486 582,1486 626,1486 671,1486 716,1486 761,1486 806,1486 850,1483"/>
               <TextEquiv>
                  <Unicode>nicken will. Das Mädchen hält auf einer Lichtung —</Unicode>
               </TextEquiv>
            </TextLine>
            <TextLine id="r_3_tl_12" custom="readingOrder {index:11;}">
               <Coords points="115,1545 883,1537 883,1510 833,1493 115,1502"/>
               <Baseline points="122,1525 167,1525 211,1525 256,1525 301,1525 346,1522 391,1522 435,1522 480,1522 525,1525 570,1522 614,1522 659,1522 704,1522 749,1522 794,1522 838,1525 865,1525 886,1525"/>
               <TextEquiv>
                  <Unicode>richtig, da steht ein Zelt, eine Kiste dient als Tisch,</Unicode>
               </TextEquiv>
            </TextLine>
            <TextLine id="r_3_tl_13" custom="readingOrder {index:12;}">
               <Coords points="115,1578 883,1568 883,1542 115,1545"/>
               <Baseline points="122,1564 149,1564 194,1564 238,1564 283,1564 328,1564 373,1561 417,1564 462,1564 507,1564 552,1564 597,1564 641,1561 686,1561 731,1564 776,1564 820,1564 865,1561 886,1563"/>
               <TextEquiv>
                  <Unicode>und daneben hängt eine Bratpfanne über einer Feuer¬</Unicode>
               </TextEquiv>
            </TextLine>
            <TextLine id="r_3_tl_14" custom="readingOrder {index:13;}">
               <Coords points="112,1619 883,1620 883,1579 112,1590"/>
               <Baseline points="119,1606 164,1603 208,1603 253,1603 298,1603 343,1603 388,1600 432,1603 477,1600 522,1603 567,1600 611,1600 656,1600 701,1600 746,1600 791,1600 835,1603 859,1606 886,1603"/>
               <TextEquiv>
                  <Unicode>stelle. Das Mädchen packt den Korb aus, Bierflaschen,</Unicode>
               </TextEquiv>
            </TextLine>
            <TextLine id="r_3_tl_15" custom="readingOrder {index:14;}">
               <Coords points="112,1663 883,1644 883,1620 112,1626"/>
               <Baseline points="119,1644 152,1641 197,1641 241,1641 286,1638 331,1638 376,1638 420,1638 465,1638 510,1638 555,1641 600,1638 644,1641 689,1641 734,1641 779,1638 823,1641 868,1638 886,1640"/>
               <TextEquiv>
                  <Unicode>Knäckebrot, Käse und Kirschen kommen zum Vor¬</Unicode>
               </TextEquiv>
            </TextLine>
            <TextLine id="r_3_tl_16" custom="readingOrder {index:15;}">
               <Coords points="93,1696 884,1693 859,1653 93,1665"/>
               <Baseline points="100,1677 113,1680 149,1680 194,1680 238,1680 283,1677 328,1677 373,1677 417,1677 462,1677 507,1677 552,1677 597,1680 641,1677 686,1677 731,1677 776,1677 820,1680 865,1677 886,1677"/>
               <TextEquiv>
                  <Unicode>schein. Und da ist auch die Familie — Vater und</Unicode>
               </TextEquiv>
            </TextLine>
            <TextLine id="r_3_tl_17" custom="readingOrder {index:16;}">
               <Coords points="93,1724 884,1724 872,1694 709,1685 93,1693"/>
               <Baseline points="100,1717 137,1719 182,1719 226,1719 271,1716 316,1719 361,1716 405,1716 450,1716 495,1716 540,1716 585,1716 629,1716 674,1716 719,1716 764,1716 809,1716 853,1719 868,1716 886,1716"/>
               <TextEquiv>
                  <Unicode>Mutter, ein erwachsener Sohn und ein kleiner Bru¬</Unicode>
               </TextEquiv>
            </TextLine>
            <TextLine id="r_3_tl_18" custom="readingOrder {index:17;}">
               <Coords points="93,1777 884,1767 735,1728 93,1742"/>
               <Baseline points="100,1758 140,1758 185,1758 229,1758 274,1758 319,1755 364,1755 408,1755 453,1755 498,1758 543,1755 588,1758 632,1755 677,1755 722,1755 767,1755 811,1758 856,1758 874,1758 886,1758"/>
               <TextEquiv>
                  <Unicode>der. Aber sie wirken gar nicht sonntäglich: alle tragen</Unicode>
               </TextEquiv>
            </TextLine>
            <TextLine id="r_3_tl_19" custom="readingOrder {index:18;}">
               <Coords points="117,1810 883,1816 883,1786 794,1768 117,1776"/>
               <Baseline points="125,1800 149,1797 194,1797 238,1797 283,1797 328,1794 373,1797 417,1794 462,1797 507,1794 552,1794 597,1794 641,1794 686,1794 731,1794 776,1794 820,1794 865,1794 886,1796"/>
               <TextEquiv>
                  <Unicode>blaue Overalls und arbeiten mit Schaufel und Picke</Unicode>
               </TextEquiv>
            </TextLine>
            <TextLine id="r_3_tl_20" custom="readingOrder {index:19;}">
               <Coords points="112,1844 855,1846 855,1817 781,1809 112,1809"/>
               <Baseline points="119,1835 164,1835 208,1835 253,1832 298,1835 343,1832 388,1832 432,1832 477,1832 522,1832 567,1832 611,1832 656,1832 701,1832 746,1832 791,1832 835,1832 859,1835"/>
               <TextEquiv>
                  <Unicode>in einer viereckigen Grube, die offenbar der aus¬</Unicode>
               </TextEquiv>
            </TextLine>
            <TextLine id="r_3_tl_21" custom="readingOrder {index:20;}">
               <Coords points="93,1883 884,1887 884,1847 93,1853"/>
               <Baseline points="100,1869 119,1874 149,1874 194,1871 238,1871 283,1871 328,1871 373,1871 417,1871 462,1871 507,1871 552,1871 597,1871 641,1871 686,1871 731,1871 776,1871 820,1871 865,1871 886,1871"/>
               <TextEquiv>
                  <Unicode>gehobene Keller eines zukünftigen kleinen Hauses ist.</Unicode>
               </TextEquiv>
            </TextLine>
            <TextLine id="r_3_tl_22" custom="readingOrder {index:21;}">
               <Coords points="93,1920 884,1918 884,1895 809,1881 93,1881"/>
               <Baseline points="100,1905 113,1907 155,1913 200,1913 244,1910 289,1910 334,1910 379,1910 423,1913 468,1910 513,1907 558,1910 603,1910 647,1910 692,1910 737,1910 782,1910 826,1910 862,1910 886,1912"/>
               <TextEquiv>
                  <Unicode>Ich schaue ein bißchen zu — wie die Mutter im Ar¬</Unicode>
               </TextEquiv>
            </TextLine>
            <TextLine id="r_3_tl_23" custom="readingOrder {index:22;}">
               <Coords points="93,1961 884,1970 868,1917 93,1920"/>
               <Baseline points="100,1950 134,1952 179,1952 223,1952 268,1949 313,1949 358,1949 403,1949 447,1949 492,1949 537,1949 582,1949 626,1949 671,1949 716,1949 761,1949 806,1949 850,1949 874,1949 886,1949"/>
               <TextEquiv>
                  <Unicode>beiteranzug kräftig die Schaufel führt, neben dem</Unicode>
               </TextEquiv>
            </TextLine>
            <TextLine id="r_3_tl_24" custom="readingOrder {index:23;}">
               <Coords points="93,1993 884,2002 884,1969 850,1961 93,1961"/>
               <Baseline points="100,1989 110,1991 149,1991 194,1988 238,1988 283,1991 328,1988 373,1988 417,1991 462,1988 507,1988 552,1988 597,1988 641,1988 686,1988 731,1988 776,1988 820,1988 865,1988 886,1988"/>
               <TextEquiv>
                  <Unicode>Sohn mit dem nackten, braungebrannten Oberkörper,</Unicode>
               </TextEquiv>
            </TextLine>
            <TextLine id="r_3_tl_25" custom="readingOrder {index:24;}">
               <Coords points="93,2058 318,2034 858,2045 858,1997 183,2015 93,1993"/>
               <Baseline points="100,2032 101,2032 146,2029 191,2026 235,2026 280,2026 325,2026 370,2026 414,2026 459,2026 504,2026 549,2024 594,2026 638,2024 683,2024 728,2024 773,2024 817,2026 862,2026"/>
               <TextEquiv>
                  <Unicode>und dem Kleinen, der nach dem Eßtisch und der</Unicode>
               </TextEquiv>
            </TextLine>
            <TextLine id="r_3_tl_26" custom="readingOrder {index:25;}">
               <Coords points="105,2089 883,2079 855,2041 105,2049"/>
               <Baseline points="113,2068 158,2068 202,2068 247,2065 292,2065 337,2065 382,2065 426,2065 471,2065 516,2065 561,2065 606,2065 650,2065 695,2062 740,2065 785,2065 829,2065 874,2068 883,2065 886,2065"/>
               <TextEquiv>
                  <Unicode>Kirschen schielt. Und dann legen sie die Werkzeuge</Unicode>
               </TextEquiv>
            </TextLine>
            <TextLine id="r_3_tl_27" custom="readingOrder {index:26;}">
               <Coords points="115,2131 883,2134 883,2088 757,2073 115,2090"/>
               <Baseline points="122,2107 152,2107 197,2104 241,2104 286,2104 331,2104 376,2104 420,2104 465,2104 510,2104 555,2101 600,2104 644,2101 689,2101 734,2101 779,2101 823,2104 868,2104 886,2104"/>
               <TextEquiv>
                  <Unicode>weg, und ich werde ohne Umstände zum Kaffee ein¬</Unicode>
               </TextEquiv>
            </TextLine>
            <TextLine id="r_3_tl_28" custom="readingOrder {index:27;}">
               <Coords points="92,2175 102,2176 122,2161 154,2155 183,2156 191,2167 217,2155 234,2159 238,2119 190,2118 171,2127 142,2122 128,2130 108,2108 98,2108"/>
               <Baseline points="100,2162 104,2161 125,2149 149,2146 194,2143 238,2143"/>
               <TextEquiv>
                  <Unicode>geladen.</Unicode>
               </TextEquiv>
            </TextLine>
            <TextLine id="r_3_tl_29" custom="readingOrder {index:28;}">
               <Coords points="148,2200 870,2197 870,2138 716,2167 589,2134 148,2153"/>
               <Baseline points="155,2185 158,2182 202,2182 247,2182 292,2182 337,2182 382,2182 426,2182 471,2182 516,2182 561,2182 606,2179 650,2182 695,2179 740,2179 785,2182 829,2182 874,2179"/>
               <TextEquiv>
                  <Unicode>Der erwachsene Sohn spricht deutsch, so können</Unicode>
               </TextEquiv>
            </TextLine>
            <TextLine id="r_3_tl_30" custom="readingOrder {index:29;}">
               <Coords points="112,2231 706,2245 883,2223 883,2194 112,2201"/>
               <Baseline points="119,2224 149,2224 194,2224 238,2221 283,2221 328,2221 373,2221 417,2221 462,2221 507,2221 552,2221 597,2218 641,2218 686,2221 731,2221 776,2218 820,2218 865,2218 886,2220"/>
               <TextEquiv>
                  <Unicode>wir uns ganz gut unterhalten. Er ist Arbeiter in der</Unicode>
               </TextEquiv>
            </TextLine>
            <TextLine id="r_3_tl_31" custom="readingOrder {index:30;}">
               <Coords points="93,2269 857,2275 822,2227 93,2232"/>
               <Baseline points="100,2254 113,2259 143,2259 188,2259 232,2259 277,2259 322,2259 367,2259 411,2256 456,2259 501,2259 546,2259 591,2256 635,2259 680,2259 725,2259 770,2259 814,2256 859,2256"/>
               <TextEquiv>
                  <Unicode>Fabrik "Luma", der berühmten Glühbirnenfabrik der</Unicode>
               </TextEquiv>
            </TextLine>
            <TextLine id="r_3_tl_32" custom="readingOrder {index:31;}">
               <Coords points="93,2313 884,2312 865,2267 93,2273"/>
               <Baseline points="100,2296 110,2298 143,2298 188,2298 232,2298 277,2298 322,2298 367,2298 411,2298 456,2298 501,2298 546,2295 591,2298 635,2298 680,2298 725,2295 770,2295 814,2295 859,2295 886,2297"/>
               <TextEquiv>
                  <Unicode>schwedischen "Kooperativen Vereinigung" — KF</Unicode>
               </TextEquiv>
            </TextLine>
            <TextLine id="r_3_tl_33" custom="readingOrder {index:32;}">
               <Coords points="93,2346 884,2344 814,2297 650,2323 93,2313"/>
               <Baseline points="100,2336 113,2337 158,2340 202,2337 247,2337 292,2337 337,2337 382,2337 426,2337 471,2337 516,2337 561,2337 606,2334 650,2334 695,2334 740,2334 785,2334 829,2337 874,2334 886,2335"/>
               <TextEquiv>
                  <Unicode>nennt man sie. "Luma" ist berühmt, weil sie die erste</Unicode>
               </TextEquiv>
            </TextLine>
            <TextLine id="r_3_tl_34" custom="readingOrder {index:33;}">
               <Coords points="93,2398 884,2387 884,2360 838,2351 93,2358"/>
               <Baseline points="100,2379 101,2379 146,2379 191,2376 235,2376 280,2376 325,2376 370,2376 414,2376 459,2376 504,2376 549,2376 594,2376 638,2376 683,2373 728,2376 773,2376 817,2376 862,2373 886,2375"/>
               <TextEquiv>
                  <Unicode>Ko-op-Fabrik war, die den Kampf mit einem inter¬</Unicode>
               </TextEquiv>
            </TextLine>
            <TextLine id="r_3_tl_35" custom="readingOrder {index:34;}">
               <Coords points="93,2432 884,2428 884,2385 93,2398"/>
               <Baseline points="100,2422 131,2418 176,2415 220,2415 265,2415 310,2415 355,2415 400,2415 444,2415 489,2415 534,2412 579,2412 623,2415 668,2415 713,2412 758,2412 803,2412 847,2415 874,2415 886,2413"/>
               <TextEquiv>
                  <Unicode>nationalen Glühbirnen-Trust aufgenommen hat und</Unicode>
               </TextEquiv>
            </TextLine>
            <TextLine id="r_3_tl_36" custom="readingOrder {index:35;}">
               <Coords points="93,2473 884,2474 884,2432 133,2425 93,2450"/>
               <Baseline points="100,2459 122,2453 158,2453 202,2453 247,2453 292,2453 337,2453 382,2453 426,2453 471,2453 516,2453 561,2450 606,2453 650,2453 695,2450 740,2450 785,2450 829,2450 874,2450 886,2450"/>
               <TextEquiv>
                  <Unicode>erstklassige Glühbirnen so billig herstellte, daß auch</Unicode>
               </TextEquiv>
            </TextLine>
            <TextLine id="r_3_tl_37" custom="readingOrder {index:36;}">
               <Coords points="92,2528 202,2503 853,2506 832,2463 93,2480"/>
               <Baseline points="100,2501 113,2492 140,2492 185,2492 229,2492 274,2492 319,2492 364,2492 408,2492 453,2492 498,2492 543,2492 588,2489 632,2489 677,2489 722,2489 767,2489 811,2489 856,2489"/>
               <TextEquiv>
                  <Unicode>der Trust seine Preise senken mußte. "Seither hat KF</Unicode>
               </TextEquiv>
            </TextLine>
            <TextLine id="r_3_tl_38" custom="readingOrder {index:37;}">
               <Coords points="115,2548 865,2543 843,2508 715,2503 115,2517"/>
               <Baseline points="122,2531 152,2534 197,2531 241,2531 286,2531 331,2531 376,2531 420,2531 465,2531 510,2531 555,2528 600,2531 644,2528 689,2528 734,2528 779,2528 823,2528 868,2528"/>
               <TextEquiv>
                  <Unicode>eine ganze Reihe von Fabriken gekauft oder gebaut",</Unicode>
               </TextEquiv>
            </TextLine>
            <TextLine id="r_3_tl_39" custom="readingOrder {index:38;}">
               <Coords points="112,2579 190,2600 883,2573 872,2541 112,2548"/>
               <Baseline points="119,2573 152,2570 197,2570 241,2570 286,2570 331,2570 376,2570 420,2567 465,2570 510,2570 555,2567 600,2567 644,2567 689,2564 734,2567 779,2567 823,2567 868,2567 886,2565"/>
               <TextEquiv>
                  <Unicode>erzählt mir der junge Arbeiter, — "und jedesmal mit</Unicode>
               </TextEquiv>
            </TextLine>
            <TextLine id="r_3_tl_40" custom="readingOrder {index:39;}">
               <Coords points="93,2604 305,2640 389,2612 884,2610 859,2574 189,2600 93,2579"/>
               <Baseline points="100,2604 113,2609 158,2612 202,2609 247,2609 292,2609 337,2609 382,2609 426,2606 471,2606 516,2606 561,2606 606,2606 650,2606 695,2606 740,2606 785,2606 829,2606 868,2609 886,2607"/>
               <TextEquiv>
                  <Unicode>dem gleichen Erfolg: die Trusts wurden gesprengt</Unicode>
               </TextEquiv>
            </TextLine>
            <TextLine id="r_3_tl_41" custom="readingOrder {index:40;}">
               <Coords points="105,2657 853,2651 853,2619 105,2620"/>
               <Baseline points="113,2650 140,2647 185,2647 229,2647 274,2647 319,2644 364,2644 408,2644 453,2644 498,2644 543,2644 588,2644 632,2644 677,2641 722,2644 767,2641 811,2641 856,2638"/>
               <TextEquiv>
                  <Unicode>oder mußten ihre Preise den unsrigen anpassen —</Unicode>
               </TextEquiv>
            </TextLine>
            <TextLine id="r_3_tl_42" custom="readingOrder {index:41;}">
               <Coords points="92,2713 806,2687 883,2712 884,2655 93,2656"/>
               <Baseline points="100,2683 119,2686 149,2686 194,2686 238,2686 283,2683 328,2683 373,2683 417,2683 462,2683 507,2683 552,2680 597,2680 641,2680 686,2680 731,2680 776,2680 820,2680 865,2680 886,2680"/>
               <TextEquiv>
                  <Unicode>was sie meistens nicht können, weil sie nicht, wie wir,</Unicode>
               </TextEquiv>
            </TextLine>
            <TextLine id="r_3_tl_43" custom="readingOrder {index:42;}">
               <Coords points="93,2752 884,2726 884,2702 93,2712"/>
               <Baseline points="100,2723 119,2725 152,2725 197,2722 241,2722 286,2722 331,2722 376,2722 420,2719 465,2722 510,2722 555,2719 600,2719 644,2719 689,2719 734,2716 779,2719 823,2719 868,2716 886,2718"/>
               <TextEquiv>
                  <Unicode>auf Profit verzichten dürfen. Wenn unsere Fabriken</Unicode>
               </TextEquiv>
            </TextLine>
            <TextLine id="r_3_tl_44" custom="readingOrder {index:43;}">
               <Coords points="93,2789 884,2776 865,2739 739,2724 660,2748 413,2727 93,2752"/>
               <Baseline points="100,2764 104,2764 113,2761 158,2764 202,2761 247,2761 292,2761 337,2761 382,2761 426,2758 471,2758 516,2761 561,2758 606,2758 650,2758 695,2758 740,2758 785,2758 829,2758 874,2758 886,2758"/>
               <TextEquiv>
                  <Unicode>mit Gewinn arbeiten, so bedeutet das nur, daß die</Unicode>
               </TextEquiv>
            </TextLine>
            <TextLine id="r_3_tl_45" custom="readingOrder {index:44;}">
               <Coords points="93,2819 884,2799 816,2763 93,2793"/>
               <Baseline points="100,2808 119,2803 152,2800 197,2800 241,2800 286,2797 331,2800 376,2800 420,2800 465,2800 510,2797 555,2797 600,2797 644,2797 689,2797 734,2794 779,2794 823,2797 868,2794 886,2795"/>
               <TextEquiv>
                  <Unicode>Mitglieder — oder, wenn Sie wollen, die Kollektiv¬</Unicode>
               </TextEquiv>
            </TextLine>
            <TextLine id="r_3_tl_46" custom="readingOrder {index:45;}">
               <Coords points="92,2864 884,2838 872,2813 741,2806 93,2817"/>
               <Baseline points="100,2847 119,2841 152,2838 197,2838 241,2838 286,2838 331,2838 376,2838 420,2838 465,2838 510,2835 555,2835 600,2833 644,2835 689,2835 734,2833 779,2835 823,2833 868,2833 886,2833"/>
               <TextEquiv>
                  <Unicode>besitzer der Ko-ops, einen Teil ihres angelegten</Unicode>
               </TextEquiv>
            </TextLine>
            <TextLine id="r_3_tl_47" custom="readingOrder {index:46;}">
               <Coords points="93,2906 884,2881 872,2843 93,2868"/>
               <Baseline points="100,2890 128,2877 155,2877 200,2877 244,2877 289,2877 334,2877 379,2877 423,2877 468,2874 513,2874 558,2874 603,2874 647,2871 692,2871 737,2871 782,2871 826,2871 871,2871 886,2873"/>
               <TextEquiv>
                  <Unicode>Geldes zurückerhalten, und daß unser Reservefonds</Unicode>
               </TextEquiv>
            </TextLine>
            <TextLine id="r_3_tl_48" custom="readingOrder {index:47;}">
               <Coords points="117,2929 883,2922 846,2883 117,2901"/>
               <Baseline points="125,2919 152,2916 197,2916 241,2916 286,2916 331,2916 376,2916 420,2916 465,2913 510,2913 555,2913 600,2910 644,2913 689,2910 734,2910 779,2910 823,2910 868,2910 886,2910"/>
               <TextEquiv>
                  <Unicode>wächst, so daß wir neue Fabriken oder Konsumläden</Unicode>
               </TextEquiv>
            </TextLine>
            <TextLine id="r_3_tl_49" custom="readingOrder {index:48;}">
               <Coords points="93,2952 150,2976 246,2963 260,2973 288,2965 327,2976 339,2965 381,2972 381,2939 366,2935 332,2939 317,2929 295,2940 243,2925 228,2935 156,2925 126,2936 93,2911"/>
               <Baseline points="100,2947 122,2958 161,2955 205,2955 250,2955 295,2955 340,2955 385,2955"/>
               <TextEquiv>
                  <Unicode>eröffnen können."</Unicode>
               </TextEquiv>
            </TextLine>
            <TextLine id="r_3_tl_50" custom="readingOrder {index:49;}">
               <Coords points="153,3003 760,3014 883,3002 884,2952 153,2973"/>
               <Baseline points="161,2994 202,2994 247,2994 292,2994 337,2994 382,2994 426,2991 471,2991 516,2991 561,2991 606,2988 650,2988 695,2988 740,2991 785,2988 829,2988 874,2988 886,2989"/>
               <TextEquiv>
                  <Unicode>"Das ist doch nur eine andere Form einer großen</Unicode>
               </TextEquiv>
            </TextLine>
            <TextLine id="r_3_tl_52" custom="readingOrder {index:50;}">
               <Coords points="108,3047 616,3047 618,3002 108,3013"/>
               <Baseline points="116,3033 161,3033 205,3033 250,3033 295,3033 340,3033 385,3033 429,3030 474,3030 519,3030 564,3030 608,3030 620,3033"/>
               <TextEquiv>
                  <Unicode>Aktiengesellschaft“, wende ich ein.</Unicode>
               </TextEquiv>
            </TextLine>
            <TextLine id="r_3_tl_53" custom="readingOrder {index:51;}">
               <Coords points="153,3080 869,3081 869,3039 153,3055"/>
               <Baseline points="161,3071 200,3071 244,3071 289,3071 334,3071 379,3071 423,3068 468,3068 513,3068 558,3065 603,3068 647,3068 692,3065 737,3065 782,3065 826,3065 871,3062"/>
               <TextEquiv>
                  <Unicode>»Aber eben eine gründlich andere Form«, er¬</Unicode>
               </TextEquiv>
            </TextLine>
            <TextLine id="r_3_tl_54" custom="readingOrder {index:52;}">
               <Coords points="93,3129 884,3121 884,3081 93,3089"/>
               <Baseline points="100,3118 119,3110 158,3110 202,3110 247,3107 292,3110 337,3107 382,3110 426,3107 471,3104 516,3107 561,3107 606,3104 650,3104 695,3104 740,3104 785,3104 829,3104 874,3104 886,3104"/>
               <TextEquiv>
                  <Unicode>klärt der Junge lachend — »in der Ko-op sind näm¬</Unicode>
               </TextEquiv>
            </TextLine>
            <TextLine id="r_3_tl_55" custom="readingOrder {index:53;}">
               <Coords points="93,3163 758,3166 872,3155 885,3129 94,3129"/>
               <Baseline points="100,3153 107,3152 113,3149 119,3149 164,3149 208,3149 253,3149 298,3149 343,3146 388,3146 432,3146 477,3146 522,3146 567,3146 611,3143 656,3143 701,3143 746,3143 791,3143 835,3143 880,3143 886,3143"/>
               <TextEquiv>
                  <Unicode>lich Aktionäre, Produzenten und Verbraucher die</Unicode>
               </TextEquiv>
            </TextLine>
            <TextLine id="r_3_tl_56" custom="readingOrder {index:54;}">
               <Coords points="93,3201 884,3201 885,3152 93,3163"/>
               <Baseline points="100,3191 128,3191 155,3188 200,3188 244,3188 289,3188 334,3188 379,3185 423,3185 468,3185 513,3185 558,3182 603,3182 647,3182 692,3182 737,3179 782,3179 826,3182 871,3179 886,3179"/>
               <TextEquiv>
                  <Unicode>gleichen Leute. Der private Unternehmer ist daran</Unicode>
               </TextEquiv>
            </TextLine>
            <TextLine id="r_3_tl_57" custom="readingOrder {index:55;}">
               <Coords points="93,3231 868,3231 869,3205 794,3186 94,3209"/>
               <Baseline points="100,3227 125,3227 155,3227 200,3227 244,3227 289,3227 334,3224 379,3224 423,3224 468,3224 513,3221 558,3221 603,3221 647,3221 692,3221 737,3218 782,3218 826,3218 871,3218"/>
               <TextEquiv>
                  <Unicode>interessiert, möglichst viel Ware möglichst billig zu</Unicode>
               </TextEquiv>
            </TextLine>
            <TextLine id="r_3_tl_58" custom="readingOrder {index:56;}">
               <Coords points="93,3269 798,3283 884,3265 885,3234 94,3231"/>
               <Baseline points="100,3260 128,3265 152,3265 197,3265 241,3265 286,3265 331,3262 376,3262 420,3262 465,3262 510,3262 555,3259 600,3259 644,3259 689,3259 734,3256 779,3256 823,3256 868,3256 886,3256"/>
               <TextEquiv>
                  <Unicode>produzieren. Die Aktionäre sind überhaupt nur an</Unicode>
               </TextEquiv>
            </TextLine>
            <TextLine id="r_3_tl_59" custom="readingOrder {index:57;}">
               <Coords points="93,3306 884,3308 870,3271 93,3269"/>
               <Baseline points="100,3300 125,3304 164,3304 208,3304 253,3304 298,3301 343,3301 388,3301 432,3301 477,3298 522,3298 567,3298 611,3298 656,3298 701,3298 746,3298 791,3295 835,3295 880,3295 886,3296"/>
               <TextEquiv>
                  <Unicode>einem möglichst hohen Reingewinn interessiert. Und</Unicode>
               </TextEquiv>
            </TextLine>
            <TextLine id="r_3_tl_60" custom="readingOrder {index:58;}">
               <Coords points="117,3354 883,3350 883,3312 117,3323"/>
               <Baseline points="125,3343 164,3343 208,3340 253,3343 298,3340 343,3340 388,3340 432,3337 477,3337 522,3337 567,3337 611,3337 656,3337 701,3334 746,3337 791,3334 835,3334 880,3334 886,3334"/>
               <TextEquiv>
                  <Unicode>die Käufer wollen billige Preise und gute Waren. Die</Unicode>
               </TextEquiv>
            </TextLine>
            <TextEquiv>
               <Unicode/>
            </TextEquiv>
         </TextRegion>
         <TextRegion id="r_4" custom="readingOrder {index:2;}">
            <Coords points="1668,3380 886,3380 886,1065 1668,1065"/>
            <TextLine id="r_4_tl_1" custom="readingOrder {index:0;}">
               <Coords points="878,1116 1664,1124 1664,1081 1614,1073 878,1075"/>
               <Baseline points="886,1101 928,1104 973,1104 1017,1104 1062,1104 1107,1104 1152,1104 1197,1104 1241,1104 1286,1104 1331,1104 1376,1104 1420,1104 1465,1104 1510,1101 1555,1101 1600,1101 1644,1101 1650,1101 1659,1098 1668,1098"/>
               <TextEquiv>
                  <Unicode>Mitglieder einer Kooperative aber wollen gar nicht,</Unicode>
               </TextEquiv>
            </TextLine>
            <TextLine id="r_4_tl_2" custom="readingOrder {index:1;}">
               <Coords points="878,1159 1664,1153 1664,1123 878,1126"/>
               <Baseline points="886,1140 898,1140 925,1140 970,1143 1014,1140 1059,1143 1104,1140 1149,1140 1194,1140 1238,1143 1283,1140 1328,1140 1373,1140 1417,1140 1462,1140 1507,1140 1552,1140 1597,1140 1641,1137 1665,1137 1668,1137"/>
               <TextEquiv>
                  <Unicode>daß möglichst viel produziert und verkauft wird. Sie</Unicode>
               </TextEquiv>
            </TextLine>
            <TextLine id="r_4_tl_3" custom="readingOrder {index:2;}">
               <Coords points="878,1200 1664,1189 1664,1157 878,1163"/>
               <Baseline points="886,1179 889,1179 925,1179 970,1179 1014,1179 1059,1179 1104,1179 1149,1179 1194,1179 1238,1179 1283,1182 1328,1182 1373,1182 1417,1182 1462,1182 1507,1179 1552,1179 1597,1179 1641,1176 1668,1176"/>
               <TextEquiv>
                  <Unicode>haben auch keine Angst vor der Konkurrenz — etwa</Unicode>
               </TextEquiv>
            </TextLine>
            <TextLine id="r_4_tl_4" custom="readingOrder {index:3;}">
               <Coords points="878,1228 1399,1245 1664,1223 1664,1195 878,1200"/>
               <Baseline points="886,1216 889,1214 901,1217 946,1217 991,1217 1035,1217 1080,1217 1125,1217 1170,1217 1214,1217 1259,1217 1304,1217 1349,1217 1394,1217 1438,1217 1483,1217 1528,1217 1573,1217 1618,1217 1662,1214 1668,1214"/>
               <TextEquiv>
                  <Unicode>davor, daß die Konkurrenz ebenfalls billigere Preise</Unicode>
               </TextEquiv>
            </TextLine>
            <TextLine id="r_4_tl_5" custom="readingOrder {index:4;}">
               <Coords points="878,1273 1642,1271 1642,1241 1573,1224 878,1241"/>
               <Baseline points="886,1256 889,1256 934,1256 979,1256 1023,1253 1068,1256 1113,1256 1158,1253 1203,1256 1247,1256 1292,1256 1337,1256 1382,1256 1426,1256 1471,1256 1516,1256 1561,1256 1606,1256 1644,1256"/>
               <TextEquiv>
                  <Unicode>ansetzen könnte —, denn das kommt ja wieder nur</Unicode>
               </TextEquiv>
            </TextLine>
            <TextLine id="r_4_tl_6" custom="readingOrder {index:5;}">
               <Coords points="878,1303 1664,1309 1664,1271 878,1282"/>
               <Baseline points="886,1294 895,1295 940,1295 985,1295 1029,1295 1074,1295 1119,1295 1164,1295 1209,1295 1253,1295 1298,1295 1343,1295 1388,1295 1432,1295 1477,1295 1522,1295 1567,1295 1612,1295 1644,1295 1668,1302"/>
               <TextEquiv>
                  <Unicode>ihnen, als Käufer nämlich, zugute. Sie wollen nur, daß</Unicode>
               </TextEquiv>
            </TextLine>
            <TextLine id="r_4_tl_7" custom="readingOrder {index:6;}">
               <Coords points="878,1338 1642,1350 1642,1312 1593,1301 878,1305"/>
               <Baseline points="886,1331 901,1331 946,1331 991,1331 1035,1331 1080,1334 1125,1331 1170,1331 1214,1331 1259,1331 1304,1331 1349,1331 1394,1331 1438,1331 1483,1331 1528,1331 1573,1331 1618,1331 1644,1331"/>
               <TextEquiv>
                  <Unicode>die Waren, die sie brauchen, so billig hergestellt wer¬</Unicode>
               </TextEquiv>
            </TextLine>
            <TextLine id="r_4_tl_8" custom="readingOrder {index:7;}">
               <Coords points="878,1391 1638,1385 1638,1346 878,1362"/>
               <Baseline points="886,1372 895,1373 925,1370 970,1370 1014,1370 1059,1370 1104,1373 1149,1370 1194,1370 1238,1370 1283,1370 1328,1370 1373,1370 1417,1370 1462,1370 1507,1370 1552,1370 1597,1370 1641,1367"/>
               <TextEquiv>
                  <Unicode>den, daß sie sie auch kaufen können — und daß diese</Unicode>
               </TextEquiv>
            </TextLine>
            <TextLine id="r_4_tl_9" custom="readingOrder {index:8;}">
               <Coords points="878,1425 1664,1422 1664,1396 1570,1377 878,1391"/>
               <Baseline points="886,1406 895,1406 940,1409 985,1409 1029,1409 1074,1409 1119,1409 1164,1409 1209,1409 1253,1409 1298,1409 1343,1409 1388,1409 1432,1409 1477,1409 1522,1409 1567,1409 1612,1409 1644,1412 1668,1422"/>
               <TextEquiv>
                  <Unicode>Waren gut sind. Wenn der Gummitrust, der mit Jahres¬</Unicode>
               </TextEquiv>
            </TextLine>
            <TextLine id="r_4_tl_10" custom="readingOrder {index:9;}">
               <Coords points="878,1469 1664,1463 1664,1425 878,1435"/>
               <Baseline points="886,1449 895,1450 925,1447 970,1447 1014,1447 1059,1447 1104,1447 1149,1444 1194,1447 1238,1447 1283,1444 1328,1447 1373,1447 1417,1447 1462,1447 1507,1447 1552,1447 1597,1447 1641,1444 1668,1460"/>
               <TextEquiv>
                  <Unicode>gewinnen von 60 Prozent und mehr arbeitete, auf</Unicode>
               </TextEquiv>
            </TextLine>
            <TextLine id="r_4_tl_11" custom="readingOrder {index:10;}">
               <Coords points="881,1500 1665,1504 1665,1467 1594,1451 1534,1474 881,1465"/>
               <Baseline points="889,1486 925,1486 970,1486 1014,1486 1059,1486 1104,1486 1149,1486 1194,1486 1238,1486 1283,1486 1328,1486 1373,1486 1417,1486 1462,1486 1507,1486 1552,1486 1597,1486 1641,1483 1668,1496"/>
               <TextEquiv>
                  <Unicode>unsern Vorschlag eingegangen wäre, Gummistiefel</Unicode>
               </TextEquiv>
            </TextLine>
            <TextLine id="r_4_tl_12" custom="readingOrder {index:11;}">
               <Coords points="878,1526 1629,1548 1616,1493 1511,1514 878,1499"/>
               <Baseline points="886,1525 901,1525 946,1522 991,1525 1035,1525 1080,1522 1125,1522 1170,1525 1214,1522 1259,1522 1304,1522 1349,1522 1394,1522 1438,1522 1483,1525 1528,1522 1573,1522 1618,1525 1632,1525"/>
               <TextEquiv>
                  <Unicode>billiger zu verkaufen, so hätten wir es nicht nötig ge-</Unicode>
               </TextEquiv>
            </TextLine>
            <TextLine id="r_4_tl_13" custom="readingOrder {index:12;}">
               <Coords points="878,1574 1664,1590 1649,1536 878,1542"/>
               <Baseline points="886,1563 895,1564 928,1564 973,1561 1017,1564 1062,1564 1107,1564 1152,1561 1197,1564 1241,1564 1286,1564 1331,1561 1376,1561 1420,1561 1465,1561 1510,1561 1555,1561 1600,1561 1644,1561 1668,1540"/>
               <TextEquiv>
                  <Unicode>habt, eine eigene Gummifabrik zu eröffnen. Der Trust</Unicode>
               </TextEquiv>
            </TextLine>
            <TextLine id="r_4_tl_14" custom="readingOrder {index:13;}">
               <Coords points="878,1616 1664,1611 1616,1577 878,1575"/>
               <Baseline points="886,1603 895,1603 928,1603 973,1600 1017,1603 1062,1600 1107,1603 1152,1600 1197,1600 1241,1603 1286,1600 1331,1600 1376,1600 1420,1600 1465,1600 1510,1600 1555,1600 1600,1600 1644,1600 1668,1620"/>
               <TextEquiv>
                  <Unicode>behauptete aber, er könne nicht billiger produzieren.</Unicode>
               </TextEquiv>
            </TextLine>
            <TextLine id="r_4_tl_15" custom="readingOrder {index:14;}">
               <Coords points="878,1648 1646,1652 1646,1609 878,1630"/>
               <Baseline points="886,1640 895,1641 934,1641 979,1638 1023,1638 1068,1638 1113,1641 1158,1638 1203,1641 1247,1638 1292,1638 1337,1638 1382,1638 1426,1638 1471,1638 1516,1638 1561,1638 1606,1638 1650,1638"/>
               <TextEquiv>
                  <Unicode>Daher hat KF ihn gezwungen, seine Fabrik "Gislavet"</Unicode>
               </TextEquiv>
            </TextLine>
            <TextLine id="r_4_tl_16" custom="readingOrder {index:15;}">
               <Coords points="878,1680 1056,1704 1631,1696 1631,1656 878,1661"/>
               <Baseline points="886,1677 895,1677 940,1677 985,1677 1029,1680 1074,1677 1119,1677 1164,1674 1209,1677 1253,1677 1298,1677 1343,1677 1388,1677 1432,1677 1477,1677 1522,1677 1567,1677 1612,1677 1635,1677"/>
               <TextEquiv>
                  <Unicode>an ihn abzutreten — und der Trust wurde gespreng</Unicode>
               </TextEquiv>
            </TextLine>
            <TextLine id="r_4_tl_17" custom="readingOrder {index:16;}">
               <Coords points="878,1737 1664,1730 1664,1686 878,1706"/>
               <Baseline points="886,1716 889,1716 934,1719 979,1716 1023,1716 1068,1716 1113,1716 1158,1716 1203,1716 1247,1716 1292,1716 1337,1716 1382,1716 1426,1713 1471,1716 1516,1716 1561,1716 1606,1713 1638,1716 1668,1703"/>
               <TextEquiv>
                  <Unicode>Das war im Jahre 1926. Seither sind Gummistiefel in</Unicode>
               </TextEquiv>
            </TextLine>
            <TextLine id="r_4_tl_18" custom="readingOrder {index:17;}">
               <Coords points="878,1764 1664,1773 1664,1734 1559,1724 878,1738"/>
               <Baseline points="886,1758 895,1758 928,1755 973,1755 1017,1755 1062,1755 1107,1755 1152,1755 1197,1755 1241,1755 1286,1755 1331,1755 1376,1755 1420,1755 1465,1752 1510,1755 1555,1755 1600,1752 1644,1752 1668,1739"/>
               <TextEquiv>
                  <Unicode>Schweden so billig, daß jeder Bauer und Landarbeiter</Unicode>
               </TextEquiv>
            </TextLine>
            <TextLine id="r_4_tl_19" custom="readingOrder {index:18;}">
               <Coords points="878,1816 1664,1803 1664,1773 878,1787"/>
               <Baseline points="886,1796 895,1797 934,1794 979,1794 1023,1794 1068,1794 1113,1794 1158,1794 1203,1791 1247,1794 1292,1791 1337,1794 1382,1791 1426,1791 1471,1794 1516,1791 1561,1791 1606,1791 1650,1794 1668,1784"/>
               <TextEquiv>
                  <Unicode>sie sich leisten kann — und das ist in unserem Klima</Unicode>
               </TextEquiv>
            </TextLine>
            <TextLine id="r_4_tl_20" custom="readingOrder {index:19;}">
               <Coords points="889,1844 1637,1844 1638,1801 891,1813"/>
               <Baseline points="898,1832 925,1832 970,1832 1014,1832 1059,1832 1104,1832 1149,1832 1194,1832 1238,1829 1283,1832 1328,1829 1373,1832 1417,1829 1462,1829 1507,1829 1552,1829 1597,1829 1641,1829"/>
               <TextEquiv>
                  <Unicode>mit den langen Wintern eine praktische Notwendig¬</Unicode>
               </TextEquiv>
            </TextLine>
            <TextLine id="r_4_tl_21" custom="readingOrder {index:20;}">
               <Coords points="878,1879 1635,1880 1635,1844 878,1854"/>
               <Baseline points="886,1871 898,1871 922,1871 967,1871 1012,1871 1056,1871 1101,1868 1146,1871 1191,1868 1235,1868 1280,1871 1325,1871 1370,1868 1415,1868 1459,1868 1504,1868 1549,1868 1594,1868 1638,1868"/>
               <TextEquiv>
                  <Unicode>keit. Natürlich geht KF immer an solche Industrien</Unicode>
               </TextEquiv>
            </TextLine>
            <TextLine id="r_4_tl_22" custom="readingOrder {index:21;}">
               <Coords points="878,1933 1638,1918 1638,1883 1597,1879 878,1879"/>
               <Baseline points="886,1912 895,1913 925,1910 970,1910 1014,1910 1059,1907 1104,1910 1149,1910 1194,1907 1238,1907 1283,1907 1328,1907 1373,1907 1417,1907 1462,1907 1507,1904 1552,1907 1597,1907 1641,1904"/>
               <TextEquiv>
                  <Unicode>heran, die notwendige Gebrauchsartikel herstellen,</Unicode>
               </TextEquiv>
            </TextLine>
            <TextLine id="r_4_tl_23" custom="readingOrder {index:22;}">
               <Coords points="878,1951 1521,1980 1664,1955 1664,1917 878,1932"/>
               <Baseline points="886,1949 895,1949 934,1949 979,1949 1023,1946 1068,1949 1113,1946 1158,1946 1203,1949 1247,1946 1292,1946 1337,1946 1382,1946 1426,1946 1471,1946 1516,1946 1561,1946 1606,1946 1650,1946 1668,1942"/>
               <TextEquiv>
                  <Unicode>Sie will ja nicht für den 'Profit' arbeiten, sondern für</Unicode>
               </TextEquiv>
            </TextLine>
            <TextLine id="r_4_tl_24" custom="readingOrder {index:23;}">
               <Coords points="878,1993 977,2006 993,1997 1007,2006 1040,1996 1109,2008 1131,2000 1131,1969 1109,1961 1063,1971 963,1959 947,1971 922,1959 907,1967 878,1951"/>
               <Baseline points="886,1988 895,1988 940,1988 985,1988 1029,1988 1074,1988 1119,1988 1134,1988"/>
               <TextEquiv>
                  <Unicode>den Verbrauch.“</Unicode>
               </TextEquiv>
            </TextLine>
            <TextLine id="r_4_tl_25" custom="readingOrder {index:24;}">
               <Coords points="929,2037 1665,2036 1665,1989 1394,2010 929,2003"/>
               <Baseline points="937,2026 976,2026 1020,2024 1065,2024 1110,2024 1155,2024 1200,2024 1244,2024 1289,2024 1334,2021 1379,2024 1423,2021 1468,2024 1513,2024 1558,2021 1603,2021 1647,2021 1668,2017"/>
               <TextEquiv>
                  <Unicode>"Die Ko-op ist also einfach die Organisation der</Unicode>
               </TextEquiv>
            </TextLine>
            <TextLine id="r_4_tl_26" custom="readingOrder {index:25;}">
               <Coords points="878,2075 1571,2084 1642,2078 1644,2033 1004,2056 880,2017"/>
               <Baseline points="886,2065 928,2065 973,2065 1017,2065 1062,2062 1107,2062 1152,2062 1197,2062 1241,2062 1286,2062 1331,2062 1376,2062 1420,2062 1465,2062 1510,2062 1555,2059 1600,2059 1644,2062"/>
               <TextEquiv>
                  <Unicode>Käufer, der Verbraucher — oder anders ausgedrückt,</Unicode>
               </TextEquiv>
            </TextLine>
            <TextLine id="r_4_tl_27" custom="readingOrder {index:26;}">
               <Coords points="878,2109 1664,2127 1664,2074 878,2090"/>
               <Baseline points="886,2104 895,2104 928,2104 973,2104 1017,2101 1062,2101 1107,2101 1152,2101 1197,2101 1241,2101 1286,2101 1331,2098 1376,2101 1420,2098 1465,2098 1510,2098 1555,2098 1600,2098 1644,2098 1668,2094"/>
               <TextEquiv>
                  <Unicode>sie stellt dem Interesse des Produzenten das kollek¬</Unicode>
               </TextEquiv>
            </TextLine>
            <TextLine id="r_4_tl_28" custom="readingOrder {index:27;}">
               <Coords points="881,2163 1522,2146 1503,2116 952,2129 881,2108"/>
               <Baseline points="889,2143 898,2143 943,2140 988,2143 1032,2140 1077,2140 1122,2140 1167,2140 1212,2140 1256,2140 1301,2140 1346,2140 1391,2140 1435,2137 1480,2140 1525,2137"/>
               <TextEquiv>
                  <Unicode>tive Interesse der Konsumenten entgegen?“</Unicode>
               </TextEquiv>
            </TextLine>
            <TextLine id="r_4_tl_29" custom="readingOrder {index:28;}">
               <Coords points="929,2194 1267,2206 1411,2183 1638,2208 1664,2205 1665,2153 1583,2130 1527,2157 929,2164"/>
               <Baseline points="937,2179 979,2179 1023,2179 1068,2179 1113,2179 1158,2179 1203,2179 1247,2179 1292,2179 1337,2179 1382,2176 1426,2176 1471,2176 1516,2176 1561,2176 1606,2176 1650,2176 1668,2172"/>
               <TextEquiv>
                  <Unicode>"Richtig", sagt der junge Mann, "das ist das ganze</Unicode>
               </TextEquiv>
            </TextLine>
            <TextLine id="r_4_tl_30" custom="readingOrder {index:29;}">
               <Coords points="878,2241 910,2245 960,2227 981,2238 1006,2228 1022,2238 1041,2230 1049,2238 1063,2227 1079,2232 1079,2201 1063,2196 1004,2198 985,2190 976,2197 958,2187 936,2201 904,2196 894,2186 878,2190"/>
               <Baseline points="886,2220 895,2221 904,2221 949,2218 994,2218 1038,2218 1083,2218"/>
               <TextEquiv>
                  <Unicode>Geheimnis!"</Unicode>
               </TextEquiv>
            </TextLine>
            <TextLine id="r_4_tl_31" custom="readingOrder {index:30;}">
               <Coords points="939,2279 1664,2264 1664,2223 939,2228"/>
               <Baseline points="946,2256 970,2256 1014,2256 1059,2256 1104,2256 1149,2256 1194,2256 1238,2253 1283,2253 1328,2256 1373,2253 1417,2253 1462,2253 1507,2253 1552,2253 1597,2253 1641,2250 1668,2248"/>
               <TextEquiv>
                  <Unicode>Und dann frage ich ihn, während die Mutter mir</Unicode>
               </TextEquiv>
            </TextLine>
            <TextLine id="r_4_tl_32" custom="readingOrder {index:31;}">
               <Coords points="878,2313 1664,2301 1664,2268 1592,2261 878,2261"/>
               <Baseline points="886,2297 895,2298 934,2295 979,2295 1023,2295 1068,2295 1113,2295 1158,2292 1203,2292 1247,2292 1292,2292 1337,2292 1382,2292 1426,2289 1471,2292 1516,2289 1561,2292 1606,2292 1650,2289 1668,2284"/>
               <TextEquiv>
                  <Unicode>eine zweite Tasse Kaffee einschenkt, wieso er denn</Unicode>
               </TextEquiv>
            </TextLine>
            <TextLine id="r_4_tl_33" custom="readingOrder {index:32;}">
               <Coords points="878,2336 954,2357 1664,2340 1656,2305 878,2314"/>
               <Baseline points="886,2335 898,2337 925,2334 970,2334 1014,2334 1059,2334 1104,2334 1149,2334 1194,2331 1238,2331 1283,2331 1328,2331 1373,2331 1417,2331 1462,2331 1507,2331 1552,2328 1597,2331 1641,2328 1668,2323"/>
               <TextEquiv>
                  <Unicode>so gut Bescheid wisse über die Kooperative. Ob etwa</Unicode>
               </TextEquiv>
            </TextLine>
            <TextLine id="r_4_tl_34" custom="readingOrder {index:33;}">
               <Coords points="878,2385 1615,2387 1664,2379 1665,2340 878,2360"/>
               <Baseline points="886,2375 895,2376 928,2373 973,2370 1017,2370 1062,2373 1107,2373 1152,2373 1197,2370 1241,2370 1286,2370 1331,2370 1376,2370 1420,2370 1465,2367 1510,2370 1555,2367 1600,2367 1644,2367 1668,2363"/>
               <TextEquiv>
                  <Unicode>alle Mitglieder, also zum Beispiel auch ein Drittel</Unicode>
               </TextEquiv>
            </TextLine>
            <TextLine id="r_4_tl_35" custom="readingOrder {index:34;}">
               <Coords points="878,2417 1664,2432 1665,2379 880,2394"/>
               <Baseline points="886,2413 895,2412 919,2412 964,2412 1009,2412 1053,2412 1098,2412 1143,2412 1188,2409 1232,2409 1277,2409 1322,2409 1367,2406 1412,2409 1456,2406 1501,2406 1546,2406 1591,2406 1635,2406 1668,2403"/>
               <TextEquiv>
                  <Unicode>aller schwedischen Hausfrauen, wirtschaftliche Vor¬</Unicode>
               </TextEquiv>
            </TextLine>
            <TextLine id="r_4_tl_36" custom="readingOrder {index:35;}">
               <Coords points="878,2457 1664,2463 1664,2431 1577,2410 1533,2435 878,2424"/>
               <Baseline points="886,2450 895,2450 928,2450 973,2450 1017,2450 1062,2450 1107,2447 1152,2447 1197,2447 1241,2447 1286,2447 1331,2447 1376,2447 1420,2444 1465,2447 1510,2447 1555,2444 1600,2447 1644,2444 1668,2437"/>
               <TextEquiv>
                  <Unicode>gänge so klar und deutlich erklären könnten, wie er</Unicode>
               </TextEquiv>
            </TextLine>
            <TextLine id="r_4_tl_37" custom="readingOrder {index:36;}">
               <Coords points="888,2515 969,2500 1057,2510 1265,2495 1254,2461 1227,2476 1170,2459 1044,2477 1010,2459 944,2480 888,2477"/>
               <Baseline points="895,2486 937,2489 982,2489 1026,2489 1071,2486 1116,2489 1161,2486 1206,2486 1250,2486 1268,2489"/>
               <TextEquiv>
                  <Unicode>es soeben getan habe.</Unicode>
               </TextEquiv>
            </TextLine>
            <TextLine id="r_4_tl_38" custom="readingOrder {index:37;}">
               <Coords points="939,2536 1581,2526 1631,2547 1664,2540 1665,2485 939,2507"/>
               <Baseline points="946,2525 979,2525 1023,2525 1068,2525 1113,2525 1158,2525 1203,2525 1247,2525 1292,2525 1337,2522 1382,2522 1426,2522 1471,2522 1516,2522 1561,2522 1606,2522 1650,2522 1668,2517"/>
               <TextEquiv>
                  <Unicode>Er sieht lachend seine Mutter an, stellt eine Frage</Unicode>
               </TextEquiv>
            </TextLine>
            <TextLine id="r_4_tl_39" custom="readingOrder {index:38;}">
               <Coords points="878,2575 1596,2581 1664,2558 1526,2534 878,2548"/>
               <Baseline points="886,2565 895,2564 934,2564 979,2564 1023,2564 1068,2564 1113,2564 1158,2561 1203,2564 1247,2561 1292,2564 1337,2561 1382,2561 1426,2561 1471,2561 1516,2561 1561,2561 1606,2561 1650,2558 1668,2554"/>
               <TextEquiv>
                  <Unicode>und übersetzt mir ihre Antwort: "Ich kaufe im Kon¬</Unicode>
               </TextEquiv>
            </TextLine>
            <TextLine id="r_4_tl_40" custom="readingOrder {index:39;}">
               <Coords points="878,2618 1664,2616 1664,2575 878,2588"/>
               <Baseline points="886,2607 901,2606 931,2606 976,2603 1020,2603 1065,2603 1110,2603 1155,2600 1200,2600 1244,2600 1289,2600 1334,2600 1379,2600 1423,2600 1468,2597 1513,2597 1558,2597 1603,2600 1647,2597 1668,2593"/>
               <TextEquiv>
                  <Unicode>sum, weil ich dort sicher bin, gute und frische Waren</Unicode>
               </TextEquiv>
            </TextLine>
            <TextLine id="r_4_tl_41" custom="readingOrder {index:40;}">
               <Coords points="888,2657 1634,2653 1663,2649 1664,2616 889,2611"/>
               <Baseline points="895,2641 934,2641 979,2641 1023,2641 1068,2641 1113,2638 1158,2638 1203,2638 1247,2638 1292,2638 1337,2635 1382,2638 1426,2638 1471,2638 1516,2635 1561,2635 1606,2635 1650,2635 1668,2632"/>
               <TextEquiv>
                  <Unicode>zu bekommen, und weil die Waren außerdem auch</Unicode>
               </TextEquiv>
            </TextLine>
            <TextLine id="r_4_tl_42" custom="readingOrder {index:41;}">
               <Coords points="878,2690 1664,2687 1649,2646 878,2660"/>
               <Baseline points="886,2680 895,2680 928,2680 973,2677 1017,2677 1062,2677 1107,2677 1152,2677 1197,2677 1241,2674 1286,2674 1331,2674 1376,2674 1420,2674 1465,2674 1510,2674 1555,2674 1600,2674 1644,2674 1668,2670"/>
               <TextEquiv>
                  <Unicode>noch billiger sind als in den andern Geschäften." Und</Unicode>
               </TextEquiv>
            </TextLine>
            <TextLine id="r_4_tl_43" custom="readingOrder {index:42;}">
               <Coords points="878,2726 1664,2730 1646,2685 878,2708"/>
               <Baseline points="886,2718 895,2719 931,2716 976,2716 1020,2716 1065,2716 1110,2716 1155,2716 1200,2716 1244,2713 1289,2713 1334,2713 1379,2713 1423,2713 1468,2713 1513,2710 1558,2713 1603,2710 1647,2710 1668,2705"/>
               <TextEquiv>
                  <Unicode>erklärend fügt er hinzu: "KF arbeitet nämlich mit den</Unicode>
               </TextEquiv>
            </TextLine>
            <TextLine id="r_4_tl_44" custom="readingOrder {index:43;}">
               <Coords points="877,2765 1664,2764 1664,2730 1573,2722 878,2732"/>
               <Baseline points="886,2758 895,2758 934,2755 979,2755 1023,2755 1068,2752 1113,2755 1158,2752 1203,2755 1247,2752 1292,2752 1337,2752 1382,2752 1426,2752 1471,2752 1516,2752 1561,2749 1606,2749 1650,2749 1668,2744"/>
               <TextEquiv>
                  <Unicode>bäuerlichen Genossenschaften zusammen, die ja auch</Unicode>
               </TextEquiv>
            </TextLine>
            <TextLine id="r_4_tl_45" custom="readingOrder {index:44;}">
               <Coords points="877,2806 1664,2791 1637,2763 878,2771"/>
               <Baseline points="886,2795 901,2797 931,2794 976,2794 1020,2794 1065,2794 1110,2791 1155,2791 1200,2791 1244,2791 1289,2788 1334,2788 1379,2788 1423,2788 1468,2788 1513,2788 1558,2788 1603,2788 1647,2785 1668,2781"/>
               <TextEquiv>
                  <Unicode>eine Form von Ko-ops sind — und daher gibt es in</Unicode>
               </TextEquiv>
            </TextLine>
            <TextLine id="r_4_tl_46" custom="readingOrder {index:45;}">
               <Coords points="878,2846 1664,2843 1664,2809 878,2823"/>
               <Baseline points="886,2833 895,2833 931,2833 976,2830 1020,2833 1065,2833 1110,2830 1155,2830 1200,2830 1244,2827 1289,2827 1334,2827 1379,2827 1423,2827 1468,2827 1513,2827 1558,2827 1603,2824 1647,2827 1668,2820"/>
               <TextEquiv>
                  <Unicode>den Konsums von KF die frischeste Butter und die</Unicode>
               </TextEquiv>
            </TextLine>
            <TextLine id="r_4_tl_47" custom="readingOrder {index:46;}">
               <Coords points="878,2891 1547,2868 1664,2891 1664,2850 1600,2827 1533,2850 878,2845"/>
               <Baseline points="886,2873 898,2874 931,2871 976,2871 1020,2871 1065,2868 1110,2868 1155,2868 1200,2868 1244,2865 1289,2868 1334,2865 1379,2865 1423,2865 1468,2865 1513,2865 1558,2862 1603,2865 1647,2862 1668,2858"/>
               <TextEquiv>
                  <Unicode>besten Eier. Drüben in Norwegen haben die Fischer</Unicode>
               </TextEquiv>
            </TextLine>
            <TextLine id="r_4_tl_48" custom="readingOrder {index:47;}">
               <Coords points="878,2920 1664,2918 1635,2877 878,2894"/>
               <Baseline points="886,2910 895,2910 931,2910 976,2907 1020,2907 1065,2907 1110,2907 1155,2907 1200,2907 1244,2907 1289,2904 1334,2904 1379,2904 1423,2904 1468,2904 1513,2904 1558,2904 1603,2904 1647,2901 1668,2897"/>
               <TextEquiv>
                  <Unicode>ihre Fischerei immer schon kollektiv betrieben, lange</Unicode>
               </TextEquiv>
            </TextLine>
            <TextLine id="r_4_tl_49" custom="readingOrder {index:48;}">
               <Coords points="891,2955 1664,2963 1664,2918 1638,2913 891,2924"/>
               <Baseline points="898,2946 931,2949 976,2949 1020,2949 1065,2946 1110,2946 1155,2946 1200,2946 1244,2946 1289,2943 1334,2943 1379,2943 1423,2940 1468,2943 1513,2940 1558,2940 1603,2940 1647,2940 1668,2936"/>
               <TextEquiv>
                  <Unicode>bevor Karl Marx geboren war. Jetzt haben sie auch</Unicode>
               </TextEquiv>
            </TextLine>
            <TextLine id="r_4_tl_50" custom="readingOrder {index:49;}">
               <Coords points="878,2998 1644,2998 1644,2967 1581,2950 878,2978"/>
               <Baseline points="886,2989 901,2991 931,2988 976,2985 1020,2985 1065,2985 1110,2985 1155,2985 1200,2985 1244,2982 1289,2982 1334,2982 1379,2982 1423,2982 1468,2979 1513,2979 1558,2979 1603,2979 1647,2979"/>
               <TextEquiv>
                  <Unicode>den Verkauf kollektiv organisiert, eben durch eine</Unicode>
               </TextEquiv>
            </TextLine>
            <TextLine id="r_4_tl_51" custom="readingOrder {index:50;}">
               <Coords points="891,3036 903,3037 907,3043 924,3034 929,3040 940,3033 950,3037 956,3034 963,3041 977,3043 996,3033 1012,3036 1014,3004 993,3008 988,3003 978,3004 969,2995 965,2999 958,2996 943,3006 935,3006 926,2998 892,2999"/>
               <Baseline points="898,3030 925,3027 970,3027 1014,3024"/>
               <TextEquiv>
                  <Unicode>Ko-op.“</Unicode>
               </TextEquiv>
            </TextLine>
            <TextLine id="r_4_tl_52" custom="readingOrder {index:51;}">
               <Coords points="941,3077 1629,3080 1664,3067 1665,3013 1485,3043 1090,3021 941,3049"/>
               <Baseline points="949,3065 976,3062 1020,3062 1065,3062 1110,3059 1155,3059 1200,3059 1244,3059 1289,3059 1334,3059 1379,3056 1423,3056 1468,3056 1513,3056 1558,3056 1603,3056 1647,3059 1668,3058"/>
               <TextEquiv>
                  <Unicode>"Sind Sie Kommunist?" frage ich — und denke</Unicode>
               </TextEquiv>
            </TextLine>
            <TextLine id="r_4_tl_53" custom="readingOrder {index:52;}">
               <Coords points="878,3116 1664,3105 1664,3078 878,3082"/>
               <Baseline points="886,3104 904,3104 940,3101 985,3101 1029,3101 1074,3101 1119,3098 1164,3101 1209,3098 1253,3098 1298,3098 1343,3098 1388,3098 1432,3095 1477,3095 1522,3095 1567,3095 1612,3095 1656,3095 1668,3095"/>
               <TextEquiv>
                  <Unicode>an Marx und an das rote Fähnchen am Fahrrad des</Unicode>
               </TextEquiv>
            </TextLine>
            <TextLine id="r_4_tl_54" custom="readingOrder {index:53;}">
               <Coords points="878,3151 1664,3155 1665,3114 878,3115"/>
               <Baseline points="886,3143 895,3143 940,3140 985,3140 1029,3137 1074,3140 1119,3140 1164,3140 1209,3137 1253,3137 1298,3137 1343,3137 1388,3134 1432,3134 1477,3134 1522,3134 1567,3134 1612,3134 1656,3137 1668,3135"/>
               <TextEquiv>
                  <Unicode>blonden Mädchens, das übrigens nicht die Schwester,</Unicode>
               </TextEquiv>
            </TextLine>
            <TextLine id="r_4_tl_55" custom="readingOrder {index:54;}">
               <Coords points="878,3190 1462,3190 1452,3144 1022,3146 937,3166 878,3151"/>
               <Baseline points="886,3179 895,3179 928,3179 973,3179 1017,3176 1062,3176 1107,3179 1152,3176 1197,3176 1241,3176 1286,3173 1331,3176 1376,3176 1420,3173 1465,3176"/>
               <TextEquiv>
                  <Unicode>sondern die Braut meines Arbeiters ist.</Unicode>
               </TextEquiv>
            </TextLine>
            <TextLine id="r_4_tl_56" custom="readingOrder {index:55;}">
               <Coords points="936,3228 1665,3215 1665,3174 936,3202"/>
               <Baseline points="943,3218 985,3218 1029,3218 1074,3218 1119,3215 1164,3215 1209,3215 1253,3212 1298,3215 1343,3212 1388,3212 1432,3212 1477,3212 1522,3212 1567,3212 1612,3212 1656,3209 1668,3209"/>
               <TextEquiv>
                  <Unicode>"Sozialdemokrat", sagt er, "und, natürlich, in einer</Unicode>
               </TextEquiv>
            </TextLine>
            <TextLine id="r_4_tl_57" custom="readingOrder {index:56;}">
               <Coords points="878,3261 1664,3259 1664,3235 1563,3219 878,3224"/>
               <Baseline points="886,3256 895,3256 931,3256 976,3256 1020,3253 1065,3253 1110,3253 1155,3250 1200,3253 1244,3253 1289,3250 1334,3250 1379,3250 1423,3247 1468,3250 1513,3250 1558,3250 1603,3250 1647,3250 1668,3248"/>
               <TextEquiv>
                  <Unicode>Gewerkschaft. In Schweden sind alle Arbeiter organi¬</Unicode>
               </TextEquiv>
            </TextLine>
            <TextLine id="r_4_tl_58" custom="readingOrder {index:57;}">
               <Coords points="878,3301 1663,3297 1664,3264 880,3263"/>
               <Baseline points="886,3296 898,3298 916,3295 961,3295 1006,3292 1050,3292 1095,3292 1140,3289 1185,3289 1229,3292 1274,3289 1319,3289 1364,3289 1409,3286 1453,3289 1498,3286 1543,3289 1588,3286 1632,3286 1668,3286"/>
               <TextEquiv>
                  <Unicode>siert. Aber damit hat, prinzipiell, die Ko-op-ldee nichts</Unicode>
               </TextEquiv>
            </TextLine>
            <TextLine id="r_4_tl_59" custom="readingOrder {index:58;}">
               <Coords points="878,3338 1644,3342 1634,3297 878,3320"/>
               <Baseline points="886,3334 889,3334 931,3331 976,3331 1020,3331 1065,3331 1110,3331 1155,3331 1200,3331 1244,3328 1289,3328 1334,3328 1379,3328 1423,3328 1468,3328 1513,3325 1558,3328 1603,3325 1647,3325"/>
               <TextEquiv>
                  <Unicode>zu tun. KF zum Beispiel ist politisch und religiös streng</Unicode>
               </TextEquiv>
            </TextLine>
            <TextEquiv>
               <Unicode/>
            </TextEquiv>
         </TextRegion>
         <TextRegion id="r_2" custom="readingOrder {index:3;}">
            <Coords points="1668,1065 2441,1065 2441,3380 1668,3380"/>
            <TextLine id="r_2_tl_1" custom="readingOrder {index:0;}">
               <Coords points="1659,1122 2092,1100 2413,1119 2414,1049 2242,1083 1660,1082"/>
               <Baseline points="1668,1098 1701,1098 1746,1101 1791,1101 1835,1098 1880,1101 1925,1098 1970,1098 2015,1098 2059,1098 2104,1098 2149,1098 2194,1098 2238,1098 2283,1098 2328,1098 2373,1095 2418,1095"/>
               <TextEquiv>
                  <Unicode>neutral, das gehört zu seinen Grundsätzen. Aber die</Unicode>
               </TextEquiv>
            </TextLine>
            <TextLine id="r_2_tl_2" custom="readingOrder {index:1;}">
               <Coords points="1660,1138 1793,1167 2414,1149 2414,1118 2357,1107 1660,1120"/>
               <Baseline points="1668,1137 1710,1137 1755,1137 1800,1137 1844,1137 1889,1137 1934,1140 1979,1137 2024,1137 2068,1137 2113,1137 2158,1137 2203,1137 2247,1137 2292,1134 2337,1134 2382,1137 2418,1137"/>
               <TextEquiv>
                  <Unicode>Kooperative ist ében praktischer Sozialismus. Und was</Unicode>
               </TextEquiv>
            </TextLine>
            <TextLine id="r_2_tl_3" custom="readingOrder {index:2;}">
               <Coords points="1660,1187 2411,1190 2411,1150 1660,1156"/>
               <Baseline points="1668,1176 1671,1176 1698,1176 1743,1176 1788,1176 1832,1176 1877,1176 1922,1176 1967,1176 2012,1176 2056,1176 2101,1176 2146,1176 2191,1176 2235,1176 2280,1176 2325,1173 2370,1173 2415,1173"/>
               <TextEquiv>
                  <Unicode>ich über wirtschaftliche Vorgänge weiß, habe ich im</Unicode>
               </TextEquiv>
            </TextLine>
            <TextLine id="r_2_tl_4" custom="readingOrder {index:3;}">
               <Coords points="1660,1216 1693,1230 1948,1239 1961,1228 1995,1241 2062,1224 2062,1195 2028,1186 1817,1205 1787,1187 1732,1201 1704,1183 1660,1187"/>
               <Baseline points="1668,1214 1707,1214 1752,1214 1797,1214 1841,1214 1886,1214 1931,1214 1976,1214 2021,1214 2065,1212"/>
               <TextEquiv>
                  <Unicode>einem Ko-op-Kurs gelernt."</Unicode>
               </TextEquiv>
            </TextLine>
            <TextLine id="r_2_tl_5" custom="readingOrder {index:4;}">
               <Coords points="1705,1283 2424,1282 2424,1228 2344,1249 2271,1223 2208,1245 2145,1226 1705,1245"/>
               <Baseline points="1713,1259 1758,1259 1803,1259 1847,1262 1892,1259 1937,1262 1982,1259 2026,1259 2071,1259 2116,1262 2161,1259 2206,1259 2250,1259 2295,1259 2340,1259 2385,1259 2427,1259"/>
               <TextEquiv>
                  <Unicode>"Kooperative Kurse?" frage ich erstaunt — "das</Unicode>
               </TextEquiv>
            </TextLine>
            <TextLine id="r_2_tl_6" custom="readingOrder {index:5;}">
               <Coords points="1660,1327 1728,1325 1777,1305 1862,1313 1887,1332 1943,1320 1943,1287 1914,1273 1881,1287 1834,1286 1813,1272 1798,1286 1741,1286 1686,1251 1660,1249"/>
               <Baseline points="1668,1302 1674,1304 1677,1304 1722,1298 1767,1301 1812,1301 1856,1301 1901,1301 1946,1298"/>
               <TextEquiv>
                  <Unicode>gibt es also auch?“</Unicode>
               </TextEquiv>
            </TextLine>
            <TextLine id="r_2_tl_7" custom="readingOrder {index:6;}">
               <Coords points="1708,1359 2407,1353 2409,1299 2183,1298 2041,1336 1777,1305 1709,1335"/>
               <Baseline points="1716,1346 1740,1346 1785,1346 1829,1346 1874,1346 1919,1346 1964,1346 2009,1343 2053,1346 2098,1346 2143,1343 2188,1346 2232,1343 2277,1343 2322,1343 2367,1343 2412,1340"/>
               <TextEquiv>
                  <Unicode>"Natürlich", nickt er — "und Korrespondenz-Lehr¬</Unicode>
               </TextEquiv>
            </TextLine>
            <TextLine id="r_2_tl_8" custom="readingOrder {index:7;}">
               <Coords points="1670,1395 2413,1402 2413,1353 1670,1361"/>
               <Baseline points="1677,1385 1698,1385 1743,1385 1788,1385 1832,1385 1877,1385 1922,1385 1967,1385 2012,1385 2056,1382 2101,1385 2146,1385 2191,1385 2235,1382 2280,1382 2325,1382 2370,1382 2415,1382"/>
               <TextEquiv>
                  <Unicode>kurse und Beratungsstellen, Kleinkunderschulen, Fe¬</Unicode>
               </TextEquiv>
            </TextLine>
            <TextLine id="r_2_tl_9" custom="readingOrder {index:8;}">
               <Coords points="1660,1432 2414,1441 2414,1396 1660,1413"/>
               <Baseline points="1668,1422 1671,1423 1701,1423 1746,1420 1791,1423 1835,1423 1880,1420 1925,1423 1970,1420 2015,1423 2059,1420 2104,1420 2149,1420 2194,1420 2238,1420 2283,1420 2328,1420 2373,1420 2418,1417"/>
               <TextEquiv>
                  <Unicode>rienlager, und einen Verlag, der das meistgelesene</Unicode>
               </TextEquiv>
            </TextLine>
            <TextLine id="r_2_tl_10" custom="readingOrder {index:9;}">
               <Coords points="1660,1481 2321,1480 2414,1471 2416,1444 1661,1441"/>
               <Baseline points="1668,1460 1671,1462 1701,1459 1746,1462 1791,1459 1835,1462 1880,1462 1925,1462 1970,1459 2015,1462 2059,1459 2104,1459 2149,1459 2194,1459 2238,1459 2283,1456 2328,1456 2373,1459 2418,1456"/>
               <TextEquiv>
                  <Unicode>Magazin Schwedens herausgibt. Und das will etwas</Unicode>
               </TextEquiv>
            </TextLine>
            <TextLine id="r_2_tl_11" custom="readingOrder {index:10;}">
               <Coords points="1660,1518 2414,1511 2399,1469 1660,1481"/>
               <Baseline points="1668,1496 1671,1498 1701,1498 1746,1498 1791,1498 1835,1498 1880,1498 1925,1498 1970,1498 2015,1498 2059,1498 2104,1495 2149,1498 2194,1498 2238,1498 2283,1498 2328,1495 2373,1498 2418,1495"/>
               <TextEquiv>
                  <Unicode>heißen: denn bei uns schießen die billigen Magazine</Unicode>
               </TextEquiv>
            </TextLine>
            <TextLine id="r_2_tl_12" custom="readingOrder {index:11;}">
               <Coords points="1660,1552 2034,1549 2085,1566 2232,1547 2212,1511 1660,1518"/>
               <Baseline points="1668,1540 1671,1537 1698,1537 1743,1537 1788,1537 1832,1537 1877,1537 1922,1537 1967,1537 2012,1537 2056,1537 2101,1537 2146,1537 2191,1537 2235,1534"/>
               <TextEquiv>
                  <Unicode>ins Kraut fast wie drüben in Amerika!"</Unicode>
               </TextEquiv>
            </TextLine>
            <TextLine id="r_2_tl_13" custom="readingOrder {index:12;}">
               <Coords points="1715,1597 2418,1594 2418,1551 1715,1564"/>
               <Baseline points="1722,1588 1749,1585 1794,1585 1838,1585 1883,1585 1928,1582 1973,1582 2018,1582 2062,1585 2107,1582 2152,1582 2197,1582 2241,1582 2286,1582 2331,1579 2376,1582 2421,1585"/>
               <TextEquiv>
                  <Unicode>"Eigentlich sollte ich jetzt wieder an die Arbeit",</Unicode>
               </TextEquiv>
            </TextLine>
            <TextLine id="r_2_tl_14" custom="readingOrder {index:13;}">
               <Coords points="1660,1630 1708,1650 2424,1630 2424,1593 2360,1589 1909,1609 1660,1589"/>
               <Baseline points="1668,1620 1671,1623 1710,1623 1755,1623 1800,1623 1844,1623 1889,1620 1934,1620 1979,1620 2024,1620 2068,1620 2113,1620 2158,1620 2203,1620 2247,1618 2292,1618 2337,1618 2382,1618 2427,1618"/>
               <TextEquiv>
                  <Unicode>meinte er dann — seine Mutter hat schon zur Schaufel</Unicode>
               </TextEquiv>
            </TextLine>
            <TextLine id="r_2_tl_15" custom="readingOrder {index:14;}">
               <Coords points="1672,1680 2384,1675 2413,1642 1674,1635"/>
               <Baseline points="1680,1665 1698,1662 1743,1662 1788,1662 1832,1662 1877,1659 1922,1659 1967,1659 2012,1659 2056,1659 2101,1659 2146,1659 2191,1659 2235,1659 2280,1656 2325,1656 2370,1656 2415,1656"/>
               <TextEquiv>
                  <Unicode>gegriffen, und auch das blonde Mädchen in den</Unicode>
               </TextEquiv>
            </TextLine>
            <TextLine id="r_2_tl_16" custom="readingOrder {index:15;}">
               <Coords points="1660,1705 1806,1726 2414,1702 2405,1670 1660,1679"/>
               <Baseline points="1668,1703 1671,1701 1701,1698 1746,1701 1791,1701 1835,1698 1880,1698 1925,1698 1970,1698 2015,1698 2059,1698 2104,1698 2149,1695 2194,1695 2238,1695 2283,1695 2328,1695 2373,1695 2418,1692"/>
               <TextEquiv>
                  <Unicode>Strandhosen hilft tüchtig mit, den Schubkarren mit Erde</Unicode>
               </TextEquiv>
            </TextLine>
            <TextLine id="r_2_tl_17" custom="readingOrder {index:16;}">
               <Coords points="1660,1762 2418,1749 2418,1712 2353,1706 1660,1705"/>
               <Baseline points="1668,1739 1671,1737 1704,1737 1749,1737 1794,1737 1838,1737 1883,1737 1928,1737 1973,1737 2018,1734 2062,1737 2107,1734 2152,1734 2197,1737 2241,1734 2286,1734 2331,1734 2376,1734 2421,1731"/>
               <TextEquiv>
                  <Unicode>zu füllen, den dann der kleine Junge, elegant wie ein</Unicode>
               </TextEquiv>
            </TextLine>
            <TextLine id="r_2_tl_18" custom="readingOrder {index:17;}">
               <Coords points="1660,1799 2410,1793 2410,1753 1660,1762"/>
               <Baseline points="1668,1784 1677,1779 1695,1776 1740,1776 1785,1776 1829,1776 1874,1776 1919,1776 1964,1773 2009,1773 2053,1776 2098,1773 2143,1773 2188,1773 2232,1773 2277,1773 2322,1773 2367,1773 2412,1773"/>
               <TextEquiv>
                  <Unicode>Seiltänzer balancierend, über die Brücke eines schwan¬</Unicode>
               </TextEquiv>
            </TextLine>
            <TextLine id="r_2_tl_19" custom="readingOrder {index:18;}">
               <Coords points="1670,1823 1737,1835 1749,1824 1943,1825 1970,1840 1992,1825 2047,1831 2047,1788 1866,1802 1849,1787 1780,1798 1747,1784 1670,1787"/>
               <Baseline points="1677,1815 1692,1815 1737,1815 1782,1812 1826,1815 1871,1812 1916,1812 1961,1812 2006,1815 2050,1812"/>
               <TextEquiv>
                  <Unicode>kenden Bretts hinwegführt.</Unicode>
               </TextEquiv>
            </TextLine>
            <TextLine id="r_2_tl_20" custom="readingOrder {index:19;}">
               <Coords points="1715,1869 2226,1865 2213,1827 1715,1839"/>
               <Baseline points="1722,1850 1767,1853 1812,1853 1856,1850 1901,1853 1946,1853 1991,1850 2035,1850 2080,1850 2125,1850 2170,1850 2215,1850 2229,1850"/>
               <TextEquiv>
                  <Unicode>"Warum arbeiten Sie am Sonntag?"</Unicode>
               </TextEquiv>
            </TextLine>
            <TextLine id="r_2_tl_21" custom="readingOrder {index:20;}">
               <Coords points="1712,1920 2053,1902 2213,1921 2241,1899 2424,1917 2424,1873 2342,1864 1712,1873"/>
               <Baseline points="1719,1898 1755,1898 1800,1898 1844,1898 1889,1898 1934,1898 1979,1898 2024,1898 2068,1898 2113,1895 2158,1895 2203,1895 2247,1895 2292,1895 2337,1892 2382,1895 2427,1892"/>
               <TextEquiv>
                  <Unicode>"Werktags arbeiten wir am Abend — es ist ja fast</Unicode>
               </TextEquiv>
            </TextLine>
            <TextLine id="r_2_tl_22" custom="readingOrder {index:21;}">
               <Coords points="1660,1943 2424,1947 2424,1917 1660,1925"/>
               <Baseline points="1668,1942 1680,1940 1710,1937 1755,1937 1800,1937 1844,1937 1889,1934 1934,1934 1979,1934 2024,1934 2068,1934 2113,1934 2158,1934 2203,1931 2247,1934 2292,1934 2337,1934 2382,1931 2427,1931"/>
               <TextEquiv>
                  <Unicode>die ganze Nacht hell, jetzt im Sommer; wir wohnen im</Unicode>
               </TextEquiv>
            </TextLine>
            <TextLine id="r_2_tl_23" custom="readingOrder {index:22;}">
               <Coords points="1664,1989 2316,2000 2424,1987 2425,1948 1665,1947"/>
               <Baseline points="1671,1976 1710,1976 1755,1973 1800,1976 1844,1973 1889,1973 1934,1976 1979,1973 2024,1973 2068,1973 2113,1970 2158,1970 2203,1973 2247,1970 2292,1970 2337,1970 2382,1970 2427,1970"/>
               <TextEquiv>
                  <Unicode>Zelt — und in zwei Monaten ist dann unser Haus</Unicode>
               </TextEquiv>
            </TextLine>
            <TextLine id="r_2_tl_24" custom="readingOrder {index:23;}">
               <Coords points="1659,2037 1683,2044 1727,2025 1735,2030 1756,2026 1760,2032 1775,2030 1776,1989 1737,2000 1726,1989 1719,1995 1700,1984 1687,1992 1660,1985"/>
               <Baseline points="1668,2017 1680,2015 1689,2015 1734,2015 1779,2012"/>
               <TextEquiv>
                  <Unicode>fertig.“</Unicode>
               </TextEquiv>
            </TextLine>
            <TextLine id="r_2_tl_25" custom="readingOrder {index:24;}">
               <Coords points="1712,2064 2414,2056 2414,2025 2312,1997 2063,2036 1935,2011 1712,2028"/>
               <Baseline points="1719,2053 1746,2050 1791,2050 1835,2050 1880,2050 1925,2050 1970,2050 2015,2047 2059,2050 2104,2050 2149,2047 2194,2047 2238,2047 2283,2047 2328,2047 2373,2047 2418,2044"/>
               <TextEquiv>
                  <Unicode>Ich erfahre jetzt das neueste Kapitel der Ko-op¬</Unicode>
               </TextEquiv>
            </TextLine>
            <TextLine id="r_2_tl_26" custom="readingOrder {index:25;}">
               <Coords points="1659,2100 2342,2107 2422,2101 2424,2071 1660,2059"/>
               <Baseline points="1668,2094 1674,2092 1710,2089 1755,2089 1800,2089 1844,2089 1889,2089 1934,2089 1979,2089 2024,2089 2068,2089 2113,2086 2158,2089 2203,2086 2247,2086 2292,2086 2337,2086 2382,2086 2427,2086"/>
               <TextEquiv>
                  <Unicode>Bewegung. Denn daß es sich um mehr als nur eine</Unicode>
               </TextEquiv>
            </TextLine>
            <TextLine id="r_2_tl_27" custom="readingOrder {index:26;}">
               <Coords points="1663,2150 2424,2137 2401,2093 1664,2100"/>
               <Baseline points="1671,2131 1710,2128 1755,2128 1800,2128 1844,2128 1889,2128 1934,2128 1979,2125 2024,2125 2068,2128 2113,2125 2158,2122 2203,2125 2247,2125 2292,2125 2337,2125 2382,2125 2427,2122"/>
               <TextEquiv>
                  <Unicode>praktische Einrichtung handelt, daß die Kooperativen</Unicode>
               </TextEquiv>
            </TextLine>
            <TextLine id="r_2_tl_28" custom="readingOrder {index:27;}">
               <Coords points="1660,2176 2399,2181 2425,2137 1660,2153"/>
               <Baseline points="1668,2172 1677,2170 1710,2167 1755,2167 1800,2167 1844,2167 1889,2167 1934,2167 1979,2167 2024,2164 2068,2164 2113,2164 2158,2164 2203,2164 2247,2161 2292,2161 2337,2161 2382,2161 2427,2161"/>
               <TextEquiv>
                  <Unicode>Schwedens ganz wichtige soziale Folgen haben und</Unicode>
               </TextEquiv>
            </TextLine>
            <TextLine id="r_2_tl_29" custom="readingOrder {index:28;}">
               <Coords points="1667,2216 2424,2212 2424,2181 1667,2190"/>
               <Baseline points="1674,2206 1710,2206 1755,2206 1800,2206 1844,2203 1889,2203 1934,2203 1979,2203 2024,2203 2068,2203 2113,2200 2158,2203 2203,2203 2247,2200 2292,2200 2337,2200 2382,2200 2427,2203"/>
               <TextEquiv>
                  <Unicode>die Industrie und Wirtschaft Schwedens aufs tiefste</Unicode>
               </TextEquiv>
            </TextLine>
            <TextLine id="r_2_tl_30" custom="readingOrder {index:29;}">
               <Coords points="1660,2249 2343,2264 2414,2249 2416,2216 1660,2220"/>
               <Baseline points="1668,2248 1671,2247 1701,2244 1746,2244 1791,2244 1835,2244 1880,2244 1925,2241 1970,2241 2015,2241 2059,2241 2104,2238 2149,2238 2194,2238 2238,2238 2283,2238 2328,2238 2373,2238 2418,2238"/>
               <TextEquiv>
                  <Unicode>beeinflussen, das ist mir längst klar geworden. Also:</Unicode>
               </TextEquiv>
            </TextLine>
            <TextLine id="r_2_tl_31" custom="readingOrder {index:30;}">
               <Coords points="1660,2299 2414,2298 2414,2253 1660,2257"/>
               <Baseline points="1668,2284 1671,2283 1701,2280 1746,2280 1791,2280 1835,2280 1880,2280 1925,2280 1970,2280 2015,2280 2059,2280 2104,2280 2149,2277 2194,2277 2238,2277 2283,2277 2328,2277 2373,2274 2418,2274"/>
               <TextEquiv>
                  <Unicode>das "neueste Kapitel" geht nicht vom KF, sondern vor</Unicode>
               </TextEquiv>
            </TextLine>
            <TextLine id="r_2_tl_32" custom="readingOrder {index:31;}">
               <Coords points="1660,2327 1914,2328 1943,2351 2055,2325 2424,2332 2424,2301 2385,2293 1660,2299"/>
               <Baseline points="1668,2323 1674,2322 1710,2319 1755,2322 1800,2319 1844,2319 1889,2319 1934,2319 1979,2319 2024,2316 2068,2316 2113,2316 2158,2316 2203,2316 2247,2316 2292,2316 2337,2316 2382,2316 2427,2316"/>
               <TextEquiv>
                  <Unicode>der Bau-Kooperative, der "HSB", aus. Bisher hat man</Unicode>
               </TextEquiv>
            </TextLine>
            <TextLine id="r_2_tl_33" custom="readingOrder {index:32;}">
               <Coords points="1660,2366 2418,2364 2418,2331 1660,2346"/>
               <Baseline points="1668,2363 1680,2361 1704,2358 1749,2358 1794,2358 1838,2358 1883,2358 1928,2355 1973,2358 2018,2355 2062,2355 2107,2355 2152,2355 2197,2355 2241,2355 2286,2355 2331,2355 2376,2355 2421,2355"/>
               <TextEquiv>
                  <Unicode>Apartementshäuser mit billigen Arbeiterwohnungen</Unicode>
               </TextEquiv>
            </TextLine>
            <TextLine id="r_2_tl_34" custom="readingOrder {index:33;}">
               <Coords points="1660,2410 2424,2403 2425,2373 1661,2381"/>
               <Baseline points="1668,2403 1671,2403 1710,2397 1755,2397 1800,2397 1844,2397 1889,2397 1934,2394 1979,2394 2024,2394 2068,2394 2113,2394 2158,2394 2203,2394 2247,2394 2292,2394 2337,2394 2382,2394 2427,2391"/>
               <TextEquiv>
                  <Unicode>gebaut. Ein "Kinderhotel" auch, wo berufstätige Eltern</Unicode>
               </TextEquiv>
            </TextLine>
            <TextLine id="r_2_tl_35" custom="readingOrder {index:34;}">
               <Coords points="1660,2450 2424,2441 2424,2410 2372,2402 1660,2410"/>
               <Baseline points="1668,2437 1674,2435 1710,2435 1755,2435 1800,2435 1844,2432 1889,2432 1934,2435 1979,2432 2024,2432 2068,2429 2113,2432 2158,2432 2203,2432 2247,2429 2292,2429 2337,2429 2382,2432 2427,2429"/>
               <TextEquiv>
                  <Unicode>ihre Kinder Tagsüber oder für längere Zeit in aus¬</Unicode>
               </TextEquiv>
            </TextLine>
            <TextLine id="r_2_tl_36" custom="readingOrder {index:35;}">
               <Coords points="1672,2492 2416,2487 2416,2447 1672,2450"/>
               <Baseline points="1680,2477 1701,2474 1746,2474 1791,2474 1835,2474 1880,2471 1925,2471 1970,2471 2015,2471 2059,2471 2104,2471 2149,2471 2194,2471 2238,2471 2283,2468 2328,2468 2373,2468 2418,2468"/>
               <TextEquiv>
                  <Unicode>gezeichneter Pflege lassen können, und wo Lehre¬</Unicode>
               </TextEquiv>
            </TextLine>
            <TextLine id="r_2_tl_37" custom="readingOrder {index:36;}">
               <Coords points="1660,2523 2437,2522 2421,2477 1660,2502"/>
               <Baseline points="1668,2517 1680,2513 1707,2513 1752,2513 1797,2513 1841,2510 1886,2510 1931,2510 1976,2510 2021,2510 2065,2510 2110,2510 2155,2507 2200,2507 2244,2507 2289,2507 2334,2507 2379,2507 2424,2510 2441,2506"/>
               <TextEquiv>
                  <Unicode>rinnen des "Sozialpädagogischen Instituts" sich mit</Unicode>
               </TextEquiv>
            </TextLine>
            <TextLine id="r_2_tl_38" custom="readingOrder {index:37;}">
               <Coords points="1660,2558 2437,2566 2429,2521 1660,2523"/>
               <Baseline points="1668,2554 1677,2552 1716,2552 1761,2549 1806,2549 1850,2549 1895,2549 1940,2549 1985,2546 2029,2549 2074,2549 2119,2546 2164,2546 2209,2546 2253,2546 2298,2546 2343,2546 2388,2546 2432,2546 2441,2543"/>
               <TextEquiv>
                  <Unicode>ihnen beschäftigen. In Zusammenarbeit mit dem Staat</Unicode>
               </TextEquiv>
            </TextLine>
            <TextLine id="r_2_tl_39" custom="readingOrder {index:38;}">
               <Coords points="1660,2604 2437,2597 2437,2566 2334,2558 1660,2564"/>
               <Baseline points="1668,2593 1677,2591 1710,2591 1755,2588 1800,2588 1844,2588 1889,2588 1934,2585 1979,2585 2024,2585 2068,2585 2113,2585 2158,2585 2203,2585 2247,2585 2292,2585 2337,2585 2382,2585 2427,2582 2441,2580"/>
               <TextEquiv>
                  <Unicode>hat "HSB" ferner Wohnblöcke errichtet, wo nur kinder¬</Unicode>
               </TextEquiv>
            </TextLine>
            <TextLine id="r_2_tl_40" custom="readingOrder {index:39;}">
               <Coords points="1660,2638 2437,2629 2392,2595 1660,2622"/>
               <Baseline points="1668,2632 1677,2630 1704,2630 1749,2627 1794,2627 1838,2627 1883,2624 1928,2624 1973,2624 2018,2624 2062,2624 2107,2624 2152,2624 2197,2624 2241,2621 2286,2621 2331,2624 2376,2621 2421,2621 2441,2617"/>
               <TextEquiv>
                  <Unicode>reiche Familien Wohnungen bekommen. Dies aus der</Unicode>
               </TextEquiv>
            </TextLine>
            <TextLine id="r_2_tl_41" custom="readingOrder {index:40;}">
               <Coords points="1660,2686 2437,2674 2375,2622 2305,2649 1660,2651"/>
               <Baseline points="1668,2670 1677,2668 1716,2665 1761,2662 1806,2665 1850,2662 1895,2662 1940,2662 1985,2662 2029,2662 2074,2662 2119,2662 2164,2662 2209,2662 2253,2659 2298,2659 2343,2656 2388,2659 2432,2659 2441,2658"/>
               <TextEquiv>
                  <Unicode>wichtigen Erkenntnis heraus, daß Familien mit vielen</Unicode>
               </TextEquiv>
            </TextLine>
            <TextLine id="r_2_tl_42" custom="readingOrder {index:41;}">
               <Coords points="1660,2711 2421,2717 2421,2685 2323,2668 1660,2686"/>
               <Baseline points="1668,2705 1680,2701 1707,2704 1752,2701 1797,2701 1841,2701 1886,2701 1931,2701 1976,2701 2021,2698 2065,2698 2110,2698 2155,2698 2200,2695 2244,2698 2289,2695 2334,2698 2379,2698 2424,2698"/>
               <TextEquiv>
                  <Unicode>Kindern entweder unverhältnismähig viel für ihre</Unicode>
               </TextEquiv>
            </TextLine>
            <TextLine id="r_2_tl_43" custom="readingOrder {index:42;}">
               <Coords points="1660,2748 2437,2754 2429,2712 1660,2711"/>
               <Baseline points="1668,2744 1683,2740 1686,2740 1731,2740 1776,2740 1821,2740 1865,2740 1910,2737 1955,2737 2000,2737 2044,2737 2089,2737 2134,2734 2179,2737 2224,2737 2268,2734 2313,2737 2358,2734 2403,2737 2441,2737"/>
               <TextEquiv>
                  <Unicode>Wohnung ausgeben müssen oder aber eng und</Unicode>
               </TextEquiv>
            </TextLine>
            <TextLine id="r_2_tl_44" custom="readingOrder {index:43;}">
               <Coords points="1660,2786 2437,2779 2388,2745 1660,2761"/>
               <Baseline points="1668,2781 1677,2779 1710,2779 1755,2779 1800,2776 1844,2779 1889,2776 1934,2776 1979,2776 2024,2776 2068,2776 2113,2776 2158,2776 2203,2773 2247,2773 2292,2773 2337,2776 2382,2773 2427,2773 2441,2773"/>
               <TextEquiv>
                  <Unicode>schlecht wohnen und so unter ihr soziales Niveau ge¬</Unicode>
               </TextEquiv>
            </TextLine>
            <TextLine id="r_2_tl_45" custom="readingOrder {index:44;}">
               <Coords points="1660,2823 2439,2819 2413,2783 1661,2784"/>
               <Baseline points="1668,2820 1677,2818 1695,2818 1740,2818 1785,2818 1829,2815 1874,2815 1919,2815 1964,2815 2009,2815 2053,2815 2098,2812 2143,2812 2188,2812 2232,2812 2277,2812 2322,2812 2367,2812 2412,2812 2441,2814"/>
               <TextEquiv>
                  <Unicode>drückt werden. In den speziellen Apartementshäusern</Unicode>
               </TextEquiv>
            </TextLine>
            <TextLine id="r_2_tl_46" custom="readingOrder {index:45;}">
               <Coords points="1660,2862 2431,2866 2431,2831 2385,2824 1660,2821"/>
               <Baseline points="1668,2858 1677,2856 1716,2856 1761,2853 1806,2853 1850,2853 1895,2853 1940,2853 1985,2853 2029,2853 2074,2853 2119,2850 2164,2850 2209,2850 2253,2850 2298,2850 2343,2850 2388,2850 2432,2850"/>
               <TextEquiv>
                  <Unicode>der "HSB" bekommen sie zu einem ihrem Einkommen</Unicode>
               </TextEquiv>
            </TextLine>
            <TextLine id="r_2_tl_47" custom="readingOrder {index:46;}">
               <Coords points="1660,2909 2437,2906 2437,2866 1660,2879"/>
               <Baseline points="1668,2897 1677,2895 1716,2895 1761,2895 1806,2895 1850,2892 1895,2889 1940,2892 1985,2889 2029,2889 2074,2889 2119,2889 2164,2889 2209,2889 2253,2889 2298,2889 2343,2886 2388,2889 2432,2889 2441,2895"/>
               <TextEquiv>
                  <Unicode>angemessenen Mietspreis eine der Zahl der Kinder</Unicode>
               </TextEquiv>
            </TextLine>
            <TextLine id="r_2_tl_48" custom="readingOrder {index:47;}">
               <Coords points="1660,2943 1737,2954 1891,2940 1956,2958 1991,2933 2021,2940 2021,2920 1995,2911 1929,2918 1896,2898 1854,2910 1749,2903 1724,2918 1660,2909"/>
               <Baseline points="1668,2936 1677,2934 1722,2934 1767,2931 1812,2931 1856,2931 1901,2931 1946,2931 1991,2934 2024,2934"/>
               <TextEquiv>
                  <Unicode>angepaßte Wohnung.</Unicode>
               </TextEquiv>
            </TextLine>
            <TextLine id="r_2_tl_49" custom="readingOrder {index:48;}">
               <Coords points="1712,2980 1762,3003 2437,2987 2437,2948 2191,2928 2116,2961 1712,2959"/>
               <Baseline points="1719,2979 1746,2979 1791,2976 1835,2976 1880,2979 1925,2976 1970,2976 2015,2973 2059,2976 2104,2973 2149,2973 2194,2973 2238,2973 2283,2973 2328,2973 2373,2973 2418,2970 2441,2972"/>
               <TextEquiv>
                  <Unicode>Die Schweden leben aber gern auf dem Land —</Unicode>
               </TextEquiv>
            </TextLine>
            <TextLine id="r_2_tl_50" custom="readingOrder {index:49;}">
               <Coords points="1672,3032 2437,3032 2437,2984 1672,3002"/>
               <Baseline points="1680,3018 1707,3018 1752,3018 1797,3015 1841,3015 1886,3015 1931,3015 1976,3015 2021,3015 2065,3015 2110,3012 2155,3012 2200,3012 2244,3012 2289,3012 2334,3012 2379,3012 2424,3009 2441,3011"/>
               <TextEquiv>
                  <Unicode>während des kurzen Sommers findet man überall Zelt¬</Unicode>
               </TextEquiv>
            </TextLine>
            <TextLine id="r_2_tl_51" custom="readingOrder {index:50;}">
               <Coords points="1660,3064 2437,3067 2414,3024 1660,3029"/>
               <Baseline points="1668,3058 1683,3056 1686,3056 1731,3056 1776,3053 1821,3053 1865,3053 1910,3053 1955,3053 2000,3053 2044,3050 2089,3050 2134,3050 2179,3050 2224,3050 2268,3050 2313,3050 2358,3050 2403,3050 2441,3048"/>
               <TextEquiv>
                  <Unicode>lager oder Kolonien winziger Ferienhäuschen. Da kam</Unicode>
               </TextEquiv>
            </TextLine>
            <TextLine id="r_2_tl_52" custom="readingOrder {index:51;}">
               <Coords points="1660,3105 2437,3100 2387,3062 1660,3069"/>
               <Baseline points="1668,3095 1677,3095 1710,3092 1755,3092 1800,3092 1844,3092 1889,3092 1934,3092 1979,3092 2024,3092 2068,3089 2113,3089 2158,3089 2203,3089 2247,3089 2292,3086 2337,3086 2382,3089 2427,3089 2441,3089"/>
               <TextEquiv>
                  <Unicode>"HSB" auf den Gedanken, draußen in den Vororten,</Unicode>
               </TextEquiv>
            </TextLine>
            <TextLine id="r_2_tl_53" custom="readingOrder {index:52;}">
               <Coords points="1660,3155 2437,3144 2437,3112 2377,3093 1910,3122 1660,3105"/>
               <Baseline points="1668,3135 1677,3134 1710,3131 1755,3134 1800,3131 1844,3131 1889,3131 1934,3131 1979,3128 2024,3128 2068,3128 2113,3128 2158,3128 2203,3128 2247,3125 2292,3125 2337,3125 2382,3125 2427,3125 2441,3125"/>
               <TextEquiv>
                  <Unicode>in den Wäldern, auf den Schäreninseln, Grundstücke</Unicode>
               </TextEquiv>
            </TextLine>
            <TextLine id="r_2_tl_54" custom="readingOrder {index:53;}">
               <Coords points="1675,3194 2439,3171 2406,3136 1675,3159"/>
               <Baseline points="1683,3173 1704,3170 1749,3170 1794,3170 1838,3170 1883,3170 1928,3170 1973,3167 2018,3167 2062,3167 2107,3167 2152,3164 2197,3167 2241,3164 2286,3164 2331,3164 2376,3164 2421,3164 2441,3162"/>
               <TextEquiv>
                  <Unicode>zu erwerben und nach amerikanischem Muster "Haus¬</Unicode>
               </TextEquiv>
            </TextLine>
            <TextLine id="r_2_tl_55" custom="readingOrder {index:54;}">
               <Coords points="1660,3231 2428,3219 2439,3190 1925,3171 1661,3198"/>
               <Baseline points="1668,3209 1677,3209 1680,3209 1725,3209 1770,3209 1815,3209 1859,3209 1904,3206 1949,3206 1994,3206 2038,3206 2083,3206 2128,3206 2173,3203 2218,3203 2262,3203 2307,3203 2352,3203 2397,3203 2441,3203"/>
               <TextEquiv>
                  <Unicode>modelle" fabrikmäßig herzustellen, deren Bestandteile</Unicode>
               </TextEquiv>
            </TextLine>
            <TextLine id="r_2_tl_56" custom="readingOrder {index:55;}">
               <Coords points="1660,3265 2437,3248 2437,3222 1660,3234"/>
               <Baseline points="1668,3248 1677,3247 1713,3247 1758,3247 1803,3247 1847,3247 1892,3244 1937,3244 1982,3241 2026,3244 2071,3241 2116,3241 2161,3241 2206,3241 2250,3241 2295,3241 2340,3241 2385,3241 2429,3241 2441,3241"/>
               <TextEquiv>
                  <Unicode>man dann nur an Ort und Stelle wie aus dem Bau¬</Unicode>
               </TextEquiv>
            </TextLine>
            <TextLine id="r_2_tl_57" custom="readingOrder {index:56;}">
               <Coords points="1660,3302 2437,3289 2437,3257 1660,3264"/>
               <Baseline points="1668,3286 1677,3286 1722,3283 1767,3283 1812,3286 1856,3283 1901,3283 1946,3283 1991,3283 2035,3280 2080,3280 2125,3280 2170,3280 2215,3280 2259,3280 2304,3277 2349,3277 2394,3280 2438,3277 2441,3278"/>
               <TextEquiv>
                  <Unicode>kasten zusammenzufügen braucht. Grundstücke und</Unicode>
               </TextEquiv>
            </TextLine>
            <TextLine id="r_2_tl_58" custom="readingOrder {index:57;}">
               <Coords points="1679,3346 2377,3350 2437,3343 2439,3294 1680,3304"/>
               <Baseline points="1686,3322 1713,3325 1758,3322 1803,3325 1847,3322 1892,3322 1937,3322 1982,3322 2026,3319 2071,3319 2116,3319 2161,3319 2206,3319 2250,3319 2295,3316 2340,3316 2385,3316 2429,3316 2441,3316"/>
               <TextEquiv>
                  <Unicode>"Fertighäuser" werden billig an die Ko-op-Mitglieder</Unicode>
               </TextEquiv>
            </TextLine>
            <TextEquiv>
               <Unicode/>
            </TextEquiv>
         </TextRegion>
         <TextRegion id="r_6" custom="readingOrder {index:4;}">
            <Coords points="2450,2479 3237,2479 3237,3338 2450,3338"/>
            <TextLine id="r_6_tl_1" custom="readingOrder {index:0;}">
               <Coords points="2443,2518 3193,2517 3194,2444 3043,2480 2444,2476"/>
               <Baseline points="2450,2504 2450,2504 2480,2501 2525,2501 2570,2501 2615,2501 2659,2501 2704,2498 2749,2498 2794,2498 2838,2498 2883,2498 2928,2498 2973,2498 3018,2495 3062,2495 3107,2495 3152,2495 3197,2495"/>
               <TextEquiv>
                  <Unicode>abgegeben, die draußen wohnen möchten. Auf jeder</Unicode>
               </TextEquiv>
            </TextLine>
            <TextLine id="r_6_tl_2" custom="readingOrder {index:1;}">
               <Coords points="2443,2547 3197,2556 3179,2508 2443,2521"/>
               <Baseline points="2450,2540 2483,2540 2528,2540 2573,2537 2618,2540 2662,2537 2707,2537 2752,2537 2797,2537 2841,2537 2886,2537 2931,2537 2976,2534 3021,2537 3065,2537 3110,2534 3155,2534 3200,2537"/>
               <TextEquiv>
                  <Unicode>solchen Kolonie gibt es eine Ko-op-Beratungsstelle</Unicode>
               </TextEquiv>
            </TextLine>
            <TextLine id="r_6_tl_3" custom="readingOrder {index:2;}">
               <Coords points="2443,2582 2623,2603 3197,2581 3178,2549 2443,2552"/>
               <Baseline points="2450,2579 2453,2579 2483,2579 2528,2579 2573,2579 2618,2576 2662,2576 2707,2576 2752,2576 2797,2576 2841,2573 2886,2573 2931,2573 2976,2573 3021,2573 3065,2573 3110,2573 3155,2573 3200,2576"/>
               <TextEquiv>
                  <Unicode>Ingenieure und Architekten, die den Siedlern helfen.</Unicode>
               </TextEquiv>
            </TextLine>
            <TextLine id="r_6_tl_4" custom="readingOrder {index:3;}">
               <Coords points="2443,2618 2615,2640 3197,2618 3197,2581 2443,2593"/>
               <Baseline points="2450,2615 2453,2615 2483,2615 2528,2615 2573,2615 2618,2615 2662,2615 2707,2612 2752,2615 2797,2615 2841,2612 2886,2615 2931,2612 2976,2612 3021,2612 3065,2612 3110,2612 3155,2609 3200,2609"/>
               <TextEquiv>
                  <Unicode>Und so ist es möglich, daß eine Arbeiterfamilie sich</Unicode>
               </TextEquiv>
            </TextLine>
            <TextLine id="r_6_tl_6" custom="readingOrder {index:4;}">
               <Coords points="2443,2663 2498,2676 2582,2661 2626,2672 2659,2660 2682,2674 2719,2661 2812,2663 2812,2635 2793,2644 2752,2626 2659,2640 2443,2631"/>
               <Baseline points="2450,2657 2453,2656 2456,2656 2501,2653 2546,2653 2591,2653 2635,2650 2680,2650 2725,2653 2770,2653 2815,2653"/>
               <TextEquiv>
                  <Unicode>ihr eigenes Haus baut...</Unicode>
               </TextEquiv>
            </TextLine>
            <TextLine id="r_6_tl_7" custom="readingOrder {index:5;}">
               <Coords points="2488,2707 3200,2709 3200,2681 3140,2642 2898,2633 2700,2674 2488,2670"/>
               <Baseline points="2495,2698 2531,2698 2576,2698 2621,2698 2665,2695 2710,2695 2755,2695 2800,2695 2844,2695 2889,2695 2934,2692 2979,2692 3024,2692 3068,2692 3113,2692 3158,2695 3203,2695"/>
               <TextEquiv>
                  <Unicode>"Jetzt muß ich aber wirklich dort unten helfen",</Unicode>
               </TextEquiv>
            </TextLine>
            <TextLine id="r_6_tl_8" custom="readingOrder {index:6;}">
               <Coords points="2443,2743 3127,2750 3204,2743 3205,2713 2444,2701"/>
               <Baseline points="2450,2737 2492,2737 2537,2734 2582,2737 2627,2737 2671,2734 2716,2734 2761,2734 2806,2734 2850,2734 2895,2734 2940,2734 2985,2734 3030,2731 3074,2731 3119,2731 3164,2731 3209,2731"/>
               <TextEquiv>
                  <Unicode>meint der Junge, springt auf und schüttelt mir die</Unicode>
               </TextEquiv>
            </TextLine>
            <TextLine id="r_6_tl_9" custom="readingOrder {index:7;}">
               <Coords points="2443,2784 3207,2784 3193,2739 2444,2748"/>
               <Baseline points="2450,2773 2453,2773 2498,2776 2543,2773 2588,2773 2632,2773 2677,2770 2722,2770 2767,2773 2812,2773 2856,2770 2901,2770 2946,2773 2991,2770 3036,2770 3080,2770 3125,2773 3170,2773 3209,2776"/>
               <TextEquiv>
                  <Unicode>Hand. "Vielleicht besuchen Sie uns wieder einmal,</Unicode>
               </TextEquiv>
            </TextLine>
            <TextLine id="r_6_tl_10" custom="readingOrder {index:8;}">
               <Coords points="2443,2820 2525,2836 2592,2819 2648,2832 2679,2817 2855,2823 2855,2794 2805,2783 2776,2797 2719,2783 2443,2784"/>
               <Baseline points="2450,2814 2456,2815 2501,2812 2546,2812 2591,2809 2635,2812 2680,2809 2725,2812 2770,2809 2815,2812 2859,2809"/>
               <TextEquiv>
                  <Unicode>wenn der erste Stock steht.“</Unicode>
               </TextEquiv>
            </TextLine>
            <TextLine id="r_6_tl_11" custom="readingOrder {index:9;}">
               <Coords points="2488,2872 3204,2868 3204,2834 3142,2817 3044,2839 2488,2838"/>
               <Baseline points="2495,2856 2534,2856 2579,2856 2624,2856 2668,2856 2713,2856 2758,2853 2803,2856 2847,2856 2892,2856 2937,2853 2982,2856 3027,2853 3071,2856 3116,2853 3161,2856 3206,2853"/>
               <TextEquiv>
                  <Unicode>Auf dem Heimweg komme ich an mindestens einem</Unicode>
               </TextEquiv>
            </TextLine>
            <TextLine id="r_6_tl_12" custom="readingOrder {index:10;}">
               <Coords points="2443,2907 3207,2907 3194,2868 2443,2861"/>
               <Baseline points="2450,2895 2492,2895 2537,2895 2582,2895 2627,2895 2671,2895 2716,2892 2761,2895 2806,2895 2850,2895 2895,2895 2940,2895 2985,2892 3030,2892 3074,2892 3119,2892 3164,2892 3209,2892"/>
               <TextEquiv>
                  <Unicode>Dutzend ähnlicher Baustellen vorbei. Da arbeitet ein</Unicode>
               </TextEquiv>
            </TextLine>
            <TextLine id="r_6_tl_13" custom="readingOrder {index:11;}">
               <Coords points="2448,2955 3205,2954 3197,2903 2448,2918"/>
               <Baseline points="2456,2937 2492,2934 2537,2934 2582,2934 2627,2934 2671,2931 2716,2931 2761,2931 2806,2931 2850,2931 2895,2931 2940,2931 2985,2931 3030,2931 3074,2931 3119,2931 3164,2931 3209,2931"/>
               <TextEquiv>
                  <Unicode>Lehrer gemeinsam mit seiner jungen Frau, dort ein</Unicode>
               </TextEquiv>
            </TextLine>
            <TextLine id="r_6_tl_14" custom="readingOrder {index:12;}">
               <Coords points="2443,2985 3207,2987 3207,2955 2443,2958"/>
               <Baseline points="2450,2972 2453,2973 2492,2973 2537,2973 2582,2973 2627,2970 2671,2970 2716,2970 2761,2970 2806,2970 2850,2970 2895,2970 2940,2970 2985,2970 3030,2970 3074,2970 3119,2970 3164,2970 3209,2970"/>
               <TextEquiv>
                  <Unicode>Büroangestellter, ganz allein — es ist schon ein älterer</Unicode>
               </TextEquiv>
            </TextLine>
            <TextLine id="r_6_tl_15" custom="readingOrder {index:13;}">
               <Coords points="2443,3022 3202,3014 3202,2989 2443,2996"/>
               <Baseline points="2450,3012 2489,3012 2534,3012 2579,3009 2624,3009 2668,3009 2713,3009 2758,3009 2803,3009 2847,3009 2892,3009 2937,3009 2982,3009 3027,3009 3071,3009 3116,3009 3161,3009 3206,3006"/>
               <TextEquiv>
                  <Unicode>Mann —, und neben ihm, am "Nachbarhaus", hämmert</Unicode>
               </TextEquiv>
            </TextLine>
            <TextLine id="r_6_tl_16" custom="readingOrder {index:14;}">
               <Coords points="2443,3054 3207,3059 3194,3014 2443,3024"/>
               <Baseline points="2450,3047 2492,3047 2537,3047 2582,3047 2627,3047 2671,3047 2716,3047 2761,3047 2806,3044 2850,3044 2895,3044 2940,3047 2985,3047 3030,3044 3074,3047 3119,3044 3164,3044 3209,3044"/>
               <TextEquiv>
                  <Unicode>und klopft eine ganze Geschwisterschar, während im</Unicode>
               </TextEquiv>
            </TextLine>
            <TextLine id="r_6_tl_17" custom="readingOrder {index:15;}">
               <Coords points="2443,3108 3202,3103 3202,3062 3155,3059 2443,3059"/>
               <Baseline points="2450,3089 2453,3089 2489,3086 2534,3086 2579,3083 2624,3086 2668,3086 2713,3083 2758,3086 2803,3083 2847,3083 2892,3083 2937,3083 2982,3083 3027,3083 3071,3083 3116,3083 3161,3083 3206,3086"/>
               <TextEquiv>
                  <Unicode>Zelt die Mutter schon die Schlafdecken ausbreitet,</Unicode>
               </TextEquiv>
            </TextLine>
            <TextLine id="r_6_tl_18" custom="readingOrder {index:16;}">
               <Coords points="2443,3126 3208,3138 3208,3104 3110,3092 2443,3110"/>
               <Baseline points="2450,3125 2450,3125 2495,3125 2540,3122 2585,3122 2630,3122 2674,3122 2719,3122 2764,3122 2809,3122 2853,3122 2898,3122 2943,3122 2988,3122 3033,3122 3077,3122 3122,3122 3167,3122 3212,3122"/>
               <TextEquiv>
                  <Unicode>denn es ist spät geworden. Und während ich über</Unicode>
               </TextEquiv>
            </TextLine>
            <TextLine id="r_6_tl_19" custom="readingOrder {index:17;}">
               <Coords points="2443,3178 3207,3172 3207,3137 2443,3141"/>
               <Baseline points="2450,3161 2453,3161 2498,3164 2543,3161 2588,3161 2632,3161 2677,3161 2722,3161 2767,3161 2812,3161 2856,3161 2901,3161 2946,3161 2991,3161 3036,3161 3080,3158 3125,3161 3170,3158 3209,3161"/>
               <TextEquiv>
                  <Unicode>das Wort des jungen Arbeiters vom "praktischen So¬</Unicode>
               </TextEquiv>
            </TextLine>
            <TextLine id="r_6_tl_20" custom="readingOrder {index:18;}">
               <Coords points="2443,3212 3207,3208 3181,3171 2443,3178"/>
               <Baseline points="2450,3203 2492,3200 2537,3200 2582,3200 2627,3200 2671,3197 2716,3200 2761,3200 2806,3197 2850,3200 2895,3200 2940,3200 2985,3197 3030,3200 3074,3200 3119,3197 3164,3200 3209,3197"/>
               <TextEquiv>
                  <Unicode>zialismus der Ko-ops" nachdenke, begleitet mich</Unicode>
               </TextEquiv>
            </TextLine>
            <TextLine id="r_6_tl_21" custom="readingOrder {index:19;}">
               <Coords points="2443,3243 3208,3250 3208,3213 2443,3218"/>
               <Baseline points="2450,3241 2453,3241 2495,3239 2540,3239 2585,3239 2630,3239 2674,3236 2719,3239 2764,3236 2809,3236 2853,3236 2898,3236 2943,3236 2988,3236 3033,3239 3077,3239 3122,3239 3167,3239 3212,3236"/>
               <TextEquiv>
                  <Unicode>noch lange das emsige Geräusch von Hämmern und</Unicode>
               </TextEquiv>
            </TextLine>
            <TextLine id="r_6_tl_22" custom="readingOrder {index:20;}">
               <Coords points="2443,3286 2685,3283 2741,3310 3074,3283 3197,3308 3197,3246 2443,3260"/>
               <Baseline points="2450,3280 2483,3277 2528,3277 2573,3277 2618,3277 2662,3277 2707,3277 2752,3277 2797,3274 2841,3274 2886,3274 2931,3274 2976,3274 3021,3274 3065,3274 3110,3274 3155,3274 3200,3274"/>
               <TextEquiv>
                  <Unicode>Schaufeln und macht die helle Sommernacht le¬</Unicode>
               </TextEquiv>
            </TextLine>
            <TextLine id="r_6_tl_24" custom="readingOrder {index:21;}">
               <Coords points="2443,3332 2474,3330 2502,3343 2523,3330 2536,3340 2544,3336 2555,3342 2605,3328 2605,3308 2569,3308 2537,3287 2508,3301 2498,3295 2485,3302 2443,3286"/>
               <Baseline points="2450,3316 2474,3316 2519,3316 2564,3316 2609,3316"/>
               <TextEquiv>
                  <Unicode>bendig ...</Unicode>
               </TextEquiv>
            </TextLine>
            <TextLine id="r_6_tl_23" custom="readingOrder {index:22;}">
               <Coords points="2876,3342 2924,3338 2950,3320 3002,3340 3029,3324 3089,3331 3100,3321 3172,3340 3172,3279 3149,3295 3077,3287 3033,3301 2950,3290 2920,3302 2896,3284 2876,3286"/>
               <Baseline points="2883,3316 2907,3313 2952,3313 2997,3313 3041,3313 3086,3313 3131,3313 3176,3313"/>
               <TextEquiv>
                  <Unicode>Dr. Annemarie Clark.</Unicode>
               </TextEquiv>
            </TextLine>
            <TextEquiv>
               <Unicode/>
            </TextEquiv>
         </TextRegion>
      </Page>
   </PcGts>
</validation-wrapper>
