4298 7036
471 4595 1045 4673 Unbekanntes Washington
477 4652 1032 4724 Von \g\Dr. Annemarie Clark\:g\
352 4705 1212 4767 \p\Washington ist keine Großstadt, sie hat nichts
297 4757 1196 4797 von der atemraubenden und manchmal beklemmenden,
301 4793 1213 4841 gigantisch–bewegten Monumentalität New Yorks, und
303 4824 1212 4868 sie hat keine Aehnlichkeit mit den großen, ameri¬
297 4867 1212 4908 kanischen Städten, deren "Mainstreet" mit Bankhaus,
297 4893 1212 4943 Lichtreklame, verstreuten Wolkenkratzern und Waren¬
296 4927 1212 4980 häusern ein Symbol provinzieller und seelenloser Oede
297 4967 1212 5012 geworden ist. Washington ist überhaupt nicht typisch,
297 5003 1212 5048 sondern ein Einzelfall: die Kapitale der Vereinigten
303 5035 1212 5087 Staaten. Die Fremden kommen hin, um das Kapi¬
303 5079 1213 5118 tol zu sehen, das in klassischer Weiße und strahlender
297 5110 1212 5153 Reinheit inmitten der weitausgebreiteten Stadt thront,
297 5143 1212 5187 und von dessen rundem Platz aus die großen, brei¬
297 5181 1212 5217 ten Avenuen sternförmig ausstrahlen, – das gleiche
297 5216 1212 5254 Bild wiederholt sich in einer Reihe kleinerer Rasen-
297 5250 1212 5293 Zirkel, wo in frühern, bewegten Zeiten Kanonen auf¬
301 5289 1212 5330 gestellt wurden, während heute Negerburschen auf
303 5327 1212 5366 Rollschuhen um ein Reiterstandbild kreisen, und eine
297 5366 1212 5397 Flut von Automobilen sich unaufhörlich in die Stra¬
301 5400 1213 5446 ßen ergießt und wieder in den «Circle» mündet. Nir¬
297 5439 1212 5482 gends gibt es soviele Automobile wie in Washington,
303 5473 1212 5510 nirgends sind sie notwendiger, nirgends ist soviel Raum
297 5502 1211 5543 für sie vorhanden: denn die Großzügigkeit, die Raum¬
310 5537 1212 5581 verschwendung dieser sinn und planvoll angelegten
307 5571 1212 5614 Stadt ist erstaunlich, – fast ist es eine "Gartenstadt",
297 5608 1203 5646 in ihrem engern Umkreis befinden sich Rock Creek,
303 5638 1212 5687 Anacostia und Potomac–Park, Tennis–, Golf– und
313 5682 1212 5730 Poloplätze, und in ihrem Zentrum, in gerader Linie
303 5715 1213 5759 vom Kapitol zum schlanken Obelisk des Washington–
307 5750 1212 5791 Monument, und vom Obelisk zum griechischen Tempel
303 5791 1212 5834 des Lincoln–Memorial, zieht sich eine breite spiegelnde
303 5822 1212 5865 Wasserbahn, gesäumt von breiten Rasenbänken, im
307 5859 1212 5915 Sommer von Ruderbooten bevölkert, im Winter ein
307 5894 707 5943 großartiger Eislaufplatz.\:p\
363 5928 1213 5977 \p\Das ist das offizielle Washington, eine Stadt, in
310 5966 1212 6005 der Diplomaten, Regierungsbeamte, und die neun
303 6005 1213 6057 greisen Richter des Obersten Gerichtshofs wohnen,
1235 4574 2137 4628 und außerdem der Präsident im Weißen Haus, dessen
1235 4615 2137 4657 Garten in einen öffentlichen Park übergeht, wo Sonn¬
1235 4650 2138 4691 tags die Burschen Fußball spielen und die Familien
1237 4687 2137 4731 sich auf dem Rasen zum Picknick niederlassen. – Die
1235 4714 2137 4760 Damen von Washington fahren, wenn die Saison be¬
1234 4757 2137 4798 ginnt, nach New York, um Kleider zu kaufen, Aus¬
1235 4791 2137 4840 stellungen und ein paar neue Theaterstücke zu sehen,
1235 4829 2137 4868 und um sich einmal richtig großstädtisch zu amüsieren.
1235 4864 2137 4904 All das kann man in Washington offenbar nicht tun.
1235 4892 2137 4940 Die Journalisten, die manchmal in der Kapitale zu
1235 4934 2137 4977 tun haben, langweilen sich abends schrecklich, und seh–
1235 4973 2137 5010 nen sich nach New York zurück, – aber auch Phila¬
1235 5006 2137 5046 delphia oder sogar Baltimore ist ihnen lieber als das
1235 5037 2137 5085 offizielle Washington. Keine netten Nightclubs, keine
1235 5081 2137 5121 gute Tanzmusik, und um elf Uhr ist es still in den
1235 5113 2137 5150 Straßen ... Ein wenig anders denken die «New
1235 5149 2137 5187 Dealers», die tausend jungen Leute, die in den Ver¬
1235 5184 2137 5227 waltungsbureaus des New Deal[antiqua], Roosevelts großem
1235 5219 2137 5257 Wiederaufbau–Plan, Arbeit gefunden haben. Für sie
1235 5257 2137 5293 ist Washington wirklich die Kapitale, das Zentrum
1235 5285 2119 5329 des neuen Amerika, wo für eine bessere Zukunft ge¬
1235 5324 2137 5371 plant und gearbeitet wird. Diese Leute langweilen sich
1235 5360 2137 5404 nicht, – sie haben auch gar keine Zeit dazu, und sie
1235 5395 2137 5441 interessieren sich glühend für Politik, Wirtschaft, soziale
1235 5433 2122 5474 Fragen, für moderne Kunst, für die neue „amerika¬
1235 5466 2137 5509 nische" Kultur, für Fresken, künstlerischen Film, Archi¬
1235 5506 2137 5547 tektur, – dies alles bezogen auf das New Deal[Antiqua], dies
1235 5536 2137 5580 alles zusammen eine Art von unblutiger Revolution,
1235 5576 1814 5614 von Aufbruch und Zukunftswillen.\:p\
1283 5606 2138 5653 \p\Die "New Dealer"[Antiqua] haben das Gesicht von Washing¬
1235 5643 2137 5684 ton verändert, – für sie waren Tanzlokale und feine
1235 5680 2138 5719 Nachtklubs nicht nötig, wohl aber eine Anzahl billiger
1235 5718 2137 5755 Restaurants, und sie vermissen kein großstädtisches
1235 5754 2137 5793 Nachtleben, sondern planen dafür ein "Washington
1235 5789 2137 5829 Civic Theatre"[antiqua], ein "ziviles" Theater, zu eröffnen, wo
1235 5830 2137 5867 man statt New York-Broadway-Erfolgsstücke gutes,
1235 5860 2137 5900 modernes Schauspiel geben wird. Und sie wollen ein
1237 5893 2137 5933 eigenes Kino haben, um an Stelle mäßiger und jeden¬
1235 5932 2129 5976 falls uninteressanter Filme Marke Hollywood neue
1235 5966 2137 6010 Propagandafilme, russische Filme, künstlerisch und so¬
1235 6003 1880 6048 zial wertvolle Filme sehen zu können.\:p\
2211 4573 3081 4620 \p\Selbst die Diplomaten, einstmals Washingtons
2153 4614 3081 4651 Tonangeber, sind vom Heer der jungen Anhänger
2153 4645 3081 4696 Roosevelts besiegt und in den Hintergrund gedrängt
2153 4686 3081 4731 worden. Und statt in den breiten, grüngebetteten
2153 4721 3081 4756 Avenuen der Gesandtschaftsviertel wohnen diese jun¬
2153 4752 3081 4802 gen Leute in "Georgetown", dem ältesten Teil von
2153 4791 3081 4835 Washington, wo es auch viel Grün, und eine Unzahl
2153 4830 3081 4873 winziger, weißgemalter, schon etwas baufälliger Häus¬
2153 4866 3081 4901 chen mit kleinen Gärten, alten Ziegelsteinmauern und
2153 4903 3081 4940 malerischen Höfen gibt. Georgetown ist vor langer
2153 4940 3081 4980 Zeit von den weißen Hausbesitzern verlassen worden,
2153 4969 3081 5020 die Neger rückten nach, und bewohnten mit ihren Kin¬
2153 5009 3081 5057 derscharen sorglos und schlampig die kleinen, nie¬
2153 5046 3081 5086 drigen, stilvollen Zimmer aus der Kolonialzeit. Dann
2153 5080 3081 5120 wurden ihnen die Häuser wieder abgekauft, man strich
2153 5117 3081 5158 die Wände, baute die Kamine aus Backstein wieder
2153 5159 3081 5199 auf, brachte alte, amerikanische Möbel, Sessel, Schreib¬
2153 5184 3081 5228 tische, Bilder und allerhand kupfernes und hölzernes
2153 5226 3081 5256 Museumsgerät herbei, und ließ nur den wildwuchern¬
2153 5253 3081 5301 den Garten in Frieden. Jetzt wohnen Neger und
2161 5286 3081 5333 Weiße friedlich nebeneinander, und wenn man abends
2153 5330 3081 5374 vom Bureau zurückkommt und durch die Straßen des
2153 5372 3081 5414 alten Georgetown fährt, sitzen die Schwarzen auf
2153 5399 2725 5453 ihren Türschwellen und singen ...\:p\
2207 5424 3023 5476 \p\Da empfindet man plötzlich, daß Washington, –
2153 5472 3060 5519 dessen Avenuen, Monumente, Regierungsgebäude und
2153 5507 3081 5548 Rasenplätze überall hätten errichtet und angelegt wer¬
2153 5550 3081 5590 den könen, – daß diese "offizielle" Stadt schon eine
2161 5573 3081 5612 Stadt des Südens ist, in deren lauer,  feuchtheißer
2153 5609 3081 5657 Luft die Weißen an Fieber und Schwäche zugrunde
2153 5656 3081 5695 gingen, die Neger aber sich wohl und zu Hause fühl¬
2153 5689 3081 5728 ten. Noch im September ist die Hitze drückend, die
2153 5722 3081 5770 Luft erschlaffend, und die Feuchtigkeit rollt das Pa¬
2153 5756 3081 5797 pier zusammen, das man auf dem Schreibtisch liegen
2153 5797 3081 5851 ließ. Und gerade im September, wenn drüben in
2153 5829 3081 5870 Europa der Herbst beginnt, bricht hier der "India¬
2153 5867 3081 5903 nische Sommer" aus, dringt wie Fieber in die über¬
2153 5902 3081 5938 reizten Nerven, bringt lange, schwüle Nächte, und der
2178 5935 2468 5980 Himmel bleibt hell.\:p\
2207 5969 3081 6018 \p\Jetzt ist die Zeit, um Washingtons heimliche Natur
2153 6003 3082 6065 zu entdecken, sich an die breiten Sümpfe zu erinnern,
3091 4577 3995 4617 die ihren schweren und gifitigen Atem unterirdisch ver¬
3091 4616 3986 4653 strömen, jetzt ist die Zeit der Abende am Ufer des
3091 4654 4001 4695 breiten, langsamen, majestätisch glänzenden Potomac¬
3091 4684 3998 4726 stroms, dessen Name indianisch ist, und der Nächte auf
3091 4719 3929 4762 dem großen Flugfeld von Washington. "Airport"[Antiqua], –
3091 4752 3992 4794 Taxichauffeure fahren mit ihren Mädchen über die
3091 4793 3998 4833 prächtigen Brücken und viergeteilten Straßen dort
3091 4824 3988 4871 hinaus, halten vor einem der kleinen Restaurants, die
3091 4864 4000 4902 zusammen mit Tankstellen, Zigarettenständen, eine
3091 4902 3998 4939 Art von Budenstadt bilden. Man kann im Wagen
3091 4933 4000 4975 sitzen bleiben, Kaffee, Sandwichs und Icecream wer¬
3091 4970 3992 5009 den auf eigens dafür eingerichteten Tabletts serviert,
3091 5007 3998 5049 die man am Wagenfenster befestigt. Und während
3091 5036 3992 5086 man kalten Schweinebraten auf heißem Toast verzehrt,
3091 5080 3998 5114 sieht man die Flugzeuge mit Funkenschweif durch den
3091 5114 3998 5154 farbig gestreiften Himmel sausen, über den roten
3091 5150 3995 5184 Landungslämpchen, und das Surren der schweren
3091 5184 3998 5227 Motore übertönt das sonderbar hochstimmige Geschrei
3091 5221 3998 5259 streitender Neger, und die von Reklame-Reden unter¬
3091 5254 3998 5297 brochene Jazzmusik aus einem unsichtbaren Lautspre¬
3091 5292 4000 5331 cher. "Airport" ist nicht nur ein Flughafen, es ist ein
3091 5324 3998 5365 beliebter Treffpunkt der Unterwelt, es wird viel
3091 5362 3995 5411 Schmuggel getrieben, viel "Schnee" verkauft, – so
3091 5399 3998 5441 nennt man im Kreis der Eingeweihten das giftig–
3091 5428 3622 5477 glitzernde Pulver des Cocains. –\:p\
3138 5476 3997 5529 \p\Washington besitzt auch einen Fluß-Hafen, Markt-
3091 5509 3995 5554 und Stapelplatz der Produkte des Südens, die auf klei¬
3091 5549 3999 5590 nen Dampfern flußaufwärts gebracht werden. Nachts
3091 5587 4000 5627 sitzen die Schiffer auf dem Deck, beim trüben Schein
3091 5622 4001 5660 einer Petroleumlampe, rauchen, spucken Kautabak aus
3089 5656 3995 5701 und bieten einem, wenn man vorübergeht, Melonen
3089 5698 3992 5745 und schillernde Fische zum Kauf an. Neger schlafen,
3091 5725 4000 5771 langausgestreckt, das Gesicht auf der Mütze, auf dem
3091 5761 4000 5816 leise schwankenden Schiffsburg. Am Hafen treiben sich
3091 5803 3992 5843 auch die Negerjungen umher, kleine, verlumpte,
3091 5837 4001 5891 magere Burschen, sammeln Zigarettenstummel und
3091 5870 3992 5917 tanzen nacktfüßig oder steppen in zerrissenen Stiefeln,
3091 5908 3988 5948 begleiten sich selbst mit leisem Pfeifen, und warten,
3091 5945 3995 5990 bis man ihnen von der hölzernen Galerie des Hafen¬
3089 5982 3992 6028 restaurants ein paar Cent-Stücke herunterwirft. Dann
3091 6014 3998 6069 stürzt sich das ganze Rudel lautlos auf die Beute, in\fml\\:p\
280 4475 1176 4513 \fml\\p\einer Sekunde ist es nur noch ein kämpfend verbis¬
273 4509 1175 4563 sener Knäuel, und löst sich erst auf, wenn ein Polizist
267 4546 1197 4581 auf dem Motorrad über den Platz rast, – Jagd auf
274 4581 1176 4622 Bettler und Fischräuber. Das Motorrad verschwindet
274 4620 1196 4663 so schnell wie es aufgetaucht ist, – einige Minuten
274 4659 1176 4704 bleibt der Platz leer, – dann sind die Steptänzer
271 4689 1196 4739 alle wieder da, pfeifen, tanzen und singen für die fei¬
271 4721 1196 4765 nen Leute, die oben beim Schweizer Wirt Hummer,
276 4760 1196 4801 Krabben und frische Flußfische essen und sich originell
274 4795 1176 4845 vorkommen, weil sie sich in diese dunkle Hafengegend
267 4831 621 4881 vorgewagt haben ...\:p\
321 4870 1196 4904 \p\An den Hafen grenzt die "Straße Nr. 2", und
274 4901 1196 4940 hier wohnen die Neger. Sie wohnenn auch weiter oben,
276 4937 1168 4976 in der Nähe der Geschäftsviertel, inmitten rollender
274 4972 1175 5012 Lichtreklamen, sie haben dort ihre eigenen Bars, wo
276 5003 1171 5052 selten ein Weißer erscheint und wo der „Afro-Ameri¬
271 5041 1196 5079 can“ verkauft wird, eine große Negerzeitung, mit poli¬
274 5075 1170 5127 tischen Nachrichten, viel Mord- und Entführungsfällen
274 5114 1157 5157 und einer Spalte "Nachrichten aus der Gesellschaft":
267 5151 1170 5193 über Hochzeiten, Wohltätigkeitstees und die Photogra¬
267 5181 1197 5237 phien junger Negerschönheiten, die diesen Winter
280 5216 1196 5261 debütieren, alles ganz wie bei den Diplomaten und
271 5256 1196 5296 den Millionären in New York. Und im Negertheater
275 5294 1196 5337 werden Filme mit Revolverschüssen, Gangsterjagden
276 5327 1177 5370 und Familienmorden vorgeführt, daneben aber spielt
286 5359 1196 5407 Duke Ellington, den man in New York und in der
274 5396 1196 5432 ganzen Welt gefeiert hat, mit seiner Jazzband für ein
274 5432 1144 5475 begeistertes, fast ausschließlich schwarzes Publikum.\:p\
331 5464 1197 5512 \p\"Straße Nr. 2“ ist ganz anders. Sie liegt in einer
276 5500 1196 5547 anderen Stadt, in einer anderen Welt. Sie ist breit
280 5541 1196 5582 und dunkel und still. Aber die tausend kleinen Ge¬
276 5578 1196 5622 schäfte sind grell erleuchtet und erinnern seltsam an
280 5614 1196 5654 orientalische Bazargassen und aus den Höfen hört
276 5645 1196 5691 man den schwermütigen Gesang, der fremd in dieser
280 5680 1196 5718 Stadt und überall fremd und verloren und ausgestoßen
280 5713 1196 5764 ist, zugleich wild und religiös, zugeich Kriegsgesang
276 5754 1196 5797 aus dem Dschungel und inbrünstige Frömmigkeit,
282 5788 1196 5829 langgezogen, gleichmütig, aber mit dem erregenden
282 5824 1196 5867 Unterton von Lockung und tiefer Klage. In der lauen
280 5858 1196 5898 Nachtluft sitzen die schwarzen Mütter auf ihren Tür¬
280 5892 1196 5936 schwellen und wiegen ihre Säuglinge. Wenn man den
282 5929 1196 5974 Wagen anhält, schießt ein Negerjunge blitzschnell aus
280 5966 1196 6018 dem Dunkel, springt auf das Trittbrett und bietet mit
286 6000 1196 6058 wortloser Geste eine Schachtel Streichhölzer an ...\:p\
