4215 7076
655 4707 866 4786 Palmyra
519 4769 1007 4836 Von Dr. Annemarie \g\Clark\:g\
357 4821 1233 4884 \p\Der Name der Wüstenstadt hat einen wunderbaren
303 4871 1233 4920 Klang: eine ganze Epoche wird durch ihn wachgerufen,
303 4908 1233 4953 im besonderen das Bild des Ostens des römischen
303 4945 1233 4987 Weltreichs, wo bis in die Wüste, die ewig nur den
310 4977 1218 5017 Nomaden mit ihren Zelten und Herden vorbehalten
303 5016 1233 5051 scheint, römische Garnisonen und hellenistische Kultur
306 5050 1233 5089 vordrangen, und in der Wüste sich Perser, Parther,
303 5079 1233 5128 die Erben Alexanders und Roms Generäle Schlachten
303 5116 1233 5163 lieferten, die über das Los des Erdkreises entschieden.\:p\
361 5155 1233 5192 \p\Ebenso wunderbar wie der Name ist der Anblick:
310 5189 1234 5227 mit nichts an Eindrücklichkeit zu vergleichen, als viel¬
306 5222 1233 5264 leicht mit dem verwandten Baalbek, dem römischen
306 5258 1233 5302 Heliopolis mit seinen beiden Riesentempeln, den nie¬
310 5293 1234 5339 dergestürzten Säulen, dem Wald zerbrochener Kapi¬
310 5323 1234 5373 telle, den Resten der hohen, glatten, arabischen Fe¬
303 5356 1170 5407 stungsmauern. Aber Baalbek war nur Kultstätte,
306 5397 1233 5447 eine einheimische, uralter syrischer Trinität geweihte,
303 5429 1233 5474 die von den Römern übernommen, von drei römischen
303 5469 1233 5508 Gottheiten verdrängt und ersetzt wurde. Palmyra
306 5505 1233 5548 hingegen, die alte semitische Stadt Tadmor, wurde
303 5538 1233 5579 groß mit Rom und als Gegner Roms, hat seine eigene
303 5570 1233 5616 Geschichte, ist ein Mikrokosmos auf dem winzigen
311 5611 1233 5652 Fleck Oase inmitten der großen toten syrischen Wüste.
310 5645 1234 5683 In dieser sonderbaren Abgeschiedenheit, und wiederum
303 5680 1233 5718 in engster Verbindung und Beeinflussung mit den
310 5713 1234 5752 großen Zentren der damaligen Welt — denn Palmyra
303 5751 1233 5789 war eine Handelsstadt, und lag an einer der wichtigen
310 5785 1234 5815 Straßen des Handelsverkehrs — in diesem sonder¬
306 5821 1233 5863 baren Wechselspiel entstand in Palmyra eine eigene
303 5855 1233 5896 Kultur, es gab eine palmyrensische Tracht, eine palmy¬
303 5889 1233 5934 rensische Schrift, eine besondere Religion mit besonde¬
303 5927 1233 5966 ren Gottheiten, einen neuen Baustil, eine neue Form
303 5962 1233 5995 von Gräbern. Dies alles als Produkt mannigfaltiger
318 5995 1233 6034 Mischungen, Ausdruck der Epoche, in der Rom sich
310 6027 1234 6085 immer mehr dem Osten zuwendet, und als Resultat
1235 4690 2171 4747 langer feindlich-liebender Annäherung von Rom und
1244 4735 2171 4783 driechenland, Griechenland und Orient der Hellenis-
1241 4766 2171 4818 mus sich entfaltet. So sehr Palmyra — der neue
1242 4812 2170 4854 Name gehört eben erst jener Epoche an — an allem
1229 4848 2142 4879 teil hatte, so sehr bildete sich seine Eigenart. Mit ge
1229 4875 2148 4917 ringer Uebung kann man eine palmyrensische Grab
1229 4907 2171 4970 büste von allen ähnlichen Kunstwerken der Zeit unter¬
1228 4939 1385 4992 scheiden.\:p\
1288 4972 2171 5025 \p\Dies alles wäre nicht so bemerkenswert, fiele es
1229 5025 2171 5069 nicht in die Jahrhunderte der politischen Größe und
1229 5049 2119 5086 langsamen kulturellen Dekadenz des Römerreichs,
1229 5083 2171 5120 wobei die orientalischen Provinzen, mit Ausnahme
1229 5119 2171 5175 von Judäa, immer mehr an Selbständigkeit und bald
1228 5151 2171 5192 auch an Eigenart verlieren. Im Jahre 64 v. Chr.,
1229 5190 2171 5244 als das seleukidische Syrien römische Provinz wurde,
1229 5225 2171 5274 erhielt Tadmor-Palmyra seine Selbständigkeit. Aber
1229 5256 2171 5310 70 Jahre später, zur Zeit Hadrians, stellte es dem
1229 5295 2171 5354 Kaiser schon die berühmten palmyrensischen Bogen¬
1229 5331 2171 5376 schützen, und etwa seit 200 n. Chr. war es eine
1242 5369 2170 5410 römische Provinz. Bald darauf gibt es einen Odeinat
1229 5399 2171 5449 von Palmyra, römischer Senator, der als Rebell hin-
1229 5438 2171 5476 gerichtet wird, dessen Sohn Hairan aber in einigen
1229 5473 2171 5511 Bauinschriften „Prinz von Palmyra" heißt. Ein zwei¬
1229 5508 2171 5557 ter Odeinat, mit dem Titel eines römischen Konsuls,
1229 5546 2171 5580 besiegt den Perser Sapor, und wird vom Kaiser Gal¬
1228 5568 2171 5620 lienus mit dem Imperatorentitel belohnt. Ohne
1229 5617 2171 5657 Roms Oberherrschaft geradezu abzuleugnen, gründet
1229 5657 2171 5684 er doch ein Reich, welches außer Kleinasien und Aegyp-
1229 5684 2171 5720 ten den ganzen vorderen Orient einschließt. Seine
1229 5715 2171 5763 Witwe ist Zenobia, die, um den Titel ihres unmün-
1229 5757 2171 5798 digen Sohnes zu wahren, Rom den Krieg erklärt.
1228 5786 2171 5835 Nach gewaltigen Siegen muß ihr Aurelian alle gefor¬
1229 5821 2171 5861 derten Zugeständnisse machen. Der Ehrgeiz Zenobias
1229 5858 2171 5910 wächst. Ihr Sohn nennt sich Augustus und läßt Mün¬
1229 5889 2171 5941 zen mit dem Bild seiner Mutter und seinem eigenen
1229 5929 2171 5974 prägen. Und wie im Märchen von des Fischers Fru
1229 5964 2171 5999 wird die Anmaßung bestraft, Zenobia, besiegt, geht in
1229 5994 2171 6045 Rom in Ketten im Triumphzug des Kaisers. — Das
1228 6028 2171 6089 war im Jahre 272 n. Chr., zur Zeit des Kaisers
2168 4693 3113 4736 Aurelian. Kurz darnach erhoben sich die Palmyren¬
2168 4736 3113 4786 ser wieder gegen Rom, man schlug die Revolte nieder,
2167 4782 3113 4823 und die Mauern und Befestigungen der Stadt wur¬
2168 4806 3113 4846 den geschleift. Es war ein tragisches Ereignis, und
2182 4846 3114 4892 bedeutete das Ende von Palmyras Geschichte. Man
2184 4879 3114 4917 hat freilich später wieder Mauern errichtet, in beschei¬
2168 4915 3113 4965 denerem Umfang, Justinian hatte eine Garnison in
2176 4945 3113 4993 der Wüstenstadt, die Araber bauten auf einer Hügel-
2168 4987 3113 5036 kuppe ein Kastell, welches sonderbar kühn, wie ein
2168 5019 3113 5071 Bündel von Türmen aufragend, noch heute die Ruinen
2178 5058 3114 5093 beherrscht. Im zwölften Jahrhundert, so erfährt man,
2168 5091 3113 5128 gab es in Palmyra eine jüdische Gemeinde. Dann
2168 5128 3113 5170 kamen, im Jahre 1678, zwei englische Kaufleute nach
2168 5162 3113 5215 Palmyra und „entdeckten es", für uns, für die Nach¬
2167 5205 3113 5234 welt. Man vergaß, als man die Ruinen der römi-
2168 5232 3113 5277 schen Stadt, der Wüsten-Residenz Zenobias, zu studie-
2168 5264 3114 5319 ren begann, daß daneben Palmyra immer weiter exi-
2168 5296 3113 5343 stiert hatte. Es hatte den Namen seiner stolzen Epoche
2168 5340 3113 5386 abgelegt, und hieß wieder schlicht semitisch Tadmor.
2168 5376 3113 5422 So heißt es heute, im Mund seiner arabischen Bewoh¬
2168 5410 3113 5453 ner. Diese Bewohner waren immer da. Vor Zeno¬
2168 5446 3087 5481 bia. Ihre Sprache war ein Dialekt des biblischen
2168 5480 3113 5532 Aramäisch, ihre Schrift eine Abart der hebräischen
2168 5515 3113 5548 Quadern. Sie trugen die Kleidung ihrer Brüder,
2168 5546 3113 5594 der Beduinen. Als die Stadt kleiner wurde, der große
2168 5583 3113 5638 Handel aufhörte, es mit der großen Politik zu Ende
2168 5620 3113 5657 war, fielen die Einwohner in ihre alten Gewohnhei¬
2168 5657 3113 5695 ten zurück. Und dieses Palmyra finden wir heute,
2168 5689 3113 5730 wenn wir von Damaskus die lange Fahrt auf Wüsten¬
2168 5724 3113 5765 spuren machen, um die vielleicht schönsten Ruinen des
2168 5757 3113 5797 hellenistischen Altertums zu sehen. Bis vor einigen
2168 5789 3087 5838 Jahren war die wichtigste Ruine, der Tempelbezirk
2168 5824 3113 5867 des Beel, von arabischen Häusern angefüllt. Die Tem¬
2168 5857 3113 5915 pelmauern hatten wie eine Festung vor räuberischen
2168 5902 3113 5937 Einfällen der Beduinen geschützt. Jetzt hat man den
2168 5927 3113 5993 Tempel gesäubert, das Dorf verlegt. Abseits von dem
2168 5967 3113 6016 imposanten Ruinenfeld, den malerischen Säulenkolo-
2168 6006 3113 6047 naden, der Tempelterrasse, findet man den Bazar,
2168 6038 3113 6091 kleine Handwerkergassen, die Gasse der Sandalen¬
3108 4697 4029 4762 macher und der Sattler, der Färber, Schmiede, Tep¬
3110 4746 4030 4788 pichknüpfer. Daneben Fleischer und Gemüsehändler —,
3110 4776 4036 4821 im Umkreis einer Quelle gibt es Gärten. Palmyra
3110 4810 4030 4858 ist, wohlverstanden, eine Oase. Es verdankt seine
3108 4841 4034 4889 Existenz einigen Quellen, von denen eine in einen
3110 4887 4036 4933 tiefen Teich gefaßt ist. Ein unterirdischer Gang, so
3108 4930 4027 4967 niedrig, daß man nur ganz flach auf dem Rücken hin¬
3110 4958 4034 4987 durchgleiten kann, führt in eine Höhle, wo wunder¬
3110 4985 4034 5032 bares blaues Licht herrscht. Selbst im Sommer bleibt
3110 5027 4030 5066 dort die Luft kühl und frisch. Die Brunnen von Pal¬
3110 5059 4036 5102 myra: einige mögen aus römischer Zeit stammen.
3110 5099 4036 5143 Man steigt einige Steinstufen hinab, in das Brunnen¬
3110 5132 4028 5172 gewölbe, welches mit Bruchstücken weißer Säulen ge-
3110 5165 4034 5217 deckt ist. Abends sieht man die Frauen mit Krügen
3108 5205 4030 5241 auf dem Kopf aus ihren Häusern kommen. Sie sind
3108 5237 4035 5290 groß, gehen sehr aufrecht, tragen einen bunten, leich¬
3110 5275 4024 5319 ten Schleier, der aber das Gesicht freiläßt. Das Ver-
3110 5308 4028 5349 schleiern des Gesichts ist eine städtische Sitte, in der
3108 5349 4030 5389 Wüste kennt man sie nicht einmal. Statt der Ton¬
3108 5379 4034 5423 krüge tragen die Frauen manchmal leere Benzinkan¬
3110 5418 3863 5452 nen, — sie tun es mit der gleichen Anmut.\:p\
3170 5446 4036 5494 \p\Palmyra ist jetzt wieder Garnison. Statt der römi¬
3110 5486 4027 5522 schen Legionäre sind es französische Mandatstruppen,
3110 5515 4028 5563 Meharisten — so heißen die malerischen Kamelreiter,
3110 5554 4028 5596 und Flieger. Von Damaskus und Bagdad kommen
3110 5592 4028 5631 die Autocars mit Touristen. Es gibt ein gutes Hotel.
3110 5624 4027 5663 Im Tempelbezirk wohnen die Archäologen, welche die
3110 5665 4024 5698 Restaurationsarbeiten leiten, und im „Tal der Grä¬
3110 5698 4024 5736 ber" ihre Entdeckungen machen. Abends sieht man
3110 5735 4028 5764 große Kamelherden in die Stadt kommen, auch Kara¬
3110 5769 4028 5810 wanen, und berittene Beduinen. Es herrscht reges
3131 5799 4027 5841 Leben in Palmyra. Oder vielmehr: Palmyra ist zer-
3110 5827 4036 5874 stört worden, aber Tadmor hat es überdauert. Und
3110 5875 4028 5913 es übt eine sonderbare Anziehung auf die Phantasie
3108 5911 4028 5949 aus, zu wissen, daß vieles sich gar nicht verändert hat:
3110 5942 4028 5986 die Handwerkergassen, der Einzug der Karawanen,
3110 5970 4028 6022 der abendliche Gang zum Brunnen. Das ist zeitlos,
3110 6014 4036 6059 wie das Gesicht des Bedu, des Wüstenbewohners von
3110 6042 3447 6101 damals und heute.\:p\
