3845 5669
993 2792 2351 2941 Kleine Weltreise unter der Flagge Portugals
988 2948 1933 3010 San Thomé und Madeira, zwei portugiesische Atlantik-Inseln
942 3046 1684 3103 \p\Während die Meere zu Schauplätzen des Weltkrie¬
891 3087 1684 3141 ges geworden sind, und nicht mehr von den Häfen
891 3132 1684 3169 und Seewegen des friedlichen Verkehrs sondern fast
891 3156 1684 3208 nur noch von strategischen Inseln und Küstenpunk¬
891 3203 1684 3244 ten die Rede ist, fahren von \g\Mozambique\:g\ um
891 3235 1684 3286 das \g\Kap der Guten Hoffnung\:g\ und der gigan¬
891 3264 1686 3313 tischen Westküste Afrikas entlang bis hinauf nach
891 3303 1684 3350 \g\Lissabon\:g\ immer noch unbewehrte Schiffe unter
891 3342 1686 3381 portugiesischer Flagge: Auf den Straßen, auf denen
891 3379 1684 3418 große Portugiesen, Seefahrer und Entdecker, vor 500
891 3404 1684 3462 Jahren die Menschheit den Begrenzungen des Mittel¬
891 3448 1684 3487 alters entrissen und in den freien Raum unserer Erde
891 3484 1684 3521 wiesen, ist es heute wieder Portugal, welches, den
891 3521 1684 3557 Kontakt mit seinem Kolonialreich aufrecht erhaltend,
891 3557 1684 3596 die Idee des weltumspannenden, friedlichen Verkehrs
891 3591 1684 3643 und Austausches aufrecht erhält — einer Idee, die
891 3626 1684 3677 sonst nur noch eine Erinnerung wäre in einer Zeit,
891 3660 1684 3709 da alle materiellen Errungenschaften des „Fort¬
891 3697 1684 3739 schritts“ nur noch dazu dienen, die Menschen, Völ¬
891 3733 1684 3773 ker und Länder voneinander zu trennen, in den
891 3758 1684 3802 Kampf um solch fragwürdige Fortschritts-Güter und
890 3799 1416 3851 in unermeßliche Leiden zu stürzen.\:p\
890 3829 1676 3886 \p\Portugal ist bis jetzt von diesem Ringen verschont
907 3875 1666 3924 geblieben, obwohl es nicht ermattet, abgesondert von
891 3915 1668 3959 den Schicksalen und Aufgaben unserer Welt in die¬
891 3947 1668 3996 ser Zeit ist, sondern ein großes Erbe verwaltet und
891 3988 1676 4030 sich dessen bewußt ist. Kaum eine europäische Na¬
891 4023 1659 4064 tion hat in so überzeugender Weise und mit so ge¬
891 4052 1664 4095 ringen Erschütterungen die unvermeidliche Revolu¬
891 4091 1684 4133 tion an dem geschichtlichen Wendepunkt, an dem
891 4123 1669 4172 wir angelangt sind, mit seiner Vergangenheit, seinen
891 4167 1664 4204 Traditionen und Lebensgesetzen zu verknüpfen ge¬
915 4198 1684 4232 wußt. Die Weisheit, der Mut, die tiefe, humane Ein¬
891 4232 1684 4275 sicht eines \g\Salazar\:g\ haben den Beweis erbracht,
891 4257 1684 4308 daß die gegenwartsbedingte Umstellung im Leben
890 4299 1684 4345 europäischer Völker nicht notwendig das trostlose
891 4338 1684 4380 Schauspiel der Zerstörung, der sozialen Revolution
891 4365 1661 4414 und des Krieges bieten muß, sondern zu fruchtbarer
891 4406 1686 4446 Besinnung aufruft, und eine Erneuerung, eine Kräf¬
891 4434 1684 4487 tigung bedeuten kann. Portugal hatte während lan¬
910 4472 1686 4522 ger Zeit seine vergangene Größe vergessen. Aber
915 4512 1684 4553 was ihm von seinem Kolonialreich blieb, ist nicht
891 4531 1684 4585 nur ein immer noch bedeutender Besitz, sondern über¬
891 4577 1686 4631 dauerte die Zeiten des Niedergangs als Zeugnis und
891 4607 1659 4663 materieller Ausdruck des geistigen Erbes einer Na¬
891 4637 1686 4708 tion von Fischern, Hirten, Seefahrern, christlichen
891 4675 1326 4739 Königen und Kreuzfahrern.\:p\
940 4717 1684 4778 \p\Ich sah dieses Erbe — das irdische Bild einer sel¬
890 4749 1684 4827 ten harmonischen und kühnen nationalen Geschichte
890 4810 1684 4856 und Entwicklung —, als ich jetzt, im dritten Kriegs¬
891 4840 1684 4888 jahr, aus Afrika in das heimatliche Europa zurück¬
891 4881 1686 4933 kehrte. Es war eine große Reise. Ich schiffte mich im
1679 3041 2457 3110 alten Städtchen \g\Luanda\:g\, in der portugiesischen
1679 3100 2459 3136 Kolonie \g\Angola\:g\, auf einem portugiesischen Damp¬
1679 3125 2457 3178 fer ein. Wir landeten auf der portugiesischen Insel
1679 3159 2447 3215 \g\San Thomé\:g\, die der Aequator durchschneidet, dann
1679 3203 2424 3244 wieder, nachdem wir die düstern Zonen des Krieges
1679 3240 2457 3274 in Freetown, in Dakar, hinter uns hatten, im Hafen
1678 3269 2457 3325 \g\Funchal\:g\ auf der zauberhaften, portugiesischen
1678 3303 2457 3355 Insel \g\Madeira\:g\. Von dort waren es kaum zwei
1679 3335 2457 3393 Tage, bis wir die Mündung des \g\Tejo\:g\, die europäi¬
1679 3384 2449 3421 sche Küste, die weite, schimmernde Hafenbucht von
1679 3415 2446 3462 \g\Lissabon\:g\ erreichten. — Diese Reise, die heute
1679 3455 2457 3498 schon eine „kleine Weltreise“ und ein großes Aben¬
1679 3476 2459 3530 teuer bedeutet, vollzog sich zwischen portugiesischen
1679 3509 2457 3560 Küsten und Inseln! Und der Krieg, der heute in so
1679 3553 2457 3602 furchtbarem Ausmaß unser Schicksal bestimmt, be¬
1679 3604 2457 3640 gleitete uns nur von weitem, wie eine dunkle, be¬
1679 3629 2457 3665 drückende Erscheinung am Horizont, wenn irgendwo
1679 3665 2459 3714 ein schnelles Torpedoboot auftauchte, und halbnackte
1679 3695 2457 3743 Matrosen uns winkten, wenn Polizeischiffe die Zen¬
1679 3731 2457 3770 surbeamten eines kriegführenden Staates an Bord
1679 3761 2452 3826 brachten, oder wenn in der Ferne die Rauchfahnen
2439 898 3224 964 und dunkel bemalten Panzerschiffe eines Handelskon¬
2439 961 3220 1003 voys feierlich, in grimmiger Stille, vorbeiglitten. Ja,
2439 994 3220 1037 wir waren uns bewußt, daß wir uns auf unserm wei¬
2439 1028 3220 1067 ßen, auch bei Nacht hell erleuchteten Dampfer als win¬
2439 1062 3225 1104 zige Insel durch den Atlantik bewegten, zwischen vom
2439 1099 3224 1145 Krieg erschütterten und leidenden Kontinenten. Aber
2439 1131 3220 1177 wir sahen auch die ewige Ruhe, den unerschütter¬
2439 1170 3225 1213 rten Atem von Himmel und Meer, die über unsere
2439 1199 3224 1246 menschlichen Gewalttaten, Schicksale und Leiden ihren
2439 1241 3220 1279 erhabenen Kreislauf fortsetzen — und wir sahen das
2439 1275 3220 1323 friedliche, unbekümmterte Dasein jener Inseln des
2439 1307 3220 1355 portugiesischen Empires, die von europäischen Men¬
2456 1351 3220 1390 schen einst erobert, besiedelt und bebaut wurden und
2439 1380 3220 1424 auch die Zeiten überdauern, wie sie die Hitze des
2439 1412 3220 1463 Tages überdauern, in die tiefe Tropennacht sinken,
2439 1451 3224 1509 am nächsten Morgen in neues Licht tauchen und
2437 1488 2944 1544 fruchtbar und unbekümmert sind.\:p\
2486 1520 3220 1580 \p\Diese Fahrt, die vom tiefsten Afrika südlich des
2439 1571 3217 1608 Aequators bis an eine der lieblichsten Küsten Euro¬
2471 1607 3222 1647 pas führte, verband uns mit den verschiedensten Tei¬
2439 1644 3224 1681 len der Erde, deren Einheit uns so bewußt wurde.
2439 1676 3217 1717 Und auf unserm zerbrechlichen Schiff am Rand des
2439 1710 3225 1756 Weltbrandes ahnten wir wieder, zu wieviel Einsicht
2439 1750 3220 1786 der Mensch trotz der verwirrenden Zufälle und Be¬
2439 1776 3220 1823 grenzungen seiner äußern Existenz bestimmt, zu wel¬
2439 1821 2921 1871 chen Taten er fähig sein sollte.\:p\
2486 1850 3218 1914 \p\In Luanda verließen wir das afrikanische Festland.
2437 1889 3220 1953 Aber dieses Städtchen unter der glühenden Tropen¬
2439 1940 3229 1979 sonne hätte nicht portugiesischer sein können. Ein
2439 1967 3225 2013 altes Fort krönte seinen rötlichen Uferhügel, eine
2439 2001 3220 2053 sanfte Lagune zog sich vor dem Hafen in die Meer¬
2439 2043 3225 2092 bläue hin, die gepflasterten Straßen und Gäßlein
2439 2068 3229 2128 waren von hohen, ockergelben oder rosafarbenen
2439 2112 3225 2155 Mauern gesäumt, hinter denen sich alte Gärten, eine
2439 2146 3224 2197 lauschige Fülle von kühlen Büschen, Brunnen und
2469 2185 3222 2238 üppigen Blüten verbargen. Man sah schöne, stei¬
2439 2219 3229 2270 nerne Portale, reizende Balkone — und in der frühen
2439 2246 3220 2303 Nacht saßen die Portugiesen vor den Kaffees unter
2439 2287 3224 2347 leise rauschenden Bäumen, während draußen Damp¬
2456 2332 3222 2376 fersirenen ertönten. — In \g\San Thomé\:g\ fand ich
2439 2351 3229 2408 die alten kleinen Küstenfestungen wieder, die grauen
2439 2390 3229 2447 Barockkapellen, vor denen schwarze Fischer ihre
2464 2432 3229 2483 Netze und Boote flickten. Am Rand des Städtchens,
2439 2466 3225 2517 im Bananenhain fast verborgen, schlief die kleine
2439 2503 3229 2554 Stier-Arena mit ihren Galerien aus Holz und Bam¬
2439 2540 3225 2586 bus in der Mittagshitze, im Innern träumten schöne,
2439 2577 3225 2630 alte Plantagenhäuser, von Blumenbeeten umgeben,
2439 2608 3229 2657 und die reichen Pflanzungen, Kaffee und Kakao,
2462 2640 3225 2696 Kautschuk und Bananen, gingen endlich in die grüne
2464 2681 3225 2723 Wildnis des Dschungels über. Daraus ragten, im
2456 2714 3225 2772 Herzen der Insel, phantastisch blaue Gipfel in den
2462 2747 2733 2804 bleiernen Himmel.\:p\
2486 2785 3217 2853 \p\Nach dieser alten, romantischen Pracht und Uep¬
2457 2833 3218 2890 pigkeit einer seigneuralen Kolonie, die auf einer
2459 2882 3227 2922 afrikanischen tropischen Insel errichtet worden war,
2459 2916 3220 2953 sahen wir dann eines frühen Morgens das in wun¬
2456 2941 3229 2992 derbar warmes, goldenes Licht getauchte Eiland von
2459 2982 3229 3022 Madeira aus dem Meer tauchen. Und ich begrüßte
2457 3014 3225 3065 seine hoch den Berg hinanklimmenden Klöster und
2439 3048 3220 3100 Kirchen bis zu den Türmen von Monte, wo Kaiser
2437 3090 3217 3134 Karl von Oesterreich begraben liegt — seine milden
2439 3125 3229 3169 Terrassen, Blumengärten, Alleen, seine kühlen Wein¬
2462 3152 3225 3200 keller, und den Sammetglanz seiner Matten und
2439 3181 3227 3237 Haine, seine Handwerker, Stickerinnen, Bauern, Fi¬
2439 3232 3224 3278 scherknaben. Das langsame Sinken seines milden
2439 3267 3229 3311 Abends, der himmlische Segnungen dem ruhigen Wo¬
2474 3298 3225 3344 gen des Meeres, dem Atmen der warmen Erde, dem
2439 3322 3230 3396 Singen und Lautenschlagen der Menschen, hinabzu¬
2439 3361 2714 3425 tragen schien ...\:p\
2495 3403 3225 3460 \p\Wir waren nicht mehr in Afrika, — das waren
2439 3454 3229 3504 schon europäische Bilder und Segnungen, die wir
2439 3491 3229 3538 wiederfanden, als wir endlich die schon vom Früh¬
2439 3526 3229 3569 ling berührte Festland-Küste und Lissabon erreichten.
2439 3560 3229 3611 Noch ein Bild des Friedens! — Und überall auf die¬
2439 3599 3229 3641 ser Straße der Welteroberer, der wir gefolgt waren,
2439 3629 3227 3673 hatten wir die Zeugnisse menschlichen Geistes und
2437 3663 3225 3717 menschlicher Ausdauer gesehen, so wie wir jetzt die
2439 3706 3229 3753 Zinnen und Kirchen Portugals sahen und seine be¬
2437 3731 2684 3790 stellten Felder.\:p\
2659 3763 3198 3841 \g\Annemarie Schwarzenbach\:g\
