4288 7165
495 4482 877 4565 Schiffs-Tagebuch
238 4544 1117 4619 Von \g\Annemarie Clarac-Schwarzenbach\:g\
483 4670 1095 4728 \p\Zwischen Teneriffa und San Thomé,
483 4726 1100 4775 an Bord des „Colonial“. 21. Mai 1941.\:p\
273 4769 1147 4821 \p\Am Abend gehen die meisten Passagiere früh schla¬
219 4817 1148 4855 fen, da die auf Dampfern sonst üblichen Unterhaltun¬
228 4855 1119 4889 gen, wie Pferderennen, Filme, Tanz und Wetten dar¬
228 4884 1147 4921 über, wieviel Meilen man während der letzten zwölf
226 4920 1147 4961 Stunden zurückgelegt habe, auf dieser Reise fehlen.
226 4961 1147 5001 Das fällt niemandem auf, da es sich ja gewiß nicht um
226 4994 1147 5031 eine Vergnügungsreise handelt. Nur die zahlreichen
219 5031 1125 5074 Kinder an Bord sind unbekümmert, veranstalten
223 5066 1126 5107 lärmende Spiele, und empfinden den Ausnahmezu¬
234 5103 1147 5140 stand, in welchem wir uns alle befinden, als einen rie¬
226 5134 1147 5188 sigen Spaß. Es sind in der Mehrzahl portugiesische
226 5176 1148 5223 Kinder, die ihre Eltern in die Kolonien, nach San
228 5212 1147 5259 Thomas, Angola oder Mozambique begleiten, die übri¬
226 5247 1122 5287 gen sind kleine Belgier, die nun in Kongo, in Leopold¬
219 5281 1148 5321 ville oder Elisabethville in die Schule gehen werden,
228 5318 1128 5361 um dort, vielleicht, in Freiheit und in größerer Sicher¬
232 5353 1114 5392 heit aufzuwachsen als in ihrer Heimat. Meistens be¬
226 5384 1120 5424 finden sich nur ihre Mütter auf dem Schiff — die Vä¬
219 5415 1125 5466 ter sind Kriegsgefangene, oder kämpfen irgendwo als
232 5458 1126 5504 Exilierte. Außer diesen Frauen, deren Mut ich bewun¬
219 5491 1125 5537 dere, gibt es an Bord einige „Einzelexistenzen“, eng¬
219 5532 1148 5581 lische Damen, die früher in Biarritz oder Nice gelebt
228 5567 1132 5608 haben, und die nun, um die gleiche luxuriöse und ein
225 5601 1132 5646 wenig öde Existenz weiterzuführen, bis nach Afrika
226 5638 1122 5679 fahren müssen. Einer meiner Freunde, ein französischer
232 5674 1147 5713 Offizier, bezeichnete diese Existenzen als „vollkommen
226 5707 1126 5749 überflüssig“, aber vielleicht sind die Damen, die jetzt
232 5747 1128 5785 an wer weiß welchem Strand ein Hotel entdecken, und
226 5780 1147 5824 feststellen werden, man lebe in Bathurst oder Durban
232 5814 1147 5857 fast so gut wie einst in Mallorca und San Sebastian,
226 5853 1147 5893 vielleicht sind sie in ihrer Art Pioniere, und tragen
232 5886 1147 5929 zur Widerlegung der Legende bei, die Welt der Wei¬
226 5923 1128 5965 ßen beschränke sich auf jenen kleinen Länderkomplex
234 5961 1147 6003 Europa... Allerdings nähren solche Leute ihr dürf¬
234 5990 1147 6032 tiges Dasein von so nichtigen und völlig trügerischen
232 6029 1147 6072 Wünschen, daß man sich fragt, wieso unsere Weltkräfte
231 6065 1147 6107 ausreichen, und wieso sie geduldig genug sind, um sol¬
228 6102 1147 6161 chen Ballast mitzuschleppen. Ich hörte gestern eine alte
1157 4480 2081 4519 Dame an, die freundlich und gutartig und voll der
1163 4519 2082 4563 besten Prinzipien ist — „es ist eine Schande, wie man
1169 4558 2081 4608 sich hier behandeln lassen muß. Der Toast ist wieder
1157 4595 2081 4632 kalt und auf beiden Seiten gebuttert, so daß man fet¬
1163 4623 2081 4665 tige Finger bekommt. Und daß wir, bei dem skanda¬
1163 4663 2081 4703 lösen Zustand der Toiletten, nicht alle an Typhus zu¬
1157 4699 2081 4744 grunde gehen, ist ein Wunder. Ich werde nach London
1154 4737 2081 4777 an meinen Agenten berichten: ich habe eine Kabine
1143 4776 2081 4823 erster Klasse bezahlt, dies hier aber ist bestenfalls wie
1143 4817 2055 4860 die dritte Klasse auf einem anständigen Schiff. Wenn
1161 4843 2081 4885 ich nach dem Krieg nach Europa zurückreise, werde ich
1143 4874 2061 4923 eine andere Linie nehmen, und werde das Schiff selber
1143 4914 2082 4963 inspizieren, bevor ich meine Passage bezahle"... Die
1142 4947 2061 4990 alte Dame ist zu entschuldigen, die mit 70 Jahren, um
1142 4981 2062 5043 in einem Sterling-Gebiet zu sein, von Cannes nach
1166 5022 2082 5066 Praetoria umsiedeln muß. Aber ihr grotesker Fall ist,
1167 5056 2061 5097 gar nicht so untypisch. Es gibt jüngere Leute, Männer
1143 5093 2084 5142 und Frauen, die nicht ausziehen, um irgendwo ihre
1143 5128 2084 5172 Kinder in Frieden zu erziehen, um mutig das Ihre
1143 5161 2084 5212 beizutragen, damit unsere Welt weiterbestehe trotz
1142 5206 2084 5241 allem, sondern sie gehen wie Geschlagene, die einer
1163 5232 2059 5273 siegreichen Gewalt weichen, sie wissen nichts von der
1169 5270 2054 5312 Zukunft, haben weder Hoffnung noch Stolz, und wol¬
1143 5300 2084 5335 len nichts als ihr bißchen Eigentum und persönliches
1163 5342 2063 5378 Bedürfnis pflegen, wollen, wo immer, wenigstens den
1163 5375 2084 5416 Schein einer Existenzform weiterführen, die ihnen ein¬
1163 5411 2084 5451 mal bequem war, und kümmern sich den Teufel darum,
1167 5446 2084 5487 daß sie, faul in allen Fugen, soeben zusammenbrach:
1162 5479 2084 5522 wenn nur der Boden und die Decke noch halten, um
1143 5517 1831 5563 ihnen ein trügerisches Obdach zu geben.\:p\
1218 5541 2085 5608 \p\Solche Leute habe ich in letzter Zeit nicht nur auf dem
1173 5594 2085 5647 Schiff getroffen, es gab sie in Portugal, in der Schweiz,
1163 5640 2087 5684 sogar in Frankreich und Spanien, und ich fragte mich
1143 5667 2085 5714 mit wachsender Bestürzung, wie weit wohl die Kom¬
1175 5712 2059 5747 promißbereitschaft des Menschen gehe: die Augen und
1174 5747 2087 5782 Ohren zu schließen, vor geradezu dröhnenden Tatsa¬
1143 5783 2087 5820 chen, und gegen besseres Wissen, und um jeden Preis
1143 5818 2087 5855 jede Ahnung zu ersticken, jede Teilnahme an diesem
1143 5850 2062 5900 mit gewaltigen Kräften sich vorbereitenden Zukunfts¬
1143 5890 2087 5926 leben zurückzuweisen, auf jeden Trost zu verzichten, den
1169 5923 2087 5964 wir doch nur aus dem Glauben an die Möglichkeit
1143 5961 2087 6012 eines glücklichen und stolzen Daseins unserer Mensch¬
1143 5997 2062 6045 heit beziehen können. Und soviel beabsichtigte Kurzsich¬
1143 6029 2087 6082 tigkeit, für welchen Zweck? Um Häuser zu retten, die,
1143 6066 2087 6117 wie wir wohl jetzt wissen, von einer Bombe zerstört
1143 6101 2087 6174 werden, Grundstücke zu besitzen, die über Nacht ihren
2081 4486 3025 4539 Wert einbüßen, um Gewohnheiten zu pflegen, die nicht
2081 4515 2998 4564 wichtig sind, Bequemlichkeiten, ohne die man sehr wohl
2081 4552 3025 4610 leben kann, um in einem System und Lebensumkreis
2081 4592 3025 4633 zu bleiben, welche sich als schwach erwiesen haben, um
2081 4632 3025 4679 von sozialen Ordnungen noch zu profitieren, welche
2082 4661 3025 4698 nur noch zum Schein weiterbestehen, da überall die
2082 4697 3025 4757 Völker sich gegen sie erheben oder von ihnen geschlagen
2082 4742 3025 4782 und in massenhaftes Unglück gestürzt werden, oder nur,
2082 4765 3025 4810 um von der Hand in den Mund, bis zur nächsten
2095 4805 3025 4849 Mahlzeit stumpf zu repetieren, auf was hin? Wie er¬
2082 4831 3025 4883 trägt man es, den Menschen so herabzuwürdigen, der
2101 4876 2991 4918 im Verlauf von Jahrhunderten voller Prüfungen sich
2082 4904 3025 4960 immer wieder erhoben und Wunderbares vollbracht
2096 4966 2177 4996 hat!\:p\
2143 4978 3025 5053 \p\Aber gerade auf dieser Fahrt von Lissabon der
2083 5027 3025 5073 Westküste des riesigen afrikanischen Erdteils entlang
2097 5074 3026 5117 sind ärgerliche Existenzen und „Defaitisten“ in der Min¬
2083 5108 3025 5153 derzahl. Einer meiner Freunde, der nach Dünkirchen
2083 5147 3025 5197 verwundet, aus deutscher Gefangenschaft entkommen,
2083 5180 3025 5221 in Lissabon ohne Visum und Geld sechs Wochen im
2083 5216 3025 5263 Gefängnis war, und jetzt unterwegs ist, um in Afrika
2110 5255 3025 5303 zu kämpfen, er allein vermag mit seiner schlichten
2083 5288 2465 5348 Unbeirrbarkeit viel...\:p\
2143 5331 3025 5396 \p\Obwohl die Reise des Schiffes unaufhaltsam fort¬
2084 5388 3025 5420 schreitend uns in Atem halt und unsere ganze Auf¬
2084 5419 3025 5468 merksamkeit erfordert, wird mir der Zustand des Unter¬
2084 5451 3025 5498 wegleins doch immer am Abend am deutlichsten be¬
2083 5481 3025 5541 wußt. Außer einer kleinen Gruppe von Bridgepielern
2094 5527 2996 5567 und näheren Bekannten, die sich noch in der halb
2084 5546 3026 5608 dunklen Bar aufhalten, und einigen Burschen aus der
2101 5590 3025 5638 dritten Klasse, die unten auf der über die Oeffnung
2085 5613 3026 5671 eines Kargoraums gespannten Leinwand im Freien
2085 5647 3006 5703 schlafen, sind alle Reisenden schon in ihren Kabinen
2085 5699 3026 5737 und das tägliche Getriebe, das dem Leben an Bord
2099 5726 3025 5778 den Anschein üblicher Daseinsformen gibt, ist einer
2087 5759 3025 5803 großen, friedlichen Stille gewichen. Bisher sind wir
2087 5803 3025 5850 auf der ganzen Fahrt nur einem Unterseeboot, und
2087 5837 3025 5872 einem einzigen Frachtdampfer begegnet; wir befinden
2087 5860 3025 5913 uns auf diesen Meeren ziemlich allein. Dabei handelt
2103 5906 3026 5949 es sich hier um die vielleicht wichtigste, bald vielleicht
2087 5940 3025 5993 einzige Verkehrsstraße, welche die Kontinente noch mit¬
2088 5969 3025 6011 einander verbindet. Man sagte mir kürzlich, meine
2103 6003 3026 6049 Post werde aus dem Inneren Afrikas wahrscheinlich
2087 6048 3024 6089 nach Kauro gehen, von dort über Bagdad nach Indien
2088 6075 3006 6116 und Hongkong, dann über San Franzisko nach New
2088 6112 3025 6162 York, um endlich mit dem Clipper nach Lissabon be¬
3021 4484 3945 4526 fördert zu werden. Einer meiner Mitreisenden ist von
3038 4525 3943 4563 Belgien unterwegs nach Brasilien, ein anderer tritt
3021 4558 3946 4597 einen diplomatischen Posten in Japan an, ein dritter,
3021 4593 3945 4632 Sekretär der irakischen Gesandtschaft in London, reist
3021 4626 3946 4672 für einen viermonatigen Urlaub nach Bagdad. Sie
3021 4659 3945 4706 fahren alle um das Kap, in der Hoffnung, in Lou¬
3021 4695 3945 4738 renco Marques oder Durban ein holländisches oder
3021 4731 3945 4772 englisches Schiff zu finden. Bereits gibt es zwischen
3021 4768 3946 4810 der Südafrikanischen Union oder Mozambique, und
3021 4803 3945 4844 Colombo, Holländisch=Indien, Hongkong, Südamerika,
3021 4836 3945 4871 neue Linien. Durch die Verrammelung des Suez¬
3030 4868 3943 4917 kanals ist Europa zwar in absurder Weise isoliert,
3021 4901 3941 4938 seine Häfen sind durch den Krieg verschlossen oder zer¬
3032 4938 3945 4975 stört worden, sein Handel ist gehemmt, und seine Völ¬
3026 4970 3943 5010 ker sind dem Hunger und auf lange hinaus der Armut
3021 5006 3945 5049 preisgegeben, aber gleichzeitig liegt die Welt offen,
3021 5043 3945 5086 neue Verkehrswege und Handelszentren beleben sich,
3021 5073 3940 5119 die vom europäischen Stamm künstlich getrennten Län¬
3021 5104 3945 5146 der und Kolonien ernähren sich, machen sich selbstän¬
3020 5146 3945 5192 dig, machen aus der Not eine Tugend. Punkte der
3021 5181 3946 5223 Erdkarte, zu denen vom dicht besiedelten, von einem
3021 5215 3945 5258 engmaschigen Verkehrsnetz bedeckten Europa nur ein¬
3038 5243 3940 5283 zelne, dünne Fäden liefen, lösen sich jetzt ab, erfin¬
3021 5280 3946 5315 den untereinander eigene Wege des Austauschs. Frü¬
3036 5313 3953 5359 her wurden von Madame Tausende von Ochsen
3021 5346 3946 5391 nach Europa exportiert, jetzt wird man sie nach Süd¬
3021 5381 3945 5418 afrika schicken, dafür werden in Südafrika mehr Euro¬
3020 5414 3946 5466 päer leben können. Ich habe auf dem Schiff die ersten
3021 5447 3951 5491 Buren kennengelernt, sie sind von jenem kräftigen
3020 5482 3951 5532 Schlag der zwischen Herren und Bauern keinen Unter¬
3041 5521 3949 5558 schied kennt, sie benehmen und kleiden sich wie Eng¬
3021 5553 3940 5595 länder, und leben aus dem Vollen. Die belgischen In¬
3021 5597 3952 5628 genieure der großen Minengesellschaften haben mehr
3053 5619 3953 5665 Zukunft vor sich, als ihre Landsleute zu Hause. Schiffs-
3021 5660 3951 5699 bauer, Hafeningenieure, Oelexperten erklären mir, wie
3021 5692 3946 5732 lange es dauern wird, bis im verarmten und halb¬
3021 5726 3946 5765 zerstörten Europa auch nur die Schiffe ersetzt, die Häfen
3021 5765 3951 5800 repariert, die Oeltanks ersetzt, die Schienenwege und
3021 5792 3951 5838 das Transportmaterial wiederhergestellt sein werden.
3021 5823 3952 5880 Vielleicht werden frühere Zentren wie Amsterdam,
3021 5866 3951 5905 Hamburg, Antwerpen, Marseille, nie wieder die alte
3021 5900 3951 5942 Bedeutung erlangen, aber die neuen Orte, Häfen,
3021 5936 3951 5968 Flugplätze, Küsten und Handelsniederlassungen wer¬
3021 5965 3951 6013 den bleiben, und viele der heute vorübergehend ab¬
3021 6004 3945 6058 wandernden Europäer werden ihr Leben dort füh¬
3021 6036 3806 6079 ren, wohin sie das Schicksal jetzt verschlägt!\:p\
3085 6062 3951 6123 \p\Ich habe in Lissabon während der letzten Wochen
3021 6110 3952 6167 oft fast wie unter einem Albdruck geatmet, obwohl in
304 4497 1215 4556 jener wunderschönen, von einer stolzen Vergangenheit
303 4550 1213 4583 und der noch friedlichen und reichen gegenwärtigen
322 4577 1209 4619 Entwicklung Portugals genährten Hauptstadt das
309 4606 1216 4654 Leben noch leicht, kaum merklich eingeengt ist, und ob¬
304 4647 1216 4694 wohl von seinem Hafen noch Schiffe und Flugzeuge
307 4685 1216 4727 ausfahren, und unter Tausenden von wartenden, ge¬
307 4712 1216 4757 hetzten Menschen dort doch immer wieder einige ein
309 4750 1215 4801 Visum und eine Passage erhalten. Aber hinter dieser
304 4782 1216 4836 halboffenen Türe drängt doch eine fiebernde, angst¬
309 4818 1215 4865 voll ausschauende Masse in Ländern, die teilweise Ge¬
309 4850 1215 4898 fängnissen gleichen und zu veröden drohen, und jeder
304 4886 1215 4923 Atemzug Freiheit in Lissabon, jedes Anzeichen freu¬
307 4916 1202 4965 digen Friedens, jede Handvoll Ueberfluß kostete fast
303 4954 1197 4994 peinliches Bedenken: „Darf man sich diese Freude er¬
303 4988 1215 5036 lauben diese Lust an der Arbeit, diese Hoffnung auf
304 5022 1215 5064 die bevorstehende Ernte, diesen Jubelruf der Frei¬
304 5057 943 5103 heit, und wie lange noch, wir lange?"\:p\
351 5094 1215 5173 \p\Als dann unser Schiff abfuhr. fragte ich mich
304 5160 1197 5201 schweren Herzens wieder, was ich außerhalb dieser ge¬
301 5195 1215 5243 liebten europäischen Erde zu finden hoffte, welchen
303 5226 1215 5272 Kampf wir, Kinder einer offenbar sich auflösenden
307 5263 1216 5302 Welt, in abenteuerlich fremden und fernen Landstri¬
303 5301 1198 5342 chen wohl kämpfen sollten, denn nur um die Frist,
303 5329 1215 5372 unser Dasein künstlich ein paar Jahre zu erhalten,
303 5366 957 5411 nur darum könne es doch nicht gehen.\:p\
351 5409 1215 5479 \p\Aber jetzt legt unser Schiff, das sich soeben erst von
301 5465 1197 5513 der Hafenmauer dort löste, stetig eine, zehn und hun¬
303 5504 1215 5549 dert Meilen zurück ein Tag geht zu Ende, ein anderer
303 5541 1200 5582 hebt an, die Uhr wird ein wenig verändert, die Luft
303 5570 1215 5616 wird feuchter und heißer, und jeden Abend empfinde
303 5606 1215 5648 ich deutlicher eine wahre Fülle von Lebenskräften. Wo
303 5641 1215 5680 sich der nächste Tag, und ein ganzes Dasein abspielen
303 5677 1215 5717 wird, zu welchem Ende, es scheint mir weniger wich¬
304 5708 1199 5752 tig als der Mut, der bei uns steht und sich immer aus
303 5739 700 5799 gleichen Quellen nährt.\:p\
846 5749 1172 5800 (Fortsetzung folgt.)
