1618 2415
481 277 1024 374 Zur Mädchenfrage.
110 340 968 412 \p\Die Mädchen sollen aus dem Bunde ausscheiden.\:p\
116 398 1447 466 \p\Nicht um sich selbständig zu machen, sondern weil sie, so wie sie heute da¬
47 445 791 502 stehen, nicht in den Wandervogel gehören.\:p\
118 475 1445 545 \p\Um gleich mit Beispielen anzufangen: Am Feuer der Landsgemeinde war es
49 540 1450 589 schön, prachtvoll, die Buben durch die Flammen springen zu sehen. Aber die
51 580 1445 635 Mädchen — verdarben höchstens das Bild. Die Buben mußten sie an der Hand
47 633 1449 677 nehmen, um sie mitzureißen. Und das ist das typische Bild für die Haltung des
47 670 1449 726 Mädchens im Wandervogel. Ich habe es nie so empfunden wie an der diesjährigen
47 723 1449 779 Landsgemeinde in Adetswil. Unter den Buben waren 20, 30 mit auffallenden
51 765 1445 812 Gesichtern, mit feinen Führerköpfen und klaren Stimmen. Aber auch in den Dis¬
47 810 1445 861 kussionen war kein Mädchen fähig, wirklich eine Meinung zu vertreten oder
49 851 1445 907 persönliche Kraft zu beweisen. Daß die Buben uns im Spiel weit überlegen sind,
49 896 1450 945 ist weiter nicht merkwürdig. Aber im allgemeinen sind wir Mädchen absolut
47 945 1449 994 \g\nicht unter\:g\ den Buben stehend. Ich meine, die jungen Mädchen zwischen
47 991 1449 1040 15 und 21 brauchen sich wahrhaftig nicht vor der Ueberlegenheit des männlichen
49 1038 1445 1100 Geschlechts zu fürchten. Aber im Wandervogel ja. Es gibt hundert Erklärungen,
47 1075 659 1129 aber keine Entschuldigungen dafür.\:p\
119 1100 1450 1170 \p\Die Mädchen reden immer wieder davon, sich selbständig zu machen. Wenn
51 1147 1447 1221 wir es probieren, so fällt unser ganzer Bund mit samt seiner Selbständigkeit
49 1203 1447 1264 innerhalb sechs Monaten zusammen. Warum? Weil uns — außer allem mög¬
47 1250 1450 1310 lichen — zwei Hauptsachen fehlen: Führerschaft und Freundschaft. Beides haben
47 1301 1449 1350 die Buben. Es sind einfach keine Mädchen da, die Persönlichkeiten sind. Es
53 1342 1447 1403 genügt nicht, die Wandervogel-Traditionen, Romantik, Fahrten und Singabende,
51 1396 1449 1443 zu schätzen, es genügt auch nicht, viel Zeit und Hingabe an die Gruppe zu
47 1431 1452 1484 wenden — es muß vor allem Persönlichkeit da sein. Wie in einem Bau, in dem
49 1480 1450 1528 sich alles um einen hochstrebenden, schlanken Pfeiler rankt, so müssen die Ein¬
56 1524 1450 1578 zelnen in einer Ortsgruppe absolut \g\abhängig\:g\ vom Führer sein. Aber wenn
51 1570 1449 1626 ein Mensch Führer ist, so muß man ihn nicht erst wählen. Ich merke von selber,
47 1617 1450 1663 wenn mich einer beherrscht und dann geht es mir etwa wie Ruedi in seinem
49 1657 1450 1717 „Manchmal“ - aber diese Hingabe kennen wir bei den Mädchen nicht, aus
53 1706 1449 1748 dem einfachen Grunde, weil wir niemanden haben, an den wir uns hingeben
47 1748 1450 1798 können und wollen. Ohne Menschen, die über dem Durchschnitt stehen, werden wir
47 1787 861 1855 aber immer nur Durchschnittsmädchen werben.\:p\
119 1813 1450 1891 \p\Die Folge ist ein Mangel an Freundschaft. Wirkliche Freundschaft zwischen zwei
51 1864 1447 1943 Jungen oder zwei Mädchen ist selten. Sie ist das Vorrecht hochstehender Menschen.
51 1926 444 1983 Und bei uns fehlt sie.\:p\
119 1940 1450 2019 \p\Das sind unsere Hauptfehler, denn sie sind die Ursache aller anderen. Wie
47 2010 1445 2064 wollen wir wirklich feine Fahrten machen, wenn wir uns — bis zu einem ge¬
47 2061 1449 2120 wissen Grad — gleichgültig sind, wenn uns unser Gefühl nicht einfach zueinander
47 2104 154 2169 reißt?\:p\
125 2119 1447 2201 \p\Der \g\Schwung\:g\ fehlt uns, den Führern wie allen anderen. Die Wenigen,
47 2192 1454 2255 die wir noch hatten, treten aus und finden, wir würden den Weg dann so gut
56 2238 1445 2287 finden, wie sie ihn fanden. Wer sucht ihn aber bei uns? Ohne es zu merken,
51 2283 1452 2338 stecken wir in einer spießbürgerlichen Zufriedenheit, wir begnügen uns, suchen\fml\\:p\
127 162 1531 251 \p\\fml\möglichst viel Ruhe, möglichst viel Sicherheit und möglichst wenig Feuer, weil
136 244 1531 293 wir uns daran die Finger verbrennen könnten. Weil wir aber die Nase nicht
134 283 1530 346 über unsere Wandervogelart hinausstrecken, merken wir nicht, wie einseitig, wie
136 323 1362 378 arm bald die Art unseres Lebens und die Art unserer Mädchen wird.\:p\
198 364 1533 420 \p\Deswegen brauchen wir uns vielleicht nicht aufzulösen. Ich weiß, daß ihr
131 410 1533 470 über den Gedanken allein entrüstet seid. Man hat mir auch gesagt, ich solle doch
131 463 1528 518 eine neue Gruppe nach meinem Herzen gründen. Aber die Leute, denen ich
132 502 1528 553 begegne, die mir gefallen, sind von zu verschiedener Art. Sie passen nicht zu den
132 549 1526 604 Mädchen im Wandervogel. Wenn diese den Mut hätten, sich einfach aufzugeben,
127 599 1531 657 würden wir ja sehen, ob der Wille und die Kraft zu einem Aufbau da ist. Vor
132 641 1136 696 allem: ob sich Mädchen finden, die Persönlichkeiten sind.\:p\
201 675 1528 740 \p\Denn so wie jetzt, ohne Schwung, ohne Ideen und Werke, ohne Liebe und
127 724 1526 779 ohne Schönheit zu sein, halb losgelöst und doch abhängig von den Buben, das
132 768 1531 834 hat absolut keinen Sinn, obwohl man natürlich mit viel Selbstzufriedenheit auch
127 816 1175 874 ohne Sinn ein Jahrhundert lang das Leben genießen kann.\:p\
198 855 1523 920 \p\Vielleicht soll man die Mädchen überhaupt nicht mit den Buben vergleichen,
131 904 1526 970 wie ich es tat. Aber dann müssen die Mädchen auch etwas für sich, sozusagen
129 952 1431 1001 eine Macht sein. Und das sie das (noch) nicht sind, wollte ich hier darlegen.\:p\
1014 1001 1484 1069 \p\Annemarie Schwarzenbach.\:p\
698 1069 963 1173 Antwort.
198 1162 1523 1231 \p\Zuerst muß ich sagen, daß Annemarie seit einem halben Jahr an keinem
124 1192 1523 1275 Nestabend mehr teilgenommen hat, nie mitgekommen ist auf eine Fahrt oder
122 1272 1524 1332 an einen Mädchengautag, deshalb kein Mädchen im Wandervogel kennt und
131 1307 1088 1365 so nicht Einblick in unsern Mädchenbund haben kann.\:p\
193 1351 1524 1406 \p\An einer großen Diskussion fällt es den Mädchen schwer, eine Meinung zu
124 1402 1517 1459 vertreten. Innerlich haben sie sich eine gebildet, aber diese entspringt dem Gefühl;
120 1447 1519 1507 denn bei uns ist das Gefühlsleben viel stärker als das Denken. Bis wir unsere
131 1489 1519 1544 Ansicht auch logisch formulieren können, haben sie die Buben schon lange aus¬
122 1535 1519 1586 gesprochen. Unsere Gefühle aber können wir nur in einem kleinen Kreis, bei
127 1579 1519 1639 solchen Leuten, die wir gut kennen, ungehemmt heraussagen. Daher das häufige
131 1621 1517 1680 Schweigen der Mädchen an einer großen, gemischten Diskussion. Wir unter uns
122 1666 1519 1722 können dennoch viel schaffen, gerade das, was für unser Leben hauptsächlich von
122 1715 1521 1766 Wert ist. Das liegt in unserer Art, wir können uns vor vielen nicht ganz so
120 1756 1524 1817 zeigen wie wir sind, wir sind viel zurückhaltender als die Buben. Wohl stehen
124 1807 1519 1858 wir nicht unter den Buben, aber wir fühlen, daß wir anders sind. Und dieses
131 1844 1524 1900 Anderssein zu unterdrücken, krampfhaft zu versuchen, das Wesen der Buben
122 1890 1524 1943 nachzuahmen, hat keinen Sinn. Unser Schweigen entspringt also nicht dem
127 1932 1512 1996 Gefühl der Abhängigkeit von den Buben, sondern daraus, daß wir, wenn auch
115 1982 1517 2044 manche unbewußt, fühlen, daß unsere Art, etwas wertvolles zu schaffen, ganz
122 2022 309 2075 anders ist.\:p\
196 2056 1519 2125 \p\In den wenigsten Ortsgruppen wird die Führerin durch Abstimmen gewählt,
124 2104 1514 2172 sondern man weiß, welches Mädchen an der Spitze stehen muß. Nie aber darf
124 2160 1517 2211 gesagt werden, alle müßten sich dieser Führerin hingeben können, absolut
115 2204 1517 2266 von ihr abhängig sein. Es gibt Mädchen, die das können, ja sogar müssen; aber
122 2243 1510 2298 den meisten ist es unmöglich, sich ganz einem Menschen zu geben, sich mit allem,
120 2293 1515 2354 was ihr Leben ausmacht, diesem Menschen zu unterziehen, auch wenn dieser noch
125 2331 1521 2395 so stark und bedeutend ist. Viele Mädchen müssen noch etwas für sich allein haben,
1715 161 3128 235 einen Teil ihres Wesens, wohin sie sich jederzeit zurückziehen können, mit
1724 230 2641 284 sich allein sein und eine Weile um sich selbst hören.\:p\
1793 268 3126 323 \p\Annemarie hat recht, wenn sie sagt, eine richtige Freundschaft sei selten und
1715 321 3123 369 nur möglich bei ganz hochstehenden Menschen. Und Menschen, die alle andern
1720 367 3126 412 überragen, gibt es verzweifelt wenig. In unserm Wandervogelbund wird deshalb
1715 408 3126 468 auch nur ganz selten ein solcher Mensch auftreten. Wir andern aber müssen deshalb
1708 454 3128 507 doch alle miteinander den Bund aufrecht halten und warten, bis in spätern Zeiten
1717 498 3128 548 wieder ein solcher Mensch unter uns erstehen wird. Deshalb stehen wir uns
1715 542 3126 592 dennoch nicht kalt gegenüber. Wir haben ein starkes Gemeinschaftsgefühl, welches
1724 592 3126 643 uns reich macht, uns zueinander führt und dazu beiträgt, unsere Erlebnisse auf
1720 636 3132 684 der Fahrt echt und stark zu machen. Ich habe auch bei den Mädchen noch nicht
1717 678 3128 729 viel von Ruhe und Zufriedenheit gespürt. Als ich noch sehr außen stand, da
1720 724 3123 777 schien mir unser Leben leer. Aber ich habe stark gesucht und habe immer mehr
1724 763 3126 820 gesehen, wie reich wir sind, daß ein Feuer in uns brennt, daß auch wir Mädchen
1726 816 3123 869 suchen und kämpfen. Nur spielt sich unser Leben fern von der Oberfläche ab,
1717 860 3123 915 nur der kann es in seiner Stärke fühlen, der den starken Willen hat, bei uns
1720 906 3128 957 allen zu suchen. Wir können uns nur denjenigen zeigen, die uns wirklich suchen.
1720 952 3128 994 Erst nach langem, mühevollem Arbeiten und Ringen kommt man dazu, unsern
1729 994 3135 1046 Mädchenbund zu spüren. Zuerst ist bei wenigen ein freudevolles Mitschaffen; wer
1720 1037 3128 1092 aber wirklich aushalten will, wird unsere Macht fühlen und dann kann er auch
1720 1077 3132 1139 das Glück empfinden, welches das ganze Feststehen im Mädchenbund uns bieten
1719 1123 1830 1185 kann.\:p\
2842 1127 3096 1187 \p\Vren Högger.\:p\
