4305 7124
396 4564 1222 4628 Das Tal Dargawskaja im Kaukasus
463 4615 1159 4684 Von \g\Annemarie Schwarzenbach\:g\
411 4676 1285 4723 \p\Im Jahre 1925 baute man eine Straße aus, die
357 4711 1285 4752 bisher nur als kaum gangbarer Saumpfad bestanden
357 4749 1285 4793 hatte, und die auch in ihrem neuen Zustand von Pfer¬
357 4790 1285 4828 den, Mauleseln und Ochsen nur mühsam und unter
361 4820 1285 4868 großen Anstrengungen benutzt werden kann. Sie führt
363 4860 1285 4906 aus einer engen und schattigen Schlucht in zahllosen
363 4891 1259 4940 Windungen auf einen Bergkamm, wo starker Wind
362 4927 1284 4973 bläst und der Blick sich plötzlich auf die „schwarzen
357 4965 1285 5007 Berge“, den „Berg der Jungfrau", und einen fernen
357 5001 1285 5043 Gletscher öffnet. Die Berge, die Kluft, die steile
363 5032 1285 5067 Gebirgsstraße liegen im \g\Kaukasus\:g\, im autonomen
363 5063 1285 5105 Gebiet von \g\Nord=Ossieten\:g\, nicht allzu weit von
363 5096 1285 5135 der Stadt Ordjonikidze entfernt, aber so abseits von
361 5137 1285 5171 der großen Heerstraße, daß bis zu den Jahren der
361 5169 1266 5215 Revolution und des Straßenbaus kaum ein Russe sich
361 5202 1277 5243 hier hinaus verirrt hat. Jetzt errichtet man unten
361 5238 1265 5280 in der Schlucht ein Elektrizitätswerk, das Wasser eines
361 5276 1262 5313 Gebirgsflusses wird kilometerweit durch das Felsmassiv
361 5310 1285 5359 geleitet, und die moderne Technik ist nur noch durch
363 5343 1285 5380 die hohe, glatte Wand von dem Tal Dargawskaja und
360 5374 1285 5422 seinen isolierten Bewohnern getrennt. Reitet man
360 5413 1285 5458 hinauf, so begegnet man knarrenden Ochsenkarren,
357 5447 1264 5491 zweirädrig, hoch beladen mit Holz, Korn, Schaffellen
376 5482 1286 5526 — in jeder Kurve scheinen sie stecken bleiben zu
361 5511 1285 5555 wollen, die weißen Ochsen zerren widerwillig am Joch
357 5552 1285 5597 über ihren gesenkten Stirnen, Männer in großen Filz¬
357 5585 1285 5634 hüten greifen fluchend in die Speichen, und die kleinen
368 5617 1285 5682 Buben treiben mit Peitsche und gellenden Zurufen
361 5652 598 5698 die Tiere an.\:p\
416 5665 1285 5725 \p\Doch oben angelangt, hat alle Mühe ein Ende.
362 5715 1285 5770 Breit liegt das Tal zu unseren Füßen, mit trockenen
357 5761 1285 5803 Weiden, grünen Abhängen bis zum Fuß der Felsen,
361 5791 1285 5830 großen Schafherden am Ufer des vielarmig sich ver¬
357 5825 1285 5878 teilenden Flusses. Der Gletscher speist ihn, sein Wasser
363 5857 1264 5903 ist milchig und eiskalt, es gibt keine Brücken und wir
363 5897 1285 5940 reiten mit unseren Pferden durch Furten über runde,
361 5935 1285 5972 glatte Kieselsteine. Gleich zu Anfang gibt es eine Tal¬
367 5964 1286 6003 sperre: einen vorspringenden Felsen, darauf zerfallene
361 6003 1286 6035 Mauern und Wachtürme. Der Führer, ein ossetischer
357 6035 1285 6069 Greis, der zu Fuß den Pferden vorangeht, erklärt mir:
357 6061 1285 6119 Kulaken, Feudalherren haben sie gebaut, im Kampf
1297 4557 2216 4618 gegen andere Bergvölker aber auch gegen Perser,
1293 4577 1831 4631 Mongolen, Türken und Russen.\:p\
1343 4614 2215 4673 \p\In der ganzen Talschaft liegen fünf Dörfer, wo¬
1288 4660 2215 4700 von das größte wie das Tal selbst Dargawskaja heißt.
1281 4693 2215 4733 Es liegt am Fuß einer Moräne, die sich wie ein run¬
1280 4730 2215 4774 der, gewaltiger, natürlicher Schutzwall ausdehnt. Wir
1281 4763 2215 4812 reiten lange dem Fluß entlang, ehe wir das Dorf er¬
1281 4805 2203 4845 reichen — und dann sind die seltsamen Gebäude, die
1281 4835 2215 4876 man über einen Felshang verstreut sieht, noch nicht
1281 4868 2215 4905 das Dorf der Lebenden, sondern eine Stadt der Toten,
1343 4899 2215 4942 Man überquert an dieser Stelle den Fluß über eine
1280 4920 2215 4981 Brücke. An ihrem Ende stehen wie ein Stadttor zwei
1281 4971 2215 5014 runde, pyramidenförmig überdachte Türme. Sie
1280 5006 2215 5052 haben, etwa einen Meter über dem Erdboden, eine
1281 5033 2215 5082 längliche Oeffnung, und hindurchblickend sieht man
1281 5076 2215 5115 einen Haufen übereinandergeworfener Skelette, zer¬
1281 5106 2215 5153 brochene Schädel, von Stangen herabhängende Haut¬
1281 5146 1928 5182 stücke, Fetzen verblichener Gewänder.\:p\
1345 5174 2217 5227 \p\Den Abhang hinaufkletternd, gerät man in Toten¬
1281 5205 2215 5260 gassen, auf Totenplätze, in zerfallenes Totengemäuer.
1281 5240 2216 5303 Ringsum wachsen die Türme wie Pilze in die Höhe,
1281 5287 2215 5328 immer mit vierseitigen Pyramiden als Dächer, deren
1281 5319 2215 5354 sich verjüngende Steinschichten von je einer dünnen
1281 5349 2216 5402 Schieferschicht unterbrochen sind. Diese vorspringenden
1281 5377 2215 5442 Dächlein geben den sonderbaren Gebäuden fast etwas
1281 5415 1708 5461 Chinesisch=pagodenhaftes.\:p\
1341 5442 2215 5508 \p\Die Dorfleute pflegten seit vielen hundert Jahren
1281 5492 2215 5532 in solchen Türmen ihre Toten zu begraben. Man
1281 5521 2215 5571 schob die neuen Leichen durch die kleinen Fenster zu
1280 5552 2215 5606 den alten, und der Wind und die trockene Bergluft
1281 5598 2191 5639 sorgten für ihre unheimliche Mumien=Konservierung.
1281 5631 2215 5676 Die ältesten Türme sollen aus dem 12. Jahrhundert
1292 5659 2217 5703 stammen, aber unter ihrem Boden fand man Gräber,
1280 5684 2194 5743 die bis in das 5. Jahrhundert zurückgehen. Und noch
1281 5730 2185 5770 bis in das 19. Jahrhundert wurden diese Familien¬
1281 5752 2216 5804 Grabstätten benutzt — es gibt in Dargawskaja Leute,
1281 5804 2215 5863 die sich an die letzten dort bestatteten Toten noch er¬
1281 5827 1547 5882 innern können.\:p\
1345 5851 2216 5911 \p\Im Rücken der phantastisch=schrecklichen Nekropole
1280 5893 2197 5950 steht, etwas erhöht, eine zerbrochene Mauer, der
1281 5942 2188 5980 Bogen eines Gewölbebaus ist noch zu erkennen — man
1281 5975 2216 6015 sagt mir, daß es der Ueberrest einer christlichen Kirche
1281 6014 2215 6058 ist, in welcher die Osseten ihren alten Göttern Opfer
1281 6049 2215 6079 darbrachten. Sie waren teils Heiden, teils Moham¬
1281 6069 2215 6125 medaner. Erst den Russen fiel es in der zweiten Hälfte
2210 4561 3138 4611 des 18. Jahrhunderts ein, aus ihnen Christen zu
2221 4602 3157 4640 machen. Aber es geht das Gerücht, daß ihr Christen¬
2211 4636 3157 4681 tum bis auf den heutigen Tag einige heidnische Be¬
2211 4673 3130 4709 sonderheiten zeige: bevor man zur Erntearbeit geht,
2211 4707 3157 4757 versammeln sich alle jungen Männer der Dorfschaft
2211 4734 3157 4777 in der Kirche und verzehren ein Stück Brot, das ihnen
2211 4767 2564 4825 ihre Mutter reicht. —\:p\
2281 4801 3126 4847 \p\Die Ernte im Dargawskaja-Tal war früher spär¬
2210 4847 3157 4895 lich, wie der bebaute und fruchtbare Boden spärlich
2210 4869 3157 4935 war, und es heute noch ist. Aber heute gehört das
2211 4915 3119 4954 Tal den Bauern, früher gehörte es einer Anzahl feu¬
2211 4948 3132 4987 daler Grundbesitzer, welche Wachttürme erbauten und
2211 4984 3156 5019 die Wohntürme bewohnten, die Krieg führten und die
2211 5010 3156 5079 Bauern unterdrückten. Einer von ihnen eignete sich
2211 5050 3132 5098 sogar große Macht an, daß das Volk ihn „Zar" nannte.
2210 5073 3156 5129 Zar Oßta, gefürchtet und gehaßt, war ein großer
2211 5119 3156 5165 Kämpfer: man zeigt mir im Dorf die beiden starken
2228 5156 3156 5205 Türme, die er erbaut hat, und im Museum einen
2211 5194 3135 5235 persisch geformten Helm und ein rostiges Kettenhemd,
2211 5223 3156 5267 einen Dolch und einen Bogen, die sämtlich ihm gehört
2211 5262 3126 5303 haben. — Das Museum von Dargawskaja: ein nie¬
2211 5284 3156 5335 driger Raum in einem Bauernhaus, in einem Glas¬
2211 5322 3156 5364 kasten sieht man Mineralien, Steine mit Kupfer,
2211 5364 3156 5407 Silber, und selbst Goldadern, die man in den um¬
2211 5396 3156 5441 liegenden Bergen gefunden hat; daneben die Waffen
2229 5427 3156 5481 des großen Zaren, aus dem 15. Jahrhundert stam¬
2211 5473 3156 5511 mend, ein Heiligenbild zwischen Dolchen und schweren,
2211 5507 3156 5548 alten Flinten, Trinkhörner und Pulverhörner aus
2211 5530 3156 5581 Steinbock=Geweihen, und neben einem Stich, den
2211 5581 3156 5620 schnauzbärtigen und fürchterlichen Zaren Oßta dar¬
2210 5620 3156 5665 stellend, ein Bild von Lenin, ein anderes von Stalin
2210 5646 2741 5692 und vom General Woroschilow.\:p\
2281 5657 3157 5739 \p\Der Schullehrer führt uns umher — inzwischen
2227 5726 3154 5764 grasen unsere Pferde im geräumigen Schulhof, die
2211 5771 3154 5809 Buben sitzen in der heißen Mittagssonne, wickeln den
2211 5802 3154 5835 Pferden einen Zügel um einen Vorderhuf und machen
2227 5829 2657 5881 sich die Hüterpflicht leicht.\:p\
2283 5855 3156 5907 \p\Sie gehen noch nicht lange zur Schule. Bis vor
2211 5909 3153 5964 einigen Jahrzehnten hatten die Osseten eine primitive
2229 5944 3154 5993 Schrift, in der sich, wie der Lehrer sagt, nicht viel
2211 5981 3127 6026 schreiben ließ. Dann wurde die lateinische Schrift adop¬
2211 6023 3154 6060 tiert, und seit der Revolution werden unten in Ord¬
2211 6055 3154 6115 jonikidze Arithmetik- und Literaturbücher gedruckt, und
2210 6079 2882 6146 nun gibt es schon ossetische Dichter ...\:p\
3211 4561 4066 4612 \p\Oben, in den Taldörfern, war es schwierig, die Kin¬
3154 4608 4064 4655 der zum Lernen zu bewegen. Die Eltern brauchen sie
3154 4642 4078 4686 während der Ernte, die Schule beginnt also erst am
3168 4678 4076 4732 1. September, aber im Winter liegt hoher Schnee, und
3154 4710 4078 4761 das Tal hat nur eine Schule, wohin der Weg für
3154 4750 3524 4805 viele Kinder weit ist —\:p\
3212 4769 4069 4836 \p\Aber der Lehrer versichert, daß sie jetzt schon gerne
3166 4819 4073 4868 lernen. Auch Erwachsene kommen, um lesen zu ler¬
3154 4864 4069 4907 nen. Im vierten Jahr beginnen sie mit Russisch,
3154 4894 4075 4942 Ossetisch ist eine indogermanische Sprache, sie klingt
3170 4932 4070 4977 voll und schön, aber sie wird nur von 150,000 Menschen
3153 4966 4078 5016 gesprochen. Und dieses größere ossetische Heimatland
3166 5009 4063 5049 ist den Leuten im Tal von Dargawskaja nahezu un¬
3154 5043 4067 5089 bekannt. Meinen sie Ordonikidze, so sagen sie kurz¬
3154 5082 4075 5125 weg „die Stadt“ — wie groß, wie unausdenkbar weit
3154 5116 3750 5169 entfernt muß da erst Moskau sein!\:p\
3212 5146 4069 5194 \p\Wie wir gegen Abend aus dem Dorf wegreiten,
3154 5191 4066 5231 macht mir das Fohlen meiner Stute große Mühe. Es
3154 5225 4069 5270 ist müde, es versucht alles, um die Mutter zum Stehen
3166 5265 4080 5311 zu bringen, es stellt sich uns quer über den Weg, reibt
3154 5296 4063 5343 seinen Kopf gegen mein Knie, rollt sich im Gras und
3154 5340 4069 5376 bleibt kläglich wiehernd zurück. Es bringt mich dazu,
3153 5374 4073 5422 abzusteigen, zu warten, und dann neben meinem Pferd
3153 5405 4067 5448 zu gehen, den Zügel lose in der Hand. Wir gehen an
3154 5443 4070 5488 der Totenstadt vorbei, über den Fluß, durch den Tal¬
3153 5488 4068 5531 grund abwärts. Die Sonne bleibt weit hinter uns
3154 5518 4078 5558 an den Gipfeln hängen, und der Gletscher fängt sie wie
3154 5553 4074 5599 in einem Kessel ein. Die schwarzen Berge liegen im
3153 5583 4069 5638 Schatten, wir gehen über die schattig feuchten Wiesen,
3154 5629 4069 5669 frierend. Der Führer erzählt mir eine Geschichte, eine
3166 5660 4061 5708 der zahllosen Dargawskaja-Legenden. „Jener Berg"
3154 5702 4070 5743 sagt er, „heißt Berg der Jungfrau — wissen Sie wes¬
3154 5737 4067 5777 halb? Fünf Brüder zogen dort hinauf, um Bären zu
3154 5765 4069 5815 jagen, und befahlen ihrer Schwester, daß sie ihnen das
3154 5812 4069 5855 Essen nachtragen solle. Sie tat es, aber sie verirrte
3164 5847 4067 5893 sich, und als sie schon todmüde war, bat sie den Berg¬
3154 5882 4069 5924 gott, sie in einen Stein zu verwandeln. Und er war
3154 5916 4069 5957 so gnädig, es zu tun. Sehen Sie jenen weißen Stein
3154 5956 4069 5997 dort oben?" — „Ich sehe drei weiße Steine", sagte ich.
3172 5994 4069 6030 — „Richtig", sagte der Alte, „das Mädchen hatte einen
3154 6027 4066 6071 Esel und einen Hund mitgenommen. Der größte Stein
3154 6060 4069 6119 ist der Esel, der mittlere ist das Mädchen, und der
3153 6094 3699 6157 kleinste, das ist der treue Hund."\:p\
