3837 5669
168 662 914 727 Schweizer Pionierarbeit im Urwald
251 722 920 781 \p\Von der bekannten schweizerischen Reiseschrift¬
206 778 915 815 stellerin \g\Annemarie Schwarzenbach\:g\ ist
203 812 914 841 uns gestern der nachfolgende Bericht zugegangen
206 839 915 875 der im Juni dieses Jahres in Leopoldville in Bel¬
205 869 917 905 gisch-Kongo abgeschickt wurde; die lange Zeit, die
196 901 911 943 dieser Brief brauchte, um uns zu erreichen, ver¬
200 931 926 966 anschaulicht besser, als Worte es vermögen, wie es
200 964 744 1001 heute draußen in der Welt aussieht.\:p\
684 986 890 1039 \p\Die Redaktion\:p\
380 1054 714 1118 I. Der Belgische Kongo
448 1108 897 1172 \g\Molanda\:g\, im Sommer 1941
203 1147 920 1202 \p\Im \g\Belgischen Kongo\:g\, einer Kolonie, die
162 1199 914 1235 etwa achtzigmal so groß ist wie das Mutterland, sind
156 1235 917 1281 heute gegen dreißigtausend Weiße ansässig, darunter
156 1269 915 1300 weniger als zweihundert \g\Schweizer\:g\. Die meisten
156 1299 917 1345 dieser Schweizer sind aber nicht „Kolonen“, das heißt
156 1337 923 1369 Leute mit selbständigen Unternehmungen, Geschäften
159 1370 920 1409 oder Plantagen, sondern sie sind Angestellte indu¬
162 1404 923 1445 strieller und kaufmännischer Firmen, Ingenieure, eini¬
156 1440 926 1481 ge von ihnen vom Staat engagierte Veterinäre. Die
162 1474 923 1510 belgische Kolonie ist nicht nur reich an Bodenschätzen,
164 1514 920 1544 vor allem an Kupfer, Zinn und Gold, sondern pro¬
162 1540 921 1586 duziert auch eine große Menge wichtiger Rohstoffe.
162 1578 921 1618 Die bedeutendsten unter ihnen sind Kaffee, Palm¬
168 1609 923 1649 und Erdnußöl, Kakao, Baumwolle, Kautschuk und
162 1647 917 1688 Kopal. In Katanga, der südlichen Provinz mit ge¬
162 1676 923 1712 mäßigterem Klima, sowie in den gebirgigen Provinzen
162 1710 921 1754 Ituri und Kivu im Osten, die den britischen Tanga¬
162 1744 921 1787 nyika und Kenya benachbart sind, wird heute eine
162 1781 923 1819 europäische Landwirtschaft mit Viehzucht, Milchwirt¬
165 1818 924 1861 schaft, Obst- und Gemüsebau entwickelt. Seit der deut¬
165 1847 926 1892 schen Okkupation Belgiens und der völligen Trennung
165 1883 924 1924 der Kolonie vom Mutterland und den europäischen
165 1919 927 1956 Märkten ist diese landwirtschaftliche Produktion für
165 1953 926 1995 die Ernährung der weißen Bevölkerung beinahe un¬
161 1990 916 2027 entbehrlich geworden und wird mit allen Mitteln ge¬
162 2022 932 2061 fördert, während andererseits die Südafrikanische
165 2061 932 2111 Union für die Lebensmittelimporte steigend herange¬
165 2093 356 2137 zogen wurde.\:p\
211 2138 929 2189 \p\Die Grubengesellschaften des Belgischen Kongo, der
162 2177 926 2222 sich weiterhin im Krieg an der Seite Großbritanniens
165 2214 927 2251 befindet, fanden für ihre Produktion sofort Absatz in
162 2249 954 2288 England sowie in den Vereinigten Staaten, hingegen
162 2282 954 2324 litten die Plantagen zuerst stark unter dem Wegfall
174 2321 923 2358 des europäischen Marktes, und obwohl England einge¬
171 2359 936 2397 sprungen ist und heute gemeinsam mit Amerika we-
171 2386 926 2427 nigstens einen Teil des Absatzes, besonders von Kaffee,
171 2423 933 2463 Palmöl und Arachidöl, gesichert hat, sind die normalen
174 2453 929 2493 Absatzverhältnisse doch noch nicht wiederhergestellt.
178 2490 929 2529 Aber da die Schwierigkeiten, mit denen der Pflanzer
171 2525 932 2562 heute zu kämpfen hat, nur durch den Krieg bedingt
171 2561 930 2599 sind, wird der Kongo mit seinen reichen Möglichkei¬
171 2592 930 2632 ten und seiner verhältnismäßig noch dünnen weißen
170 2628 931 2668 Besiedelung als Kolonisationsgebiet in der weiteren
168 2660 954 2702 Zukunft seine große Anziehungskraft nicht verlieren.
174 2695 926 2735 Man versteht erst durch eine genauere Kenntnis der
174 2731 954 2767 Verhältnisse, warum die selbständigen Kolonen, sowohl
168 2769 932 2803 belgischer wie anderer Nationalität, noch recht dünn
171 2798 932 2842 gesät sind. Eine Plantage im Urwald entsteht nicht
168 2842 932 2875 von heute auf morgen. Der Pflanzer muß mit einem
171 2869 932 2911 Boden rechnen, der noch nie bebaut worden ist, mit
168 2900 929 2944 Negern als Arbeitskräften, die nie regelmäßige Ar¬
168 2937 929 2980 beit gekannt haben und nicht daran interessiert sind,
168 2973 954 3024 sondern den Weißen im Gegenteil als Eindringling
168 3009 927 3047 empfinden. Schutz und Hilfe des Gesetzes und der Be¬
168 3042 932 3079 börden, die ihm natürlich zugesichert sind, können ihm
174 3078 933 3109 doch nicht immer in befriedigendem Maße zuteil wer¬
174 3109 933 3154 den. Denn das Netz der Verwaltung ist noch dünn,
168 3143 932 3187 die Kontrolle von oben ist schwierig, und viel hängt
168 3183 954 3219 vom einzelnen Beamten ab, der besonders in abgele¬
168 3209 954 3254 genen Gegenden oft in einem großen Territorium eine
167 3252 929 3290 ganze Reihe von Funktionen in seiner Hand vereinigt.
168 3285 927 3317 Meistens haben es kapitalkräftige Gesellschaften mit
168 3316 929 3354 einer großen Zahl von Angestellten leichter, eine Plan¬
171 3349 932 3381 tage erfolgreich auszubeuten, als der selbständige Ko¬
174 3380 933 3418 lone, der allein und auf sein eigenes Risiko arbeitet.
180 3417 930 3461 Wer unter heutigen Verhältnissen eine Plantage auf¬
168 3452 938 3493 bauen will, muß über große physische und moralische
174 3485 920 3522 Energie verfügen; statt mit raschem Erfolg, muß er
168 3518 954 3555 mit vielen Rückschlägen rechnen, und er muß, statt die
177 3554 936 3591 finanziellen Ergebnisse im Auge zu haben, mit zäher
180 3588 929 3623 Liebe an dem Stück Boden hängen, das er in gedul¬
168 3622 929 3664 diger und schwerer Arbeit der Wildnis abgerungen
168 3663 573 3703 und fruchtbar gemacht hat.\:p\
1105 629 1559 699 II. Die Schweizer von Molanda
1004 684 1723 732 \p\Als ich im Belgischen Kongo ankam, interessierte
965 727 1755 777 ich mich von Anfang an stark für die Frage, welche
965 769 1755 804 Möglichkeiten sich in diesem Land den europäischen,
968 796 1755 837 besonders den schweizerischen Einwanderern bieten. In
965 830 1720 877 Leopoldville, der Hauptstadt des Kongo, erkundigte
965 872 1726 911 ich mich nach Schweizern, die sich auf einer eigenen
965 905 1755 964 Plantage erfolgreich durchgesetzt hätten. Man nannte
965 939 1755 979 mir \g\Molanda\:g\, die Pflanzung des Genfers Vivien,
965 972 1724 1019 welche nach einstimmigem Urteil nicht nur die größte
965 1010 1726 1050 sondern auch eine der besten und gepflegtesten der
965 1047 1717 1082 privaten Plantagen des Belgischen Kongos sein sollte.
965 1079 1720 1114 Molanda liegt am Fluß Mangola, einem Nebenfluß
965 1113 1755 1145 des Kongos, so recht im Herzen des äquatorialen
964 1145 1720 1183 Dschungels, und es ist nicht ganz leicht zu erreichen,
965 1177 1724 1220 wenigstens nicht für Leute, die an unsere heimatlichen
965 1215 1720 1250 Distanzen und Reisebequemlichkeiten gewöhnt sind.
965 1250 1726 1285 Von Leopoldville fährt man etwa 1200 Kilometer
965 1281 1755 1323 den Kongo aufwärts bis Lisala, wofür die schnellsten
965 1314 1714 1354 Flußdampfer sieben Tage brauchen. Dort gilt es dann,
965 1349 1720 1390 ein Auto oder einen Camion zu finden, um 250 Kilo¬
965 1382 1726 1425 meter durch den Urwald bis Molanda zurückzulegen,
965 1418 1726 1456 und für die dürftig geebneten und verbreiterten
965 1450 1755 1490 Dschungelpfade wäre die Bezeichnung „Straße" über¬
965 1485 1081 1532 trieben.\:p\
1012 1522 1727 1564 \p\Ich hatte in der Hauptstadt einige Wochen zwischen
968 1558 1727 1605 Beamten, Diplomaten, Militärs, Kaufleuten, Aerzten,
965 1592 1755 1632 Redakteuren und Propagandisten recht angenehm zu¬
971 1630 1755 1664 gebracht und hatte Mühe, mich davon zu überzeugen,
968 1661 1723 1702 daß ich mich im dunklen Erdteil Afrika befand. Ich
965 1693 1724 1733 wunderte mich daher nicht, daß mir die Reise nach
965 1727 1729 1766 Molanda als waghalsiges und unnötiges Abenteuer
968 1761 1727 1802 geschildert wurde, ließ mich aber dadurch nicht ab¬
971 1793 1723 1840 schrecken. Ich weiß aus Erfahrung, daß man ein Land
964 1838 1720 1871 nur kennen lernt durch die Menschen, die es bebauen
971 1864 1726 1904 und formen, und die mit ihm und von ihm leben.
968 1894 1755 1934 Und dies bedeutete in der Kolonie eben, ins Innere
965 1931 1724 1975 zu gehen, wofür die Koloniebewohner den Ausdruck
968 1964 1727 2010 „vivre en brousse“ geprägt haben. Dieses „im Dschun¬
968 1998 1723 2037 gel leben“ ist allerdings nicht nach jedermanns Ge¬
968 2034 1723 2070 schmack. Ich erinnerte mich nun, daß mir Belgier schon
968 2069 1727 2103 auf dem Dampfer zwischen Lissabon und dem Kongo
965 2103 1755 2141 den Namen der Schweizer von Molanda genannt und
968 2135 1723 2172 allerhand Geschichten darüber erzählt hatten, die mir
968 2167 1755 2206 zum mindesten übertrieben erschienen. Es hieß zum
974 2203 1726 2237 Beispiel, Madame Vivien arbeite neben Monsieur
965 2236 1711 2270 wie ein Mann; sie fürchte weder die Schwarzen noch
965 2267 1724 2303 die Leoparden, und sie schieße sogar Elefanten. Als ihr
974 2302 1723 2339 Mann schwer krank geworden sei, habe sie ihn selber
971 2335 1720 2372 operiert, und als er dann zur Erholung habe in die
968 2369 1732 2406 Schweiz zurückkehren müssen, sei sie ganz allein mit
968 2403 1732 2439 den Schwarzen in Molanda geblieben und habe die
971 2439 1723 2476 Plantage weitergeführt, ja sogar Urwald neu gerodet
971 2469 1720 2507 und mit Palmen und Kaffeesträuchern bepflanzt. Auf
968 2504 1732 2541 der Plantage würden Neger vom Stamme der Gwaka
968 2536 1723 2574 beschäftigt, die als wilde Menschenfresser gefürchte:
971 2570 1732 2609 seien. Madame Vivien sei aber bei den Schwarzen so
965 2604 1720 2638 beliebt wie sonst kein Weißer und wisse sich besser
968 2628 1727 2678 Respekt zu verschaffen als die Beamten. Wenn sie durch
965 2672 1726 2709 die Dörfer fahre, liefen ihr die Leute jubelnd ent¬
968 2703 1729 2747 gegen, und sie bekomme zu essen, wo sonst nicht einmal
965 2738 1672 2783 die Missionsväter eine Banane finden würden.\:p\
1018 2779 1729 2827 \p\Ich fand später in Molanda, daß diese Geschichten
971 2813 1721 2856 auf Wahrheit beruhen, und ich hoffe, daß ich in einer
971 2849 1720 2889 der nächsten, mondhellen Nächte mit Madame Vivien
974 2886 1726 2924 ausgehen kann, um einen Elefanten zu schießen. Aber
965 2915 1726 2955 die Elefantenjagd ist hier weder ein Spaß noch ein
974 2949 1723 2990 sportliches Abenteuer, sondern eine Notwendigkeit
965 2985 1724 3022 Denn wenn des Nachts eine Herde der riesigen Ge¬
968 3027 1720 3058 sellen aus dem Dschungel kommt und in die Pflanzung
967 3058 1727 3092 einbricht, dann ist der Schaden jedesmal beträchtlich
971 3081 1717 3125 Sie zertrampeln Hunderte von jungen Pflanzen, rei¬
971 3123 1726 3161 ßen mit dem Rüssel die Palmherzen aus den Stäm¬
968 3150 1732 3190 men, wodurch die Bäume absterben, und zerstören in
965 3183 1717 3225 einer halben Stunde die Arbeit von Wochen. Da das
965 3219 1720 3257 Gesetz die freie Jagd auf Elefanten verbietet, darf
971 3253 1723 3289 man die Tiere nur im Umkreis der Plantage schießen
992 3288 1723 3326 — und bis Madame Vivien, von den schwarzen Wäch¬
968 3320 1727 3359 tern geholt, auf dem Schauplatz ankommt, ist es
968 3350 1723 3388 häufig zu spät: Die Elefanten haben ihr verheerendes
968 3383 1727 3421 Werk getan und sind wieder im Urwald untergetaucht.
968 3420 1723 3457 Andere Gefahr droht von den Leoparden, die nachts
977 3452 1727 3494 Hühner, Enten und Ziegen abwürgen. Man fängt
968 3487 1727 3525 sie in Fallen, in denen man eine junge Ziege an¬
965 3519 1724 3553 bindet, und erschießt sie dann. Madame Vivien er¬
974 3550 1733 3593 zählte mir, wie der erste Leopard in Molanda getötet
968 3587 1165 3633 worden war:\:p\
1012 3595 1727 3658 \p\Nachdem eines Nachts eine Anzahl Enten geraubt
965 3652 1755 3692 worden waren, ließ sie durch die Schwarzen neben dem
1756 619 2517 662 Entenhaus eine Falle bauen. Diese besteht aus einem
1758 654 2518 702 dreifachen Ring von tief in den Boden gerammten
1762 690 2521 730 Pfählen; im innersten Raum ist die kleine Ziege fest¬
1756 725 2520 770 gebunden. Der Leopard betritt den ersten Ring und
1756 766 2520 794 gerät in einen Gang, der zum zweiten Ring führt.
1762 792 2511 825 Im Gang ist ein dünnes Netz ausgespannt, das durch
1756 826 2520 865 eine Schnur mit einem Brett darüber verbunden ist.
1768 858 2517 895 Wenn der Leopard an das Netz stößt, wird die Schnur
1765 893 2520 932 gestrafft, und das Brett fällt herunter und versperrt
1756 927 2511 968 als Falltüre den Gang. Der Leopard ist gefangen, ohne
1756 957 2511 1003 aber die Ziege im inneren Pallisadenring fressen zu
1762 988 2514 1028 können. Als die Falle bereit war, schickte Madame
1762 1025 2521 1060 Vivien während der Nacht einen schwarzen Burschen
1756 1056 2515 1104 hinunter um nachzusehen, ob der Leopard hineinge¬
1762 1095 2511 1126 gangen sei. Der Boy kam und sagte: „Es kann sein,
1756 1128 2510 1168 daß er drin ist, es kann auch sein, daß er nicht drin ist.
1761 1158 2514 1204 Ich konnte nicht so nahe hingehen.“ — Sie gab ihm
1755 1194 2508 1234 die Flinte mit und schickte ihn ein zweitesmal, dann
1756 1228 2511 1266 ein drittes und viertes: er kam immer mit dem
1762 1259 2514 1298 gleichen Bescheid zurück. Endlich um 1 Uhr schien er
1755 1301 2511 1335 seiner Sache sicherer: er hatte den Leoparden in der
1762 1329 2511 1363 Falle knurren gehört. Madame ging mit mehreren
1765 1358 2511 1394 Negern hinunter, steckte das Gewehr durch die Palli¬
1765 1391 2514 1432 saden, und befahl einem der Boys, hinter ihr die
1762 1424 2511 1462 Lampe zu halten. Aber der Leopard schnellte mit einen
1756 1461 2515 1497 Satz gegen das Licht, und der Schwarze lief mitsamt
1756 1492 2515 1528 der Lampe schreiend davon. Das wiederholte sich
1765 1520 2520 1561 mehrmals; dann nahm Madame Vivien die Lampe
1762 1558 2521 1597 selbst, und befahl dem Boy, zu schießen. Als der Leo¬
1756 1595 2517 1634 pard wieder zum Sprung ansetzte, lief der Schütze mit
1756 1625 2515 1663 der Flinte davon, mit ihm die anderen Schwarzen, und
1768 1658 2517 1697 Madame Vivien blieb mit der Lampe und dem Leo¬
1762 1696 2517 1732 parden allein. Schließlich hielt sie die Lampe in einer
1768 1722 2514 1766 Hand, hielt mit dem anderen Arm den Schwarzen fest
1762 1761 2508 1795 und befahl ihm, im richtigen Moment zu schießen. Er
1761 1792 2508 1831 zerschoß dem Leoparden die Kehle. Aber obwohl die
1765 1826 2520 1861 Boys an seinem Schwanz zupfen konnten und sich über¬
1762 1859 2521 1895 zeugten, daß er auch wirklich tot sei, mußte Madame
1756 1893 2511 1927 Vivien ihnen voraus gehen, um den Leoparden aus
1762 1926 2521 1967 der Falle herauszunehmen. Sie sagte mir, daß das als
1771 1957 2508 2001 Lockmittel in der Falle verwendete Zicklein nachher
1771 1993 2511 2032 zwar weitergelebt habe; aber es sei nicht mehr ge¬
1762 2026 2457 2071 wachsen: so sehr war es vom Schrecken verstört.\:p\
1810 2062 2517 2113 \p\Jagdgeschichten und Negergeschichten gibt es viele
1756 2101 2511 2143 in Molanda, sie gehören zum Leben der Plantage.
1765 2136 2514 2177 Aber dieses Leben, wie ich es jetzt kennen gelernt
1756 2173 2511 2213 habe, ist vor allem eines der täglichen Arbeit, des täg¬
1762 2203 2521 2239 lich erneuerten Muts und der täglich neu angewandten
1761 2238 1917 2281 Ausdauer.\:p\
