4279 7121
1372 4366 1833 4446 Baltisches Tagebuch
1366 4431 1847 4493 Von \g\Annemarie Clark\:g\
1327 4479 1880 4532 \g\Bahnfahrt durch Estland\:g\
1250 4528 2077 4577 \p\Es handelt sich ja um ein kleines Ländchen, um
1145 4567 2047 4608 einen Kleinstaat von bloß 47,750 Quadratkilometer
1145 4601 2050 4642 Flächeninhalt. Aber seitdem ich das schöne, westlich
1150 4632 2077 4673 zivilisierte, großstädtische und gleichsam heimatliche
1145 4665 2077 4711 Riga verlassen und vier Stunden später die Grenze
1145 4698 2053 4739 Estlands überschritten habe, – seither hat sich die
1145 4735 2077 4771 Welt gründlich verändert, und ich bin so gut ein
1145 4773 2047 4821 Fremder, wie ich es im Herzen Rußlands oder drüber
1150 4801 2077 4845 in Kleinasien gewesen bin. Daß ich deutsch spreche,
1154 4835 2077 4881 hilft mir wenig, – von anderen „Weltsprachen" ganz
1150 4871 2077 4904 zu schweigen. Hier redet man eben estisch, — und wenn
1145 4903 2077 4940 man es freundlich mit mir meint, will man mir auf
1145 4937 2077 4972 russisch beistehen. Und die litauischen und lettischen
1150 4968 2051 5011 Idiome, obwohl ich natürlich auch davon kein Wort
1145 5004 2077 5040 verstand, klangen geradezu vertraut, verglichen mit
1145 5033 2077 5084 dieser finnisch-ugrischen Seltsamkeit. An den Esten
1148 5068 2078 5130 liegt es nicht, — wie kommen diese blonden, hochge¬
1144 5100 2077 5148 wachsenen, blauäugigen Leute dazu, eine so uralt
1145 5136 2077 5184 asiatische Sprache zu führen? – Sie haben breite
1150 5173 2077 5216 Backenknochen, und die blauen Augen sind manchmal
1145 5199 2077 5250 leicht geschlitzt und nach oben gezogen, — das könnte
1154 5238 2078 5281 sie mir, allenfalls, ein wenig fremdartiger machen.
1150 5272 2051 5314 Aber sie sind doch ein freundliches, aufgeschlossenes
1145 5307 2050 5347 recht und schlecht „europäisches" Bauernvolk, — ein
1153 5336 2078 5380 Volk von bester Qualität, aufrecht und selbstbewußt,
1154 5375 2078 5412 ohne gleich so nationalistisch-überheblich geworden zu
1145 5405 2077 5443 sein wie die lettischen Nachbarn. — Dort, in Riga zum
1145 5442 2077 5476 Beispiel, verstehen nämlich die meisten Leute wirklich
1145 5472 2077 5521 deutsch, – aber sie wollen es nicht mehr wissen, und
1144 5505 2059 5565 sehen einem schief und böse an, wenn man darauf aus¬
1144 5539 1742 5589 geht, eine Auskunft zu erhalten ...\:p\
1198 5546 2077 5610 \p\Aber zurück, an die Grenze Estlands: ich wollte, im
1153 5601 2078 5647 Städtchen Valga, aussteigen, — was durchaus in Ord¬
1145 5642 2078 5679 nung und gestattet sein sollte, weil man hier, an der
1145 5676 2077 5710 Grenze, in die Lokalbahn nach Petseri umsteigt. Aber
1145 5700 2077 5756 der Zollbeamte, der den Waggon abgeschlossen hatte,
1145 5737 2077 5788 verstand mich nicht. Daß ich nach Valga oder Petseri
1150 5773 2077 5816 wolle, kam ihm mit Recht verdächtig vor, – denn
1154 5809 2032 5854 was will ein so ausgesprochen „Landesunkundiger"
1144 5841 2077 5893 in diesen vergessenen Orten am Rande der großen
1155 5877 2077 5915 Sowjet-Union? — Man öffnete die Türe also erst, als
1145 5915 2077 5949 es eigentlich schon zu spät war, – ich entkam dennoch,
1145 5944 2077 5983 mit Schreibmaschine und Gepäck unter dem Arm. Und
1145 5978 2077 6042 dann saß ich in Valk, — „an der Grenze von Estland
2086 4383 3014 4419 und Lettland“ das wiederholte ich mir tröstend, — so
2088 4417 3014 4453 als seien Grenzen sichtbare Zeichen, photographierbare
2092 4448 3014 4484 Sensationen. Und so war es denn auch. Eine Garni¬
2082 4479 3014 4521 son der jungen estischen Armee ist in Valk stationiert,
2081 4522 3014 4568 uralte, mit Kriegsschutzfarben bemalte Automodelle
2073 4554 3015 4592 holperten über das Pflaster, auf einem vorbildlich ein¬
2088 4584 3014 4626 gerichteten Springplatz trainierten Offiziere ihre hüb¬
2088 4616 3014 4657 schen Pferde. In der Umgebung der Bahngeleise traf
2073 4652 3015 4697 man beständig auf Zollwächter in graublauen Unifor¬
2073 4685 3014 4727 men, die mich und meinen Photoapparat mißtrauisch
2073 4719 2976 4760 musterten. Dann geriet ich in die „Stadt", — wo es
2088 4752 2984 4796 ein Kino, ein paar Droschken, eine Kirche mit russi¬
2088 4783 2986 4834 schen Zwiebelkuppeln gab, und eine Gasse, wo Fleischer
2072 4827 3015 4870 wie in orientalischen Bazaren ihre Buden aufgeschla¬
2073 4856 2978 4893 gen hatten. Ein prächtiges weißes Schulgebäude man¬
2073 4891 2981 4929 festierte das neue Estland, das für Zwecke der Er¬
2072 4919 3014 4967 ziehung fast ebensoviel ausgibt wie für die Armee,
2072 4956 3015 4998 nämlich 15,400,000 Estenkronen jährlich. Im übrigen
2088 4985 3014 5028 reichte die Stadt nur zwei Straßen weit, vom Bahn¬
2073 5023 2981 5064 hof bis zur Kirche und zum Schulhaus. Dann war es
2073 5057 2981 5097 ein Dorf. Ein typisch russisches Dorf, soviel ich beur¬
2073 5077 3015 5125 teilen kann, — mit breiten, grasbewachsenen Straßen,
2073 5113 2984 5165 Reihen niedriger Holzhäuschen mit geschnitzten Gie¬
2073 5143 3015 5194 beln, weiter draußen löste sich das Ganze auf, die
2073 5186 2980 5237 Häuschen lagen zerstreut und vereinzelt zwischen Obst-
2073 5216 3015 5264 und Gemüsegärten. Es gab blühende Apfelbäume,
2073 5252 2987 5298 blühenden Flieder, eine Fülle von Blumen. Und
2091 5287 3014 5329 schließlich befand ich mich vor einem Bauernhof,
2092 5320 2984 5364 Schweine trieben sich im Morast herum, Gänse schnat¬
2072 5356 2974 5398 terten und vertraten drohend die Stelle des Hofhunds,
2073 5388 2975 5431 ein Wagen, hoch mit Holz beladen, schwankte um die
2073 5424 3015 5463 Ecke, eine freundliche alte Frau in weißem Kopftuch
2073 5455 3014 5506 verscheuchte die Gänse und erzählte mir lachend etwas
2073 5490 2257 5547 auf estisch.\:p\
2133 5525 2973 5592 \p\Ich antwortete ebenso freundlich, diesmal, zur Ab¬
2073 5589 2980 5626 wechslung, auf französisch. Aehnlich erging es mir, als
2073 5616 2981 5659 ich in die mächtigen Holzlager vor der Stadt ein¬
2073 5644 3015 5699 drang, und den Arbeitern erklärte, daß ich zu ganz
2073 5685 2986 5729 harmlosen Zwecken ein paar Aufnahmen vom aufge¬
2073 5723 3015 5770 stapelten Reichtum ihres Landes, von Fichten- und
2073 5757 3015 5804 weißem Birkenholz machen wolle. Aber immer mußte
2073 5785 3015 5832 ich mich wundern, daß dieses heitere, freundliche,
2088 5820 3014 5856 sichere Volk das gleiche ist, das noch vor zwei Genera¬
2072 5862 3015 5905 tionen aus Leibeigenen und einem kleinen Bruchteil
2073 5891 3015 5918 gedrückter „freier“ Bauern bestand. Ein Volk, das
2073 5923 3015 5971 seine eigene Sprache nicht lernen, geschweige denn als
2073 5964 2986 6005 Schriftsprache drucken und lesen durfte! – Kurz nach¬
2073 5994 3015 6042 dem das Land, 1721, im Frieden von Nystadt, an
3010 4395 3931 4444 Rußland gekommen war, ist ein estnischer Bauer zu
3010 4434 3924 4477 Fuß nach Petersburg gegangen, um dort sein ver¬
3009 4467 3930 4503 meintliches Recht zu holen. Er wollte nicht geprügelt
3010 4492 3930 4542 werden, wollte von seinen zwei Kühen nicht die bes¬
3010 4528 3933 4581 sere an seinen Herrn abgeben, und seine Kinder nicht
3009 4557 3930 4619 verkaufen lassen. Man schickte ihn zurück, und „empfahl
3010 4604 3928 4638 ihn dem Wohlwollen seines Herrn.“ — Der Fall
3010 4628 3934 4674 wurde dann in Riga geprüft, und ein Balte namens
3010 4664 3930 4707 Rosen, Vertreter der Interessen des Adels, stellte aus
3010 4697 3931 4746 den vorhandenen Urkunden fest, daß der Bauer sich
3025 4732 3931 4788 geirrt hatte, und daß er mit Leib und Seele seinem
3025 4761 3260 4810 Herrn gehöre.\:p\
3068 4789 3924 4852 \p\Jahrhundertelang ein rechtloses Volk von geplagten
3010 4847 3930 4891 leibeigenen Bauern, — seit 15 Jahren erst eine frei¬
3028 4870 3933 4927 Republik, — und schon scheinen alle Spuren der Jahr¬
3022 4905 3930 4957 hunderte ausgelöscht. Und auch die Balten, die eine
3009 4942 3934 4992 große Tradition und Kultur und zwei Drittel des Bo¬
3009 4968 3930 5027 dens ihr eigen nannten, sind verstreut und verschwun¬
3010 5012 3930 5059 den ... ich stellte solche Ueberlegungen über die
3023 5038 3927 5087 Wandelbarkeit unserer Welt mit gemischten Empfin¬
3023 5070 3927 5124 dungen an. Und dann traf ich, im Städtchen Valk,
3010 5113 3930 5154 doch noch eine Zeugin jener schnell vergessenen Zeit:
3031 5149 3931 5187 — ich photographierte eine Bäuerin, die mit ihren
3010 5178 3930 5223 leuchtend blauen Augen im grobknochigen Gesicht, den
3024 5207 3927 5260 fetten, schweren Händen über dem mächtigen Bauch
3010 5247 3930 5292 ein Modell für einen Maler abgegeben hätte, der die
3025 5275 3927 5335 schlichte Volksseele entdecken will. Kaum hatte ich ge¬
3010 5315 3931 5356 knipst, als die Alte sich behende erhob, auf mich zu¬
3022 5343 3933 5398 humpelte, und tief kniend meine Hand küßte. „Gnädi¬
3031 5384 3927 5426 ges Fräulein", sagte sie, „helfen Sie einer armen
3010 5418 3918 5464 treuen Frau!“ — „Woher können Sie so gut deutsch?"
3023 5444 3931 5494 fragte ich — und schenkte ihr, das muß doch erwähnt
3010 5487 3930 5532 sein, von zwei estischen Geldscheinen, die ich besaß, den
3014 5519 3927 5563 kleineren mit dem Aufdruck „Fünf“, – den von
3014 5551 3930 5600 „Hundert“ behielt ich, – um dann nachher zu erfah¬
3019 5587 3933 5627 ren, daß ich fünf Kronen verschenkt, und nur eine be¬
3023 5615 3931 5668 halten hatte, was für ein sehr bescheidenes Abendessen
3010 5656 3930 5696 reichte! — Dafür überschüttete mich die Alte mit Se¬
3028 5689 3931 5738 genssprüchen in der Art: „Gott soll Dich hundert
3010 5722 3934 5761 Jahre alt werden lassen, mein Engelchen, mein Seel¬
3009 5760 3934 5808 chen, — gleich hab ich gemerkt, daß Du ein gnädiges
3010 5788 3923 5832 deutsches Fräulein bist, ich selbst habe kleine deutsche
3009 5821 3934 5876 Kinderchen gepflegt!“ sie war in der guten alten Zeit
3010 5856 3930 5904 Amme bei einer baltischen Familie auf einem großen
3010 5901 3934 5946 Gut gewesen, „das jetzt nur noch von dummen Bauern
3010 5923 3313 5978 bewohnt ist“...\:p\
3062 5948 3928 6020 \p\Um vier Uhr bestieg ich mein Lokalbähnchen, dessen
3010 6000 3924 6055 Lokomotive schnaufend einfuhr, hinter sich einen Wa¬\fml\\:p\
321 4448 1239 4492 \p\\fml\gen, der statt mit Kohle, mit Holz und gelblichen Stei¬
313 4480 1239 4518 nen beladen war. Was ich für Steine hielt, ist das
313 4513 1223 4555 in Kohtla bei Narva gewonnene Schiste [gemeint ist ölhaltiges Schiefergestein bzw. Ölschiefer, genauer das in Estland und Nordwest-Russland verbreitete Kuckersit, vgl. https://de.wikipedia.org/wiki/Kuckersit], ein Produkt,
313 4550 1239 4587 das in Estland Kohle, Oel und Petroleum ersetzt,
316 4577 1239 4625 Schiffe, Maschinen, Lokomotiven heizt, Benzin, Asphalt
310 4617 1239 4653 und Teer abgibt, — statt schwarz vom Kohlenstaub
316 4651 1208 4693 wird man in den Bahnen Estlands weiß bepudert, als
310 4683 1239 4721 mache man eine Wüstenreise. Und obwohl wir durch
316 4711 1239 4750 recht nördlich anmutende Wälder rollen, ist auch die
318 4750 1220 4797 Hitze dieses langen Tages geradezu afrikanisch. Wir
316 4783 1239 4834 fahren von Station zu Station, überall liegt Holz in
318 4829 1212 4865 endlosen Reihen aufgestapelt, der Wald nimmt über¬
322 4852 1239 4893 hand, kaum daß ein paar Weiden und kleine Aecker in
316 4889 1239 4926 den Lichtungen Platz finden. Die Stunden vergehen,
322 4925 1175 4966 der Tag geht in die helle, nördliche Nacht über, –
318 4951 1239 4998 und vor uns glänzt die Fläche eines Sees auf, des
322 4992 1239 5047 kleineren Bruders des Peipus-Sees, der Grenze Ruß¬
321 5026 493 5085 lands ...\:p\
