3843 5669
330 632 2274 812 SO KÄMPFT MISS BRYANT
157 820 327 898 Das Urteil
183 876 914 948 \p\In einer Lokalzeitung der Industriestadt Chat¬
146 950 833 993 tanooga, Tennessee, lese ich folgende Notiz:
149 982 916 1026 "Mary Carrol, Textilarbeiterin, und Gewerkschafts¬
149 1022 893 1057 organisator für TWOC, 23 Jahre alt, heute verurteilt
146 1055 914 1097 zu Buße von 75 Dollar oder 75 Tagen Gefängnis.
146 1094 914 1137 Mary, brünettes Mädchen, macht vor Gericht einen
146 1130 914 1171 ungefährlichen Eindruck. Sie ist angeklagt, während
146 1161 897 1199 des Streiks in der Chattanooga‐Baumwollspinnerei X..
149 1187 916 1238 einen Polizisten tätlich angegriffen und mit Sporen (!),
144 1235 914 1278 die sie an ihren Schuhen trug, verwundet zu haben.
149 1270 916 1313 Aline Bryant, Marys Freundin, eine hartgesottene und
146 1297 900 1343 unerschrockene junge Dame, erfahren in der Taktik,
149 1337 916 1382 die ClO‐Funktionäre anzuwenden pflegen, macht ver¬
144 1383 914 1438 geblich Aussagen zu Marys Gunsten. Der Gerichts¬
146 1407 504 1451 beschluß ist einstimmig."\:p\
176 1441 906 1492 \p\Für den Schweizer Leser bedarf die Notiz
141 1486 914 1539 einiger Kommentare. "TWOC" ist die Abkürzung
146 1528 893 1571 für das Organisationskomitee der Textilarbeiter,
141 1563 897 1611 der heute stärksten Gewerkschaft in den ameri¬
143 1598 914 1641 kanischen Südstaaten. "TWOC" steht in enger
146 1640 897 1683 Verbindung mit dem "CIO", dem Komitee für
146 1673 900 1728 Industrie‐Organisation, welches unter der Lei¬
144 1723 906 1763 tung des genialen Arbeiterführers John L. Lewis
141 1760 897 1813 im Laufe weniger Jahre zur wichtigsten Gewerk¬
141 1798 897 1854 schafts‐ oder "Union"‐Organisation der Vereinig¬
141 1840 908 1897 ten Staaten geworden ist. Die Südstaaten sind
141 1873 900 1920 heute der Schauplatz des aktuellsten und bru¬
143 1922 897 1968 talsten Kampfes zwischen einer jungen Arbeiter¬
149 1955 897 2006 bewegung und dem Kapital, das sich, in erster
143 1998 902 2053 Linie wegen der niedrigen Löhne, in industriellen
143 2029 575 2088 Unternehmungen investiert.\:p\
143 2093 514 2174 In der Arbeiterschule
178 2165 898 2239 \p\Mary Carrol und Aline Bryant sind meine
141 2213 916 2266 Freundinnen. Ich habe sie in einer Arbeiterschule
143 2266 897 2314 in den Bergen von Tennessee kennengelernt, wo
143 2311 914 2355 sie eines Samstagabends eintrafen, mit einem
141 2338 897 2399 Empfehlungsbrief des "TWOC" von Chattanooga
141 2381 357 2434 in der Tasche.\:p\
176 2395 906 2471 \p\Mary Carrol machte einen "ungefährlichen
141 2450 897 2517 Eindruck", wie die Zeitungsnotiz es bestätigt.
143 2501 914 2544 Myles Horton, der Leiter der Schule, sagte mir,
143 2540 914 2576 daß Aline Bryant erst seit einigen Wochen der
141 2572 916 2621 Gewerkschafts‐Organisation des "TWOC" ange¬
135 2612 916 2677 höre und in die Arbeiterschule geschickt worden
135 2650 914 2717 sei, damit Myles ein zuverlässiger Mann und er¬
133 2692 914 2741 fahrener Psychologe, sie kennenlerne und ein Ur¬
143 2737 584 2788 teil über sie abgeben könne.\:p\
176 2773 914 2829 \p\Aline wußte Bescheid. Sie zeigte mehr Erfah¬
135 2818 914 2857 rung, mehr Härte, mehr Resignation als Mary.
146 2855 914 2901 Während des ersten Abendessens war sie schweig¬
135 2893 914 2948 sam. Es gab das berühmte Menu der Schule:
138 2933 914 2972 "Kartoffeln und Kartoffeln – das sind gebratene
138 2966 914 3025 Kartoffeln und amerikanische 'süße' Kartoffeln,
138 3012 914 3066 die der Form einer Birne gleichen und sich wun¬
135 3050 914 3105 derbar in der Schale kochen lassen. Nach dem
135 3092 914 3145 Essen half uns Mary in der Küche beim Ab¬
143 3132 897 3174 waschen. Aline, blaß, mit rotgeschminkten Lippen
135 3170 914 3220 und übermüdeten Augen, erklärte, daß sie sich
138 3214 893 3252 ausschlafen wolle. Wir sahen sie erst am nächsten
135 3247 897 3294 Morgen wieder. Sie sah ein wenig frischer aus
135 3283 914 3339 und hatte vergessen, den Lippenstift zu benützen
152 3326 914 3375 – aber der Ausdruck von Härte, Verachtung
141 3364 916 3427 und resignierter Trauer auf ihrem blaßen Ge¬
935 813 1705 902 sicht hatte sich nicht verändert. Während wir im
935 881 1704 930 Wald unser Sonntags‐Picknick verzehrten, sagte
935 914 1704 972 Aline zu Myles Horton: "Mary und ich müssen
935 959 1705 1020 heute abend mit dem Omnibus nach Chattanooga
934 999 1681 1047 zurückfahren. Wegen der Gerichtsverhandlung."\:p\
964 1036 1704 1098 \p\Sie war jetzt weniger zurückhaltend. Die
935 1060 1705 1132 frische Luft, die Herbstsonne und die harmlose
935 1118 1704 1172 Lustigkeit unserer Sonntagspartie gaben ihr ein
934 1156 1704 1212 Gefühl von Freiheit und Sicherheit, an das sie
935 1199 1704 1239 nicht gewöhnt war. Myles fragte sie, ob sie nicht
935 1233 1705 1276 Lust habe, im Winter einen der Sechs‐Wochen‐
935 1270 1632 1319 Kurse der "Hochländer‐Schule" mitzumachen.\:p\
964 1308 1704 1359 \p\"Ich habe seit drei Jahren keine frische Luft
934 1355 1704 1404 geatmet", sagte Aline und fügte mit ihrer sach¬
935 1391 1705 1451 lichen, abweisenden Stimme hinzu: "Hier oben
935 1432 1616 1492 zu sein – das wäre eine Art von Paradies."\:p\
934 1478 1118 1566 Die Arbeit
964 1532 1704 1616 \p\Aline ist 24 Jahre alt. Sie hat seit sieben Jah¬
934 1611 1704 1681 ren in verschiedenen Textilfabriken gearbeitet.
930 2480 1707 2556 Sie hat Spindeln ausgewechselt, Batterien mit
930 2554 1680 2599 Spulen gefüllt, am Webstuhl Fäden geknüpft, an
932 2581 1707 2650 der Nähmaschine Taschen an Jacken, Hosen und
932 2629 1707 2679 Overalls aufgenäht. \g\Am Anfang arbei¬
932 2666 1707 2706 tete sie zehn Stunden täglich, zu¬
932 2706 1685 2753 letzt neun\:g\. Das war in der "Woolenmill" von
932 2741 1707 2793 Cleveland, Tennessee, der größten Wollfabrik im
932 2786 1688 2831 Süden. Die Schicht dauerte von 6.20 Uhr morgens
932 2825 1685 2866 bis 3.30 Uhr nachmittags, mit einer Lunchpause
930 2861 1705 2913 von 20 Minuten. Samstags und Sonntags wurde
932 2906 1707 2941 nicht gearbeitet. "Die meisten Frauen sind ver¬
932 2941 1707 2999 heiratet", erklärte Aline, "sie brauchen den
932 2982 1707 3030 Samstag, um zu waschen und zu bügeln, den
932 3018 1709 3074 Sonntag, um das Haus zu reinigen." – Dort, in
930 3063 1707 3116 Cleveland, hat Aline die Einführung des soge¬
932 3100 1475 3146 nannten "Bedaux‐Systems" erlebt.\:p\
932 3166 1106 3235 60 Punkte
964 3222 1707 3291 \p\"Ich galt als rasche Arbeiterin", erklärte sie,
932 3287 1709 3339 "daher suchten sie mich aus, um herauszufinden,
932 3329 1707 3385 wieviel man an der Maschine in einer Minute
932 3369 1707 3427 leisten könne. Ich arbeitete damals an der Näh¬
1699 841 2476 905 maschine, an einem langen Tisch, der ähnlich
1699 895 2474 948 war wie ein laufendes Band. Am Ende des Tisches
1699 934 2461 983 war die Hose fertig. \g\Als das Bedaux‐
1699 969 2487 1018 System eingeführt wurde, stellten
1717 1010 2487 1055 sie einen Mann mit Stoppuhr und
1699 1049 2487 1103 einer Tabelle neben mich, der alles
1699 1090 2487 1138 genau aufschrieb: wie lange ich
1699 1127 2487 1167 brauchte, um einen Faden zu knüp¬
1699 1164 2487 1206 fen, abzuschneiden oder eine Tasche
1699 1201 2487 1244 aufzunähen.\:g\ Ein paar Tage später wurde
1699 1238 2487 1291 das 'System' eingeführt. Man sagte uns, daß wir
1713 1279 2488 1329 von nun an 60 Bedaux‐Punkte pro Minute ar¬
1699 1321 2487 1372 beiten müßten. Wir wußten nicht genau, was
1699 1359 2487 1411 damit gemeint war, aber wir wußten, daß man
1699 1399 2487 1444 arbeiten mußte wie der Teufel, um es einzu¬
1710 1435 2471 1481 halten. Wer weniger als 60 Punkte arbeitete,
1713 1472 2488 1520 wurde gebüßt. Später wurden viele Mädchen des¬
1710 1510 2487 1558 wegen entlassen – und das war die Absicht: Ar¬
1717 1548 2487 1598 beiter zu sparen und nur die besten zu behalten.
1699 1593 2488 1640 Wer mehr als 60 Punkte machte, sollte eine
1699 1622 2487 1672 Prämie bekommen. Aber auch die schnellsten
1713 1672 2488 1712 Arbeiter gaben es nach einer Weile auf – und
1710 1712 2487 1760 \g\ein guter Bedaux‐Arbeiter ist nach
1713 1745 2488 1805 einem Jahr erledigt\:g\. Jüngere kommen
1705 1790 2487 1833 nach – man holt sie aus dem Hinterland, aus
1713 1829 2488 1865 den Bergen – und sie wissen nicht, was ihnen
1710 1862 1966 1918 hevorsteht."...\:p\
1709 1925 2014 2006 Das Strecksystem
1752 1994 2487 2066 \p\Aline wurde aus der Cleveland‐Fabrik ent¬
1707 2045 2461 2101 lassen, als sie der Gewerkschaft des "TWOC"
1712 2096 2488 2147 beitrat. Sie war jung und intelligent, und man
1710 2131 2487 2178 gab ihr den Auftrag, die Arbeiterinnen einer
1710 2174 2487 2215 Weberei in einem abgelegenen Fabrikort zu or¬
1710 2210 2487 2258 ganisieren. Die Arbeiterinnen waren innerhalb
1704 2250 2487 2301 eines Jahres zweimal "gestreckt" worden, d. h.
1699 2288 2487 2338 sie wurden durch das Bedaux‐System gezwungen,
1704 2320 2487 2371 höhere "Normalquoten" zu leisten. Aline organi¬
1699 2363 2487 2415 sierte einen Streik gegen das "Strecksystem".
1710 2400 2487 2448 Als ein Polizist sie mißhandelte und sie sich zur
1710 2442 2487 2490 Wehr setzte, wurde sie verhaftet und zu zwei
1710 2485 2487 2527 Monaten Gefängnis verurteilt. Aber die Organi¬
1699 2519 2468 2570 sation war gelungen, und die Fabrik mußte sich
1725 2564 2471 2608 schließlich dazu herbeilassen, einen Arbeitsver¬
1699 2602 2461 2653 trag mit dem "TWOC" zu unterzeichnen, der
1699 2640 2468 2695 weiteres "Strecken" durch das Bedaux‐System
1697 2677 1829 2721 verbot.\:p\
1699 2741 1837 2820 Angst?
1747 2794 2468 2868 \p\"Aber es wird noch lange dauern, bis wir das
1699 2866 2471 2908 ganze Land organisiert haben", sagt Aline – "sie
1699 2903 2461 2950 arbeiten gegen uns mit Polizei und Gas und Ku¬
1699 2950 2487 3004 geln und Gefängnis. Sie schüchtern die Leute
1699 2986 2461 3023 ein und sagen, daß wir 'Unruhestifter' seien. Das
1699 3025 2487 3066 Gefängnis war eine Erfahrung wie jede andere.
1699 3058 2487 3113 \g\Und morgen kommt Mary an die
1704 3095 1918 3145 Reihe." ...\:g\\:p\
1741 3135 2487 3190 \p\"Haben Sie nicht manchmal Angst?" fragte ich.
1749 3175 2487 3217 Aline schüttelte ruhig den Kopf. "Nein", sagte
1707 3215 2487 3259 sie, "Angst habe ich nicht. \g\Wenn etwas auf
1699 3257 2487 3315 einen zukommt, dann muß man es
1699 3287 2487 3343 eben nehmen und hoffen, daß man
1699 3334 2487 3374 mit dem Leben davonkommt, das ist
1699 3369 2041 3420 alles."\:g\\:p\
2041 3370 2429 3420 A. C.
