4276 7129
447 4574 1015 4656 Kleines Kongo-Tagebuch
339 4644 1125 4703 von Annemarie \g\Clarac-Schwarzenbach\:g\
691 4712 772 4742 II.
525 4747 934 4799 Auf einem Flußdampfer
337 4779 1205 4827 \p\Es ist immer noch ein anregendes Abenteuer, auf
280 4826 1205 4875 einem der größten Ströme der Welt in das innerste
286 4861 1207 4902 Afrika vorzustoßen. An seiner Mündung, an der Ost¬
280 4883 1206 4945 küste des Kontinents, saßen seit Jahrhunderten die
286 4920 1206 4976 Portugiesen und trieben Handel mit Sklaven und
292 4964 1206 5004 Elfenbein. Aber wohin der Riesenstrom führte, wußte
280 4999 1206 5052 man nicht, und das Innere des dunklen Erdteils blieb
280 5035 1179 5074 die terra incognita der Landkarten. Inzwischen rieben
282 5074 1205 5113 dort die Araber in blutigen Sklavenjagden die Stämme
282 5114 1205 5152 auf, man schätzt, daß jährlich etwa eine halbe Million
292 5145 1207 5187 Menschenleben eingebüßt wurden, um 80,000 bis 90,000
286 5180 1206 5222 Schwarze an die Küste zu transportieren. Im August
286 5215 1177 5256 1876 verließ Stanley den Tanganyika-See, um den
280 5260 1205 5297 geheimnisvollen Fluß zu erforschen, den man manch¬
285 5296 1206 5333 mal für die Quelle des Nils hielt. Genau ein Jahr
288 5322 1205 5368 später erreichte er die Kongo-Mündung, bei Boma.
295 5355 1205 5408 Im September 1876 hatte inzwischen in Brüssel eine
288 5394 1205 5437 internationale geographische Konferenz unter dem
292 5429 1206 5490 Vorsitz des belgischen Königs Leopold II. stattgefunden.
288 5466 1176 5508 1884, in der Konferenz von Berlin, wurde die «Asso¬
286 5499 1206 5547 ciation Internationale du Congo» als unabhängiger
288 5537 1205 5576 Staat anerkannt. Dieser Flußstaat ist achtzigmal so
286 5575 1206 5614 groß wie Belgien. Er ist reich an Zinn, Gold und
286 5604 1206 5660 Kupfer. Im Katanga und in den Gebirgen des Kivu
288 5640 1205 5688 beginnt man, eine europäische Landwirtschaft zu ent¬
292 5681 1206 5722 wickeln. Es gibt im Kongo Tabak, Reis, Baumwolle,
292 5719 1185 5754 es gibt vor allem Palmöl und Kaffee. Es gibt Städte
328 5753 1206 5788 — Leopoldville, Coquilhatville, Stanleyville am Kongo,
292 5783 1206 5824 Elisabethville im Katanaa, Costermansville im Kivu.
295 5825 1205 5872 Es gibt Fluglinien zwischen diesen Städten, und nach
292 5857 1206 5909 Aegypten, Kenya und der Südafrikanischen Union. Die
295 5899 1180 5939 Schiffe des Bas Congo können nur bis Matadi fahren,
295 5929 1205 5971 die oberen Linien beginnen in Leo: dazwischen sind
288 5963 1205 6005 die Fälle bei Leopoldville eine unüberwindliche Bar¬
288 6004 1205 6045 riere, selbst für die Piroquen der Eingeborenen. Es
288 6039 1188 6077 gibt auch Bahnen im Kongo und einige gute Straßen.
292 6080 1179 6115 Aber das ist alles nur ein dünnes Netz in einem ge¬
292 6108 1206 6147 waltigen Land, und wenn man den großen Kongo
288 6144 1205 6189 hinauffährt sieht man viele Tage lang zu beiden
301 6181 1015 6224 Seiten nur den undurchdringlichen Urwald.\:p\
1263 4557 2124 4604 \p\Von Leopoldville bis Lisala brauchte unser 800¬
1214 4594 2125 4645 Tonnen-Dampfer sieben Tage. Da sah ich zum ersten
1212 4629 2124 4675 Male wieder eine aus dem Wald sich befreiende An¬
1212 4663 2124 4709 höhe. Aber als ich auf dem Hügelrücken ankam, sah
1208 4706 2124 4752 ich den Wald wie ein Meer nach allen Seiten sich
1208 4742 2124 4784 ausdehnen, und das Herz stand mir still. Ein alter
1201 4773 2124 4812 Mann, der in Lisala ansässig ist, erzählte mir, daß
1201 4811 2124 4847 er einmal eine Reise in das Gebiet der Stämme
1201 4847 2124 4888 des Nordens machen mußte, die kräftiger und
1201 4876 2124 4929 kriegerischer sind als die Bengala des Flusses. Nach
1201 4927 2125 4965 etwa 300 Kilometern oder mehr sei der Wald plötzlich
1201 4950 2124 4995 zu Ende gewesen und vor ihm habe sich die Savanne
1201 4988 2124 5034 geöffnet, weite, gewellte, grasige Ebenen, und er habe
1225 5023 2124 5073 zum ersten Male nach vielen Jahren einen Horizont
1201 5063 2124 5102 gesehen. Er sagte mir, die Tränen seien ihm in die
1201 5094 2124 5135 Augen gedrungen, und er sei sicher eine halbe Stunde
1201 5133 2124 5172 lang dort gestanden am Rand des Urwaldes, um sich
1201 5169 1949 5214 an dieser wunderbaren Weite satt zu sehen.\:p\
1270 5207 2124 5261 \p\Ich kann das gut begreifen, seitdem ich die Reise
1201 5242 2124 5294 auf dem Fluß gemacht habe. In Leopoldville sagten
1200 5287 2102 5329 meine Freunde: »Alors — tu t'en vas vraiment en
1201 5312 2124 5362 brousse?» — Und ich wußte schon, daß in ihrem
1201 5351 2098 5392 Sprachgebrauch «brousse» mehr bedeutet als nur Ur¬
1201 5388 2124 5423 wald und Dschungel. Es bedeutet das Innere, die
1201 5422 2124 5470 Einsamkeit, es bedeutet, viel Unannehmlichkeiten auf
1220 5457 2124 5505 sich nehmen, Termiten, Moskitos, Fieber, — und keine
1201 5490 2124 5550 Seele haben, an die man sich wenden kann. Ich
1201 5528 2125 5577 werde noch oft darüber nachdenken müssen — «en
1201 5562 2124 5613 brousse» zu gehen, ist so, als verlasse man alle ge¬
1201 5600 2124 5643 wohnten Wege, die sicher an ein Ziel führen, es ist,
1201 5639 2102 5688 als gehe man immer im Kreis, so wie die Sonne
1201 5681 2124 5729 nur aufgeht, um jeden Tag einen Kreislauf zu machen
1249 5709 2099 5750 und bald versteht man nicht mehr, was früher die
1201 5741 2124 5801 Ziele bedeuteten, für die man offenbar aufstand und
1201 5783 2098 5837 lebte, und man hält sich nur noch automatisch an Worte
1200 5817 2124 5856 wie „Geldverdienen", „Pflichterfüllen“. — um auszu¬
1201 5849 1330 5904 halten.\:p\
1264 5895 2124 5932 \p\Dabei war die Reise auf dem Dampfer noch nichts.
1201 5929 2124 5976 Er hieß „Colonel Chaltin“, nach einem berühmten Ent¬
1201 5965 2124 6002 decker, aber sie nennen ihn meistens nur den «Huit cent
1201 5999 2124 6045 tonnes», und er ist eines der schnellsten Schiffe der
1228 6031 2125 6077 „Otraco“, welche den Flußdienst versieht. Auf dem
1222 6070 2125 6108 Hinterdeck hausten die Neger, auf dem vorderen gab es
1201 6103 2125 6147 drei enge Kabinen mit Betten für sechs Passagiere, ein
1201 6139 2124 6190 Bad, die Kajüte des zweiten Offiziers und einen Raum
1201 6175 2124 6231 mit zwei Tischen und einigen Korbstühlen, — darüber
2120 4559 3056 4603 die Brücke mit dem Steuer, dem Radioapparat und der
2120 4594 3056 4628 Kabine des Kapitäns. Als wir in Leopoldville Fracht
2120 4631 3056 4674 an Bord nahmen und stundenlang auf die Abfahrt war¬
2120 4666 3056 4723 teten, die auf morgens 9 Uhr angesetzt war, fragte ich
2120 4695 3056 4741 mich, wie ich die Reise und diesen neuen Abschied über¬
2120 4733 3056 4786 stehen würde. Ich sah immer die große, graue, stille
2120 4770 3056 4810 Fläche des Flusses, die mir vertraut war, sah das Grün
2120 4806 3056 4850 der Baumwipfel von Brazzaville und die feinen Nadeln
2120 4843 3056 4882 der Sendestation und kannte jedes Hausdach und jede
2120 4875 3056 4910 Straße in Leo und wußte in jeder vorrückenden Stunde,
2120 4909 3056 4950 welche Gewohnheit ich jetzt befolgt hätte. Und vor mir
2120 4945 3056 4992 war nichts als der Strom und Tage und Nächte im
2120 4983 3056 5035 fremden Kontinent, als müsse ich den Atem sammeln,
2120 5016 3056 5066 um in einen leeren Raum geschleudert zu werden und
2120 5051 3056 5109 weiterleben zu müssen. Gegen 12 Uhr ging ich noch
2120 5084 2416 5136 einmal an Land.\:p\
2175 5095 3056 5158 \p\Ich wollte mich vergewissern, daß es möglich sei,
2120 5152 3056 5212 noch einmal einen vertrauten Weg durch die Straßen
2142 5187 3057 5231 zu gehen, ein Haus zu erreichen, ein Gesicht wiederzu¬
2120 5220 3056 5268 sehen, — und als ich nach einer halben Stunde wieder
2120 5263 3056 5309 auf dem Schiff war und wir langsam in die graue
2142 5295 3057 5337 Flußmitte steuerten, war mir leichter ums Herz. Denn
2120 5322 3056 5378 dieses Ich der nächsten Stunde, das mir immer fremd
2137 5369 3057 5416 ist, von dem ich nie weiß, was es auf sich nehmen wird
2120 5400 3056 5450 ohne Schaden zu erleiden — dieses jetzt der Fahrt
2120 5439 3057 5485 eines Kongodampfers ausgelieferte, morgen vielleicht
2120 5478 3056 5513 einem Pfad im Dschungel folgende Ich —, jetzt hatte
2120 5506 3056 5544 ich es wieder erkannt und erprobt, daß dieses Leben
2120 5544 3056 5588 keinen Magien gehört, sondern daß es sucht und liebt
2120 5571 3056 5627 und also ein Ziel und Ende kennt und Kräfte der
2120 5618 2761 5655 Freiheit, um sich tapfer zu behaupten.\:p\
2188 5631 3056 5689 \p\An das Leben auf dem Fluß gewöhnt man sich bald.
2120 5680 3056 5716 Um Zeit zu gewinnen, fuhren wir meistens auch bei
2137 5718 3057 5758 Nacht und hielten nur drei oder vier Stunden, um
2120 5754 3056 5800 Holz zu laden. Das ging in den sogenannten «postes
2140 5790 3056 5825 de bois» vor sich, winzigen Dschungeldörfern, die nur
2120 5817 3056 5878 aus ein paar strohgedeckten Hütten auf gestampftem
2137 5860 3039 5901 Lehmgrund, ein paar Feuern, Piroquen am Ufer und
2120 5895 3036 5937 dem Holzlager bestehen. Aber wenn man im bleichen
2120 5933 3035 5979 Mondlicht die ersten Piroquen erblickte, die auf den
2120 5958 3056 6006 Dampfer zuschossen, und dann im Feuerschein die leuch¬
2120 6006 3056 6058 tenden Leiber der Schwarzen und ihre friedlich an-
2120 6033 3056 6074 mutenden Behausungen unter Palmen, dann war man
2120 6063 3056 6115 doch fröhlicher: diese primitiven menschlichen Wohn¬
2120 6104 3056 6141 stätten waren die einzigen Lichtungen in den unend¬
2120 6139 3056 6195 lichen Wänden des Dschungels, die uns Tag und Nacht
2120 6172 3056 6234 einschlossen. Der Wald ist sehr still, man hörte selten
3051 4555 3968 4599 den Schrei von Vögeln oder Affen, und wenn man
3051 4592 3968 4630 plötzlich aus der grünen Tiefe das dumpfe Tam-tam
3051 4627 3971 4670 von Trommeln vernahm, das unserem Schiff in die
3051 4665 3968 4703 Dörfer und Pfade der Eingeborenen vorauslief, dann
3051 4694 3968 4741 hielt man beklommen Ausschau nach einem lebenden
3051 4733 3959 4772 Wesen — und natürlich immer vergeblich. In den Holz¬
3051 4770 3968 4808 posten hingegen war mitten in der Nacht bei unserer
3051 4808 3968 4843 Ankunft alles auf den Beinen, die Schwarzen trabten
3051 4843 3968 4880 mit ihrer Last auf den Schultern über das federnde
3051 4871 3968 4918 Holzbrett, das uns als Steg diente. und ließen sie
3051 4910 3968 4945 krachend in den Laderaum fallen, so daß das Schiff wie
3051 4943 3968 4983 unter einem Trommelfeuer erbebte. Es war unmöglich
3051 4983 3968 5020 zu schlafen, ich gewöhnte mich daher daran, die halben
3051 5017 3968 5051 Nächte mit dem Kapitän und dem Zweiten auf der
3051 5044 3968 5094 Brücke zu bleiben, wir tranken Kaffee um Mitternacht
3065 5084 3964 5127 und vor der Morgendämmerung und aßen die Abend¬
3051 5118 3968 5163 mahlzeit im Dunklen am Tisch neben dem Steuerrad,
3051 5155 3968 5197 um den Neger, der das Schiff in der schwachen Mond¬
3051 5190 3968 5226 helle steuerte, nicht durch das Licht einer Lampe zu
3051 5224 3965 5264 stören. Eine Ordnung der Stunden und Tageszeiten
3051 5260 3968 5298 gab es nicht mehr, der Kapitän und der Zweite lösten
3051 5290 3973 5340 sich ab, wenn einer von ihnen nicht mehr wach bleiben
3051 5330 3971 5373 konnte, und ich schlief manchmal, wenn es kühler wurde,
3051 5361 3968 5403 vor dem Radioapparat ein. Der Fluß war bei Tag und
3051 5399 3968 5441 Nacht immer gleich, riesig, bleigrau, und der Horizont
3051 5434 3968 5476 immer verschlossen durch zahllose grüne Inseln. Manch¬
3051 5470 3968 5514 mal fuhren wir so dicht dem Ufer entlang, daß man die
3051 5506 3968 5548 schweren Blätter, Palmfächer und das Buschgrün des
3051 5541 3968 5588 Dschungels fast mit der Hand berühren konnte, und
3051 5571 3965 5613 manchmal sah man im Innern leuchtend rote Blüten¬
3061 5606 3968 5653 kronen, aber das war selten. Ich merkte übrigens, daß
3051 5652 3971 5694 ich den kleinen Ereignissen und Abwechslungen immer
3051 5685 3965 5725 weniger Beachtung schenkte und immer gleichmäßiger,
3051 5719 3968 5759 ja intensiver Ausschau hielt, ohne jedoch zu erwarten,
3051 5751 3965 5799 daß man jemals etwas anderes vor sich sehen würde
3051 5783 3977 5841 als den Fluß, begrenzt von den Inseln, gesäumt von
3051 5818 3528 5884 den dichtgrünen Wänden...\:p\
