4800 6340
258 5604 4365 5724 Das Drama im amerikanischen Plantagen-Gürtel
917 5830 3693 5875 Fünf Seiten Bildbericht von Annemarie Clark-Schwarzenbach
603 4834 2955 4869 \f\Hütte eines Baumwollpflückers in Georgia\:f\
1037 5158 3528 5263 \fp\Die Hütte eines Sharecroppers (Baumwollpflücker) in Georgia, dessen Baumwollfeld nichts mehr trägt. Er ist Anwärter auf
1047 5229 3067 5293 «Umsiedlung» durch die Resettlement Administration (Behörde für Umsiedelung) auf besseres Land.\:fp\
1037 5263 3524 5354 \fp\Dans cette misérable cabane, au milieu de ce désert herbeux où poussait jadis le coton, le «sharecropper» (individu
1037 5347 3524 5466 qui cueille le coton) attend que le «Resettlement administration» lui donne une meilleure terre où «cultiver ses choux».\:fp\
301 367 9348 481 GLANZ, STURZ UND NEUES LEBEN ...
639 4243 2042 4367 \p\Die große Wirtschaftskrise hatte in den Vereinigten Staaten
686 4340 2042 4402 eine psychologische Wirkung, die seither von der Regierung
523 4390 2023 4460 Roosevelt durch eine klug geführte Aufklärungskampagne ver¬
527 4441 2027 4503 tieft und verbreitet wurde: man kann von einer «Wiederentdek¬
531 4495 2030 4561 kung Amerikas durch die Amerikaner» sprechen, – denn seit der
535 4549 2046 4611 Unabhängigkeitserklärung hatte sich die amerikanische Nation
531 4604 2046 4673 entwickelt und gefestigt im Glauben, der amerikanische Kontinent
535 4654 2042 4716 verfüge über unerschöpfliche Reserven an Land und natürlichen
531 4708 2046 4782 Reichtümern, die amerikanische Konstitution verbürge ein
527 4766 2034 4828 Höchstmaß an sozialer Gerechtigkeit und demokratischer Frei¬
527 4813 2042 4886 heit, – und Jahrzehnte raschen industriellen Fortschritts und
535 4871 2046 4937 wirtschaftlicher Prosperität schienen den optimistischen Glauben
527 4937 2046 4987 an die «unbegrenzten Möglichkeiten» zu rechtfertigen, die zu
535 4983 2046 5041 einem Schlagwort des Amerikanismus geworden sind. – Erst
531 5038 2046 5100 durch die Krise sind die Amerikaner aus diesem schönen Traum
527 5092 2027 5162 erwacht. Das Versagen der Weltmärkte, Börsenstürze, Ueber¬
539 5154 2046 5212 produktion, 15 Millionen Arbeitslose, – diese Ereignisse wurden
527 5200 2046 5254 fast symbolisch begleitet von Dürre, Sandstürmen, gigantischen
535 5247 2030 5309 Ueberschwemmungen – von Naturkatastrophen, welche minde¬
527 5301 2027 5367 stens teilweise die Folge waren von Mißwirtschaft, Raubbau, Ab¬
531 5359 2046 5425 holzung: die leichtfertige Ausbeutung des amerikanischen Bodens
531 5417 2042 5472 rächte sich, es war zu Ende mit den Landreserven im Westen,
527 5456 2034 5522 Felder verwandelten sich in Wüste, von Erosion zerstörtes Farm¬
535 5514 2042 5576 land wurde die Flüsse hinabgeschwemmt, zu den Arbeitslosen der
531 5572 2030 5646 Industrie gesellten sich die brotlosen Farmer, Pächter und Land¬
539 5630 2027 5692 arbeiter. In wenigen Jahren hat sich die junge Generation Ame¬
535 5685 2034 5750 rikas von einem leichtfertigen Optimismus zu einem aktiven Pes¬
535 5731 2042 5797 simismus bekehrt. Sie entdeckte die wirtschaftlichen und sozialen
535 5782 2030 5859 Gefahren, die der amerikanischen Demokratie drohen, - sie ent¬\fml\\:p\
1643 5832 2011 5913 (Fortsetzung Seite 706)
364 1102 1678 1143 \f\Hafenarbeiter in Savannah\:f\
515 3433 2042 3542 \fp\Der Hafen von Savannah war früher der bedeutendste Hafen für Zucker,
515 3530 2042 3588 Baumwolle und – Sklaven. Heute ist es dort still geworden; schwarze
523 3580 2042 3639 Hafenarbeiter sitzen in der Sonne und warten auf die wenigen Dampfer,
523 3619 2030 3677 welche den Verkehr mit Florida, den westindischen Inseln und den
523 3670 2030 3747 Häfen der Ostküste besorgen. Der Baumwoll–Export nach Europa hat
523 3720 1666 3794 sich seit den Krisenjahren 1932/33 nicht mehr erholt.\:fp\
523 3751 2030 3856 \fp\Célèbre jadis pour la richesse que lui donnait le trafic du sucre, du coton
523 3836 2030 3898 et ... des esclaves, Savannah n’ est plus aujourd' hui qu' un modeste port de
523 3887 2030 3945 la côte de Géorgie, où font escale les bateaux marchands à destination de
523 3929 2030 4026 la Floride ou des Antilles. Assis au soleil, ces débardeurs noirs attendent
523 3991 1151 4073 une embauche problématique.\:fp\
3378 873 4424 911 \f\Bauer mit Maultier\:f\
3384 3475 6479 3567 \fp\Ein Pächter und sein Maultier in Georgia. Er bearbeitet 16 Hektaren einer Zuckerrohr–Plantage. Baumwolle, Zucker, Tabak, die Plantagen–Produkte des
3375 3522 6470 3618 Südens sind nur für den Verkauf bestimmt. Dieses halbindustrielle System der "Profiternte" soll jetzt durch Ernten für den Eigenverbrauch ersetzt werden.
3372 3567 4747 3600 Davon werden beide, der Boden und die Landbevölkerung, profitieren.\:fp\
3390 3642 6482 3732 \fp\Dans les plantations de Géorgie. Le fermier – prendre ce terme a[?]ens propre: qui tient à ferme – que l' on voit s' enforcer sur la route, cultive
3378 3686 6472 3780 16 hectares d' une plantation de sucre. La crise, les intempéries, etc. ont ruiné les planteurs des Etats du Sud. Le sucre, le coton, le tabac ne trouvent
3392 3729 6463 3827 plus acheteurs. Aus système semi–industriel de produire pour vendre force a été supplanter celui de produire pour vivre. En maints endroits, la
3386 3791 4478 3827 pomme de terre pousse où jadis fleurissait le coton.\:fp\
2279 3363 3146 3417 \f\Eine Gruppe von Sträflingen\:f\
2182 4247 3011 4340 \fp\Kettensträflinge im Gefängnis von Har¬
2182 4336 3019 4386 ris County im Staate Georgia. Die Ge¬
2182 4371 3022 4441 richtsbarkeit der Südstaaten ist äußerst
2182 4437 3022 4487 rückständig. Besonders gegen Schwarze
2186 4476 3026 4538 wird hart vorgegangen. Wegen kleiner
2182 4526 3019 4592 Diebstähle, Ungehorsam gegen Plan¬
2186 4569 3007 4631 tagenaufseher etc. werden sie als Ketten¬
2182 4627 3022 4685 sträflinge zu Zwangsarbeit verurteilt.
2182 4677 3019 4731 Aufstände der Sträflinge, die ihre wei¬
2182 4720 3030 4782 ßen Quäler lynchen, sind nicht selten.
2186 4774 3022 4848 Jetzt wird aber ein Gesetz vorbereitet,
2186 4817 3007 4890 das in Georgia die «Chaingang»–Ge¬
2182 4871 3022 4933 fängnisse beseitigen würde. Selbst im
2182 4925 3022 4991 Gefängnis muß auf das Rassenurteil
2186 4972 3007 5030 Rücksicht genommen werden: die wei¬
2182 5014 3022 5076 ßen Sträflinge schlafen in getrennten
2182 5068 3022 5138 Zellen und essen an getrennten Tischen.\:fp\
2182 5123 3015 5212 \fp\Forçats nègres du bagne d' Harris Coun¬
2182 5200 3022 5254 ty. Le code pénal des Etats du Sud est
2182 5254 3026 5305 très rigoriste ... surtout pour les noirs.
2186 5293 3007 5355 Pour des délits moindres tels que de pe¬
2182 5355 3015 5413 tits larcins ou la désobéissance aux plan¬
2186 5394 3015 5448 teurs, le nègre est condamné aux tra¬
2186 5448 3022 5495 vaux forcés. Les mauvais traitements
2182 5479 3030 5545 dont il est l' objet durant sa détention le
2186 5537 3026 5607 pousse souvent à la révolte. Le cas de
2182 5584 3022 5654 gardiens lynchés par les prisonniers n' est
2189 5634 3022 5704 pas rare. Les condamnés de race blanche
2182 5696 3019 5747 ne mangent pas dans les mêmes réfec¬
2186 5731 3019 5809 toires et ne couchent pas dans les mêmes
2186 5785 2666 5863 cellules que les nègres.\:fp\
3454 3954 4553 4004 \f\Landstreicher auf Friedhof\:f\
3150 5378 4708 5479 \fp\Ein «Tramp» macht es sich auf dem Friedhof des still gewordenen Städt¬
3150 5468 4708 5522 chens Charleston bequem. Es gibt viele Landstraßenbrüder in den Süd¬
3150 5514 4720 5580 staaten: Pächter, die ihre Baumwollfelder verlassen mußten, Arbeiter, die
3150 5572 4549 5626 durch die neue Krise des Herbstes 1937 ihre Stelle verlassen haben.\:fp\
3150 5619 4720 5685 \fp\Un «tramp» se repose dans le cimetière de Charleston. Les «tramps» (errants,
3150 5685 4708 5739 vagabonds) sillonnent les route des Etats du Sud. Ce sont presque toujours
3150 5727 4720 5793 des fermiers ruinés par la chute du cours des cotons ou des ouvriers que la
4194 5776 4716 5863 crise du début de 1937 a laissé sans emploi.\:fp\
3150 5774 4194 5858 Photo Barbera Wright
4836 4030 5882 4200 Mort d' une féodalité –
4840 4200 6386 4367 Naissance d' un ordre nouveau
4886 4398 6460 4499 \p\Aboli en principe voici 70 ans, l' esclavage subsistait de fait dans les Etats
4836 4483 6452 4565 du Sud des Etats–Unis. Honteusement exploités et brimés, les ouvriers indus¬
4836 4549 6328 4607 triels et agricoles connaîtront bientôt une meilleure condition humaine.\:p\
4886 4681 6464 4778 \p\Il fut un temps où l' on parlait des «possibilités illimitées» des Etats–Unis et
4840 4770 6452 4840 puis ... Ce fut en quelques jours la chute verticale du cours des matières pre¬
4840 4824 6444 4886 mières, le krach de Wall–Street, d’ immenses stock accumulés pendant la pé¬
4836 4875 6452 4933 riode de surproduction, invendus, invendables ... 15 millions de chômeurs sur
4836 4925 6460 4991 le pavé. A cette débâcle financière vint s' ajouter une série de catastrophes:
4840 4983 6456 5045 Tempête de sables transformant les champs en déserts, inondations recouvrant
4832 5034 6460 5096 des centaines de mille kilomètres carrés. Plus particulièrement éprouvés furent
4832 5088 6460 5162 les Etats du Sud, royaume du coton, de la canne à sucre, du tabac. Ruinés, les
4836 5142 6444 5220 grands propriétaires, qui laissent leurs plantations à l' abandon; ruinés, les fer¬
4840 5208 6444 5266 miers, les employés. Sur les route qui gagnent l' Ouest, une longue et lamen¬
4832 5258 6444 5316 table procession s' engage à la recherche d' une embauche problématique. Quel¬
4840 5305 6464 5367 ques–uns s' en vont grossir le prolétariat des cités industrielles. Ils retombent
4832 5359 6456 5437 d' un esclavage dans un autre. Esclavage de fait. Certes la guerre de Sécession
4840 5406 6464 5479 supprima le principe, mais la condition humaine de l' ouvrier des Etats du Sud
4836 5464 6460 5526 n' a point changé depuis 70 ans. Cet ouvrier industriel ou agricole est toujours
4836 5522 6460 5584 honteusement exploité et brimé. L' un des premiers effets de la grande crise
4836 5572 6460 5634 économique fut de révéler ce scandale social au gouvernement. Sa première
4840 5634 6464 5688 réaction fut de procurer un minimum de dignité humaine à cette population.
4840 5681 6464 5743 Il s' ingénia à lui donner des possibilités et de meilleures conditions de travail.
4840 5731 6456 5793 Les légendes qui accompagnent les photographies de ce reportage résument la
4836 5785 6452 5863 situation et expliquent les différents problèmes auxquels doit faire face le Pré¬
4836 5840 5212 5921 sident Roosevelt.\:p\
7912 870 9140 903 \f\Eingangstüre des Veteranenheims\:f\
7025 1162 7626 1263 \fp\Die Eingangstüre eines
7033 1232 7630 1302 « Veteranenheims». In den
7029 1290 7630 1352 Südstaaten spricht man vom
7033 1345 7618 1410 «Krieg» – gemeint ist der
7033 1380 7614 1445 über 70 Jahre zurücklie¬
7033 1430 7610 1500 gende amerikanische Bür¬
7033 1476 7630 1550 gerkrieg – wie von einem
7033 1527 7630 1596 gestrigen Ereignis. Die aus
7029 1573 7607 1635 einem Veteranenbund her¬
7033 1628 7630 1697 vorgegangene « American
7033 1662 7630 1740 Legion» ist eine in ganz
7037 1720 7626 1794 U. S. A. verbreitete, äußerst
7029 1763 7618 1837 mächtige, reaktionäre Ver¬
7029 1821 7630 1887 einigung geworden. Wie
7029 1856 7626 1938 im berüchtigten Ku Klux
7037 1903 7634 1976 Klan gehört auch in der
7045 1949 7630 2019 «Legion» der Rassenkampf
7037 2000 7634 2069 gegen die Schwarzen zu
7037 2046 7622 2127 den wichtigsten Programm¬
7033 2092 7242 2178 punkten!\:fp\
7041 2143 7618 2244 \fp\La porte d' un home des vé¬
7033 2224 7630 2286 térans de la guerre. La
7041 2259 7638 2337 guerre dans les Etats du Sud
7033 2317 7630 2379 signifie toujours celle qui,
7041 2356 7630 2434 voici 70 ans, les opposa aux
7037 2410 7634 2472 Etats du Nord. L' Union des
7033 2461 7618 2523 Anciens combattants deve¬
7033 2499 7634 2565 nue par la suite sous le nom
7033 2558 7634 2604 d’ « American Legion » une
7029 2612 7626 2678 immense organization pour¬
7033 2654 7634 2705 suit une violente politique
7033 2697 7630 2767 réactionnaire dont l' un de
7045 2744 7630 2806 points – pareil à celui du
7033 2782 7622 2848 Ku–Klux–Klan – est la lut¬
7037 2844 7634 2914 te raciale contre les nèges.\:fp\
7297 2895 7630 2972 Photo Barbera Wright
7030 3318 8471 3375 \f\Plantagenhaus in Alabama\:f\
6603 5502 8986 5607 \fp\An der Landstraße im Staate Alabama steht dieses «Plantagenhaus» mit schlichten Säulen aus Holz – einst das Herrenhaus
6599 5592 8971 5650 eines Plantagenbesitzers, jetzt vernachlässigt und von einem halben Dutzend Negerfamilien bewohnt, welche die um¬
6599 5630 8978 5704 liegenden Baumwollfelder bestellen. Sie sind Pächter. Die Plantage gehört einer Bank, die sie von den im Bürgerkrieg
6599 5677 7246 5766 ruinierten Besitzern gekauft hat.\:fp\
6607 5708 8982 5820 \fp\Type d' une maison patricienne de l' Etat d' Alabama. Ruiné par la guerre de Sécession, le puissant planteur qui
6603 5809 8982 5886 résidait céans vendit ses biens à une banque. Une demi–douzaine de familles nèges, employées aux plantations
6603 5847 7742 5940 avoisinantes habitent aujourd’ hui cette noble demeure.\:fp\
120 410 8456 448 ... IN DEN SÜDSTAATEN VON U. S. A.
3243 695 4596 788 \fml\\p\deckte aber auch die Liebe zu Amerika, und Energie und
3250 785 4603 848 Wille erwachten, die Uebel beim Namen zu nennen und sie
3243 832 3590 908 zu bekämpfen.\:p\
3323 875 4596 952 \p\Am meisten in Vergessenheit geraten waren die Süd¬
3246 935 4596 1002 staaten, die nach der schweren Niederlage im Bürgerkrieg
3243 999 4599 1062 oder «Sezessionskrieg» vom industriellen Norden überholt
3250 1052 4589 1109 wurden und sich von den Folgen des Krieges nie ganz er¬
3240 1092 4599 1166 holen konnten. 70 Jahre lang haben diese aristokratischen
3250 1156 4599 1219 «Plantagenstaaten» in einem Zustand wirtschaftlicher und
3243 1212 4603 1269 sozialer Stagnation verbracht. Trotz der Abschaffung der
3243 1256 4596 1329 Sklaverei wurde die Plantage als Grundlage des wirtschaft¬
3240 1316 4526 1383 lichen Lebens und der sozialen Ordnung beibehalten, –
3240 1369 4606 1436 man ersetzte die Sklaven durch Pächter und Taglöhner, zu
3243 1423 4592 1486 den Negern gesellte sich ein weißes «Baumwoll–Proleta¬
3240 1483 4579 1543 riat», die Furcht vor der schwarzen Rasse brachte ein star¬
3243 1533 4592 1593 res und undemokratisches Regierungssystem hervor, unter
3243 1583 4599 1650 dessen demoralisierender Wirkung aber nicht nur die
3240 1633 4606 1697 Neger, sondern auch die «Armen Weißen» zu leiden hatten.
3230 1690 4599 1750 Erst die Krise hat dieses System ins Wanken gebracht. Die
3233 1737 4606 1804 Baumwolle fand keinen Absatz mehr, – eine schwere
3233 1787 4589 1860 Seuche, der «Boll weevil», suchte die Plantagen heim. Plan¬
3240 1850 4592 1907 tagenbesitzer wurden ruiniert, die Pächter und Taglöhner
3250 1904 4603 1961 wurden arbeitslos. Gleichzeitig setzte die Industrialisierung
3233 1944 4586 2017 in den rückständigen, bisher fast ausschließlich agraren Süd¬
3233 2004 4599 2071 staaten ein: angelockt von den niedrigen Löhnen und vom
3243 2061 4603 2118 Fehlen einer organisierten Arbeiterbewegung begannen
3243 2114 4603 2178 Unternehmer aus dem Norden, ihre Fabriken in den Süden,
3233 2168 4603 2228 nach North Carolina, Georgia, Alabama, zu verlegen.
3236 2211 4603 2288 Heute befinden sich die Südstaaten, die siebzig Jahre lang
3233 2271 4586 2328 der langsamen Degeneration ihres Plantagensystems über¬
3233 2321 4589 2388 lassen worden waren, im Prozeß einer zweifachen Umwäl¬
3236 2371 4589 2438 zung: mit den Plantagen geht es zu Ende, übrig bleibt er¬
3233 2435 4599 2488 schöpftes, von Erosion und Raubbau zerstörtes Land und
3233 2482 4592 2555 eine an Abhängigkeit gewöhnte, unselbständige, unwissende
3236 2538 4603 2595 durch schlechte Ernährung verseuchte Bevölkerung. In den
3233 2595 4592 2652 neuen Industriezentren sammelt sich ein Proletariat, und
3233 2645 4603 2699 hier vollzieht sich die zweite Umwälzung; denn mit dem
3233 2692 4586 2756 Kapital aus dem Norden, welche in industriellen Unter¬
3233 2749 4589 2809 nehmungen investiert wurde, kamen die Gewerkschafts–
3240 2802 4606 2872 Organisatoren einer erfahrenen Arbeiterbewegung, und die
3233 2856 4603 2922 neue Krise dieses Winters vollzog sich unter den Anzeichen
3236 2916 4586 2976 des unvermeidlichen, plötzlich anhebenden Kampfes zwi¬
6286 5057 7595 5157 schen dem bisher rücksichtslos ausgebeuteten, nun zum
6293 5144 7582 5210 erstenmal von Gewerkschaften organisierten und unter¬
6286 5197 7595 5271 stützten Proletariat und den Arbeitgebern, die, selbst
6293 5247 7595 5314 von der Krise schwer betroffen, sich in der Hoffnung
6296 5307 7595 5364 getäuscht sehen, in den rückständigen Südstaaten um die
6289 5361 7582 5417 sozialen Forderungen der Arbeiterschaft herumzukom¬
6286 5404 7588 5478 men. – Inzwischen versucht die amerikanische Regie¬
6289 5461 7588 5528 rung, das besiegelte Ende der Plantage als Wirtschafts¬
6286 5518 7595 5578 reform zu benützen, um das erschöpfte Land und seine
6293 5571 7592 5635 verarmte Bevölkerung zu rehabilitieren: bisher lebte der
6286 5618 7595 5688 Süden von der Baumwolle und war abhängig von der
6286 5671 7595 5735 Ernte, vom Absatz, von den Preisen der Baumwollbörse.
6289 5725 7595 5792 Jetzt versucht man, die Baumwolle durch Produkte für
6286 5788 7582 5872 den eigenen Bedarf – Getreide, Kartoffeln, Obst, Ge¬
7695 5077 8955 5167 müse – zu ersetzen. Einige Plantagen werden auf Fich¬
7695 5150 8961 5227 tenholz, Peacan-Nüsse, Erdnüsse «umgestellt». Vor
7695 5210 8955 5281 allem aber soll der «vergessene Mann des Südens», der
7695 5257 8955 5324 Pächter, Sharecropper, Taglöhner der Baumwollfelder,
7695 5314 8951 5377 als selbständiger Kleinbauer oder Mitglied bäuerlicher
7695 5364 8961 5434 Kollektiv–Siedlungen jene Chance erhalten, die nach den
7695 5414 8951 5491 Worten der Konstitution jedem amerikanischen Bürger
7695 5478 8951 5544 zukommt: "Leben, Freiheit und das Streben nach Glück"
7695 5524 8961 5588 (Life, Liberty and the Persue of Happiness). So soll aus
7695 5564 8955 5648 dem Ende des feudalen Plantagensystems ein freier
7695 5631 8948 5705 Bauernstand hervorgehen und in den so lange vernach¬
7695 5681 8948 5751 lässigten, eben noch scheinbar unaufhaltsamer Degene¬
7695 5738 8945 5812 ration preisgegebenen Südstaaten endlich ein demokra¬
7695 5792 8831 5885 tisches, amerikanisches Ideal seinen Einzug halten.\:p\
390 897 2515 941 \f\Kinder einer Textilarbeiterin in North Carolina\:f\
464 3758 1907 3814 \fp\Kinder einer Textilarbeiterin in North Carolina. Das System des
464 3811 1900 3868 Fabrikdorfs gleicht aufs Haar dem Plantagensystem. Die Hütte, die
464 3854 1904 3908 von der Arbeiterin mit ihren 8 Kindern bewohnt wird, gehört dem
468 3901 1900 3961 Fabrikherrn. Ihm gehört auch der Laden, wo die Frau auf Kredit
461 3948 1897 4008 einkauft. Sie arbeitet seit 20 Jahren in der Baumwollspinnerei des
464 4001 1904 4055 Fabrikdorfs und verdient wöchentlich 5 ½ Dollar. Der Lohn wird
458 4045 1910 4108 ihr nicht bar ausbezahlt, sondern im Laden oder für die Abzahlung
464 4095 1907 4148 der Miete gutgeschrieben. Die Kinder gehen zur Schule – aber das
461 4135 1894 4202 älteste Mädchen, 14 Jahre alt, arbeitete bis zum Juli 1937 in 12stün¬
468 4192 1900 4245 diger Nachtschicht von 6 Uhr abends bis 6 Uhr morgens. Seither
464 4238 1897 4285 verbietet ein staatliches Arbeitsgesetz von North Carolina die Be¬
464 4282 1897 4335 schäftigung von Kindern unter 16 Jahren – als Resultat einer Ini¬
468 4332 1900 4399 tiative des «Comité für Industrie–Organisation» (C. J. O.), das in
458 4375 1747 4452 den Textilzentren des Südens die Gewerkschaften organisiert.\:fp\
471 4432 1904 4509 \fp\Quatre des huit enfants d' une ouvrière textile de la Caroline du Sud.
468 4496 1900 4552 Le sort des ouvriers des villages industriels des Etats du Sud ne diffère
468 4546 1900 4606 pas de celui des ouvriers agricoles. Comme eux, ils n' ont point possi¬
464 4603 1900 4649 bilité de louer d' autres cabanes que celles qui appartiennent à l' entre¬
471 4653 1904 4703 prise. Comme eux, ils sont obligés de s' approvisionner au magasin
464 4689 1900 4746 tenu par le consortium des propriétaires. On leur fait crédit, mais le
468 4729 1900 4790 montant de celui–ci est automatiquement rabattu de leur salaire. Sa¬
468 4783 1900 4846 laire modique s' il en fut, la mère de ces enfants, employée depuis 20
461 4833 1897 4896 ans dans une fabrique de textile ne touche que 5 ½ dollars par se¬
464 4886 1900 4947 maine. Sa fille aînée, âgée de 14 ans, travaillait déjà ses 12 heures de
464 4933 1900 5000 nuit quand le comité d' organisation de l' industrie (C. J. O.) obtint que
464 4983 1470 5040 l' on engagea pas d' enfants au–dessous de 16 ans.\:fp\
2174 5551 4289 5620 \f\Fabriksiedlung in Alabama\:f\
468 5157 1904 5247 \fp\So sieht eine neue Fabriksiedlung in Alabama aus! Nach Gadsden,
464 5240 1904 5291 Alabama, haben die «Goodyear»–Autoreifen–Werke ihre Fabriken
474 5287 1897 5344 verlegt. «Firestone» wollte dem Beispiel der Konkurrenzfirma fol¬
468 5331 1904 5394 gen, sah aber davon ab, nachdem 1937 die Arbeiter von Gadsden
468 5384 1907 5444 gegen die schlechten Existenzbedingungen protestierten und trotz
474 5434 1907 5484 gewaltiger Verfolgung durch die Privatpolizei (Company–police) der
464 5478 1900 5541 Fabrik sich der Textilarbeiter-Gewerkschaft des C. J. O. anschlossen.\:fp\
468 5534 1900 5601 \fp\Une cité ouvrière moderne!! Gadsden, dans l' Etat d' Alabama où sont
461 5594 1897 5648 établies les usines des pneus «Good Year». Brimés, misérablement lo¬
468 5645 1904 5711 gés, indignement–exploités, les ouvriers de ces usines ont protesté, il
464 5691 1904 5748 sont entrés en conflits armés avec la police particulière de la fabrique.
464 5738 1897 5808 Ils ont actuellement rallié le syndicat du C. J. O. pour obtenir de meil¬
464 5788 1239 5862 leures conditions de vie et de travail.\:fp\
5299 829 7314 862 \f\Schild in Feld\:f\
6279 4519 8958 4596 \fp\Im Staate Georgia hat die Regierung Land angekauft, welches durch jahrhundertelange Bebauung mit Baumwolle erschöpft, und durch
6279 4579 8965 4639 den Niedergang des Baumwollhandels entwertet war. Die ehemaligen Plantagenbesitzer hatten das Land großenteils brach liegen lassen.
6279 4626 8958 4693 Die Regierung hat eine Anzahl brotloser «Sharecropper»–Familien hier angesiedelt und als «ländliches Kollektiv» organisiert. Nach
6279 4676 8958 4739 nur zweijährigem Bestehen erhält sich heute die Siedlung selbst, ohne Zuschüsse vom Landwirtschafts–Departement, und erzeugt fast
6283 4719 8183 4793 alle Produkte, die zum Leben notwendig sind: Mais, Kartoffeln, Obst, Gemüse, Milch, Eier etc.\:fp\
6289 4776 8961 4870 \fp\Dans l' Etat de Géorgie, le gouvernement s' est rendu acquéreur des terrains laissés introductifs par les planteurs de cotons. Il
6293 4843 8955 4903 y a installé les «sharecropper» réduits au chômage et les a organisés en colonies agricoles. Deux ans plus tard – sans la moindre
6279 4900 8965 4970 subvention du Département de l' Agriculture – ces terrains produisent du mais, des pommes de terre, des fruits, et on y élève du
6279 4933 6777 5010 bétail et de la volaille.\:fp\
4985 5063 5936 5096 \f\Mann vor Hühnerstall\:f\
4860 5187 6146 5247 \fp\Wo es früher nur Baumwolle gab, und der Sharecropper
4856 5244 6139 5287 seine dürftigen Nahrungsmittel im Laden des Plantagenherrn
4850 5284 6132 5337 kaufen oder auf Kredit beziehen mußte, gibt es heute Felder,
4850 5334 6139 5391 Gärten, Vieh, Hühner. Dieser Siedler der «Pine Mountain
4860 5381 6142 5444 Valley Community» hat sich ganz der Hühnerzucht gewidmet.\:fp\
4856 5434 6142 5508 \fp\Où jadis poussait le coton, on trouve aujourd' hui des champs
4846 5501 6146 5551 de pommes de terre, de maïs, on voit brouter du bétail. Le
4863 5538 6132 5608 «sharecropper» esclave de fait s’ il ne l’ était plus en titre est
4850 5594 6142 5648 actuellement un petit paysan, membre d' une des communautés
4850 5641 6142 5701 agricoles organisées par le gouvernement. Il cultive ses champs,
4850 5695 6142 5748 ses légumes ou ses fruits, il trait ses vaches ou comme celui que
4846 5735 6136 5808 montre cette photo prise à «Pine Mountain Valley» se consacré
4846 5785 5311 5862 à l' élevage des poules.\:fp\
