<?xml version="1.0" encoding="UTF-8"?>
<validation-wrapper>
   <PcGts xmlns="http://schema.primaresearch.org/PAGE/gts/pagecontent/2013-07-15"
          xmlns:xsi="http://www.w3.org/2001/XMLSchema-instance"
          xsi:schemaLocation="http://schema.primaresearch.org/PAGE/gts/pagecontent/2013-07-15 http://schema.primaresearch.org/PAGE/gts/pagecontent/2013-07-15/pagecontent.xsd">
      <Metadata>
         <Creator>prov=READ-COOP:name=TrHtr:version=2.25.0:model_id=51170:date=02_04_2025_08:49</Creator>
         <Created>2025-03-31T17:06:24.412+02:00</Created>
         <LastChange>2025-04-02T08:59:14.300+02:00</LastChange>
         <TranskribusMetadata docId="7714838"
                              pageId="94281496"
                              pageNr="1"
                              tsid="238663809"
                              status="FINAL"
                              userId="295817"
                              imgUrl="https://files.transkribus.eu/Get?id=GPPDLBKCVLQENXZVDMJBDZQN&amp;fileType=view"
                              xmlUrl="https://files.transkribus.eu/Get?id=VFDKACPSNHOWNIFQWHISTETD"
                              imageId="78890498"/>
      </Metadata>
      <Page imageFilename="smallform_0563_001.jpg"
            imageWidth="4276"
            imageHeight="7111">
         <ReadingOrder>
            <OrderedGroup id="ro_1743577154301" caption="Regions reading order">
               <RegionRefIndexed index="0" regionRef="r_3"/>
               <RegionRefIndexed index="1" regionRef="r_4"/>
               <RegionRefIndexed index="2" regionRef="r"/>
               <RegionRefIndexed index="3" regionRef="r_2"/>
            </OrderedGroup>
         </ReadingOrder>
         <TextRegion id="r_3" custom="readingOrder {index:0;}">
            <Coords points="1205,6146 268,6146 268,4446 1205,4446"/>
            <TextLine id="r_3_tl_1" custom="readingOrder {index:0;}">
               <Coords points="443,4504 1020,4506 1020,4453 975,4445 686,4456 648,4440 543,4464 443,4443"/>
               <Baseline points="450,4492 495,4492 540,4489 585,4489 629,4492 674,4492 719,4492 764,4489 809,4489 853,4489 898,4489 943,4489 988,4489 1023,4492"/>
               <TextEquiv>
                  <Unicode>Spaziergang in Portugal</Unicode>
               </TextEquiv>
            </TextLine>
            <TextLine id="r_3_tl_2" custom="readingOrder {index:1;}">
               <Coords points="400,4558 1083,4557 1076,4502 400,4508"/>
               <Baseline points="406,4537 414,4537 459,4534 504,4534 549,4534 594,4537 638,4534 683,4537 728,4537 773,4534 817,4537 862,4534 907,4537 952,4534 997,4534 1041,4537 1086,4534"/>
               <TextEquiv>
                  <Unicode>Von \g\Annemarie Schwarzenbach\:g\</Unicode>
               </TextEquiv>
            </TextLine>
            <TextLine id="r_3_tl_3" custom="readingOrder {index:2;}">
               <Coords points="339,4594 1202,4594 1178,4550 339,4537"/>
               <Baseline points="346,4579 391,4579 435,4579 480,4579 525,4579 570,4579 614,4579 659,4579 704,4579 749,4579 794,4579 838,4579 883,4579 928,4579 973,4576 1017,4579 1062,4579 1107,4579 1152,4579 1185,4579 1205,4581"/>
               <TextEquiv>
                  <Unicode>\p\Morgens um sieben Uhr steht die Mondsichel noch</Unicode>
               </TextEquiv>
            </TextLine>
            <TextLine id="r_3_tl_4" custom="readingOrder {index:3;}">
               <Coords points="282,4627 1202,4623 1180,4589 282,4589"/>
               <Baseline points="289,4612 334,4612 379,4615 423,4612 468,4615 513,4615 558,4615 603,4618 647,4615 692,4615 737,4615 782,4612 826,4615 871,4612 916,4612 961,4615 1006,4612 1050,4615 1095,4615 1140,4615 1182,4615 1205,4617"/>
               <TextEquiv>
                  <Unicode>über dem blassen, grauen, träumenden Meer, und der</Unicode>
               </TextEquiv>
            </TextLine>
            <TextLine id="r_3_tl_5" custom="readingOrder {index:4;}">
               <Coords points="286,4655 1202,4659 1191,4620 286,4629"/>
               <Baseline points="292,4651 331,4648 376,4648 420,4648 465,4651 510,4651 555,4651 600,4651 644,4651 689,4651 734,4651 779,4651 823,4651 868,4651 913,4651 958,4648 1003,4648 1047,4648 1092,4648 1137,4648 1182,4648 1205,4652"/>
               <TextEquiv>
                  <Unicode>Himmel befreit sich erst langsam aus dem Mantel der</Unicode>
               </TextEquiv>
            </TextLine>
            <TextLine id="r_3_tl_6" custom="readingOrder {index:5;}">
               <Coords points="280,4707 1202,4708 1202,4659 1160,4653 280,4653"/>
               <Baseline points="286,4689 289,4689 334,4686 379,4686 423,4686 468,4686 513,4686 558,4686 603,4686 647,4686 692,4686 737,4686 782,4686 826,4686 871,4686 916,4686 961,4686 1006,4683 1050,4683 1095,4683 1140,4683 1185,4686 1205,4686"/>
               <TextEquiv>
                  <Unicode>Nachtbläue. Im Westen wartet der Horizont darauf,</Unicode>
               </TextEquiv>
            </TextLine>
            <TextLine id="r_3_tl_7" custom="readingOrder {index:6;}">
               <Coords points="286,4730 1202,4734 1202,4699 1143,4692 286,4702"/>
               <Baseline points="292,4722 331,4719 376,4719 420,4719 465,4722 510,4719 555,4722 600,4719 644,4719 689,4719 734,4722 779,4722 823,4722 868,4719 913,4722 958,4719 1003,4722 1047,4719 1092,4722 1137,4719 1182,4719 1205,4723"/>
               <TextEquiv>
                  <Unicode>aus dem Schlaf gehoben zu werden, im Osten, über</Unicode>
               </TextEquiv>
            </TextLine>
            <TextLine id="r_3_tl_8" custom="readingOrder {index:7;}">
               <Coords points="282,4762 1202,4764 1179,4729 282,4733"/>
               <Baseline points="289,4755 334,4755 379,4755 423,4758 468,4758 513,4758 558,4755 603,4755 647,4755 692,4758 737,4755 782,4755 826,4755 871,4755 916,4755 961,4755 1006,4755 1050,4755 1095,4755 1140,4755 1182,4758 1205,4760"/>
               <TextEquiv>
                  <Unicode>den Hügeln, gleiten die ersten mit sanftem Rosa und</Unicode>
               </TextEquiv>
            </TextLine>
            <TextLine id="r_3_tl_9" custom="readingOrder {index:8;}">
               <Coords points="280,4799 1202,4806 1202,4778 1117,4758 892,4784 280,4761"/>
               <Baseline points="286,4794 289,4794 334,4791 379,4791 423,4791 468,4791 513,4791 558,4791 603,4791 647,4791 692,4791 737,4791 782,4791 826,4791 871,4791 916,4791 961,4791 1006,4791 1050,4791 1095,4791 1140,4791 1185,4791 1205,4793"/>
               <TextEquiv>
                  <Unicode>feurigem Gelb genährten Strahlen aus den Wolken¬</Unicode>
               </TextEquiv>
            </TextLine>
            <TextLine id="r_3_tl_10" custom="readingOrder {index:9;}">
               <Coords points="280,4833 1202,4852 1178,4798 280,4800"/>
               <Baseline points="286,4827 331,4827 376,4827 420,4827 465,4827 510,4827 555,4827 600,4827 644,4827 689,4827 734,4827 779,4827 823,4827 868,4827 913,4827 958,4827 1003,4827 1047,4827 1092,4827 1137,4827 1182,4827 1191,4827 1205,4828"/>
               <TextEquiv>
                  <Unicode>betten zu den schwarzen Kronen der Fichten, und das</Unicode>
               </TextEquiv>
            </TextLine>
            <TextLine id="r_3_tl_11" custom="readingOrder {index:10;}">
               <Coords points="274,4871 953,4885 1202,4852 273,4833"/>
               <Baseline points="280,4866 325,4863 370,4863 414,4863 459,4863 504,4863 549,4863 594,4863 638,4863 683,4866 728,4863 773,4863 817,4863 862,4863 907,4863 952,4863 997,4866 1041,4863 1086,4863 1131,4863 1176,4866 1182,4866 1205,4867"/>
               <TextEquiv>
                  <Unicode>Frühlicht ergießt sich, zögernd empfangen, über die</Unicode>
               </TextEquiv>
            </TextLine>
            <TextLine id="r_3_tl_12" custom="readingOrder {index:11;}">
               <Coords points="280,4908 1202,4910 1202,4877 1115,4866 280,4871"/>
               <Baseline points="286,4898 331,4895 376,4895 420,4898 465,4898 510,4898 555,4898 600,4898 644,4898 689,4898 734,4898 779,4898 823,4898 868,4898 913,4898 958,4898 1003,4898 1047,4898 1092,4895 1137,4898 1182,4898 1185,4898 1205,4900"/>
               <TextEquiv>
                  <Unicode>Abhänge zum silbernen Strand hinab. In Portugal</Unicode>
               </TextEquiv>
            </TextLine>
            <TextLine id="r_3_tl_13" custom="readingOrder {index:12;}">
               <Coords points="280,4943 1202,4940 1163,4909 280,4909"/>
               <Baseline points="286,4934 331,4934 376,4931 420,4934 465,4931 510,4934 555,4934 600,4934 644,4934 689,4934 734,4934 779,4934 823,4934 868,4934 913,4934 958,4931 1003,4934 1047,4934 1092,4931 1137,4934 1179,4934 1205,4936"/>
               <TextEquiv>
                  <Unicode>wurde eine um zwei Stunden verschobene Sommer¬</Unicode>
               </TextEquiv>
            </TextLine>
            <TextLine id="r_3_tl_14" custom="readingOrder {index:13;}">
               <Coords points="280,4980 1202,4990 1176,4943 280,4948"/>
               <Baseline points="286,4973 331,4970 376,4970 420,4970 465,4970 510,4970 555,4970 600,4970 644,4970 689,4970 734,4970 779,4970 823,4970 868,4970 913,4970 958,4970 1003,4970 1047,4970 1092,4970 1137,4970 1182,4970 1205,4972"/>
               <TextEquiv>
                  <Unicode>zeit eingeführt, um 9 Uhr abends sieht man den Son¬</Unicode>
               </TextEquiv>
            </TextLine>
            <TextLine id="r_3_tl_15" custom="readingOrder {index:14;}">
               <Coords points="274,5017 1183,5018 1183,4985 1107,4976 274,4976"/>
               <Baseline points="280,5006 325,5006 370,5006 414,5006 459,5003 504,5006 549,5006 594,5006 638,5006 683,5006 728,5006 773,5006 817,5006 862,5006 907,5006 952,5006 997,5006 1041,5006 1086,5006 1131,5006 1176,5009 1185,5009"/>
               <TextEquiv>
                  <Unicode>nenball erst langsam westwärts zum Atlantik rollen:</Unicode>
               </TextEquiv>
            </TextLine>
            <TextLine id="r_3_tl_16" custom="readingOrder {index:15;}">
               <Coords points="280,5053 1202,5049 1184,5013 280,5021"/>
               <Baseline points="286,5042 331,5039 376,5039 420,5039 465,5039 510,5042 555,5039 600,5039 644,5039 689,5039 734,5039 779,5039 823,5039 868,5042 913,5039 958,5042 1003,5042 1047,5042 1092,5039 1137,5039 1182,5042 1191,5042 1205,5042"/>
               <TextEquiv>
                  <Unicode>und am Morgen, wenn die Länder im Osten schon im</Unicode>
               </TextEquiv>
            </TextLine>
            <TextLine id="r_3_tl_17" custom="readingOrder {index:16;}">
               <Coords points="286,5085 1202,5081 1202,5045 286,5053"/>
               <Baseline points="292,5078 337,5075 382,5075 426,5075 471,5075 516,5075 561,5075 606,5075 650,5075 695,5075 740,5075 785,5078 829,5075 874,5078 919,5075 964,5075 1009,5075 1053,5075 1098,5075 1143,5075 1188,5078 1197,5078 1205,5079"/>
               <TextEquiv>
                  <Unicode>satten Glanz des Tageslichtes ruhen, während hier die</Unicode>
               </TextEquiv>
            </TextLine>
            <TextLine id="r_3_tl_18" custom="readingOrder {index:17;}">
               <Coords points="288,5121 1202,5114 1202,5083 288,5087"/>
               <Baseline points="295,5110 340,5110 385,5110 429,5110 474,5110 519,5110 564,5110 609,5110 653,5110 698,5110 743,5110 788,5110 832,5113 877,5110 922,5110 967,5110 1012,5110 1056,5110 1101,5110 1146,5110 1185,5113 1205,5113"/>
               <TextEquiv>
                  <Unicode>Welt noch in der Dämmerung in jener seltsamen Stille</Unicode>
               </TextEquiv>
            </TextLine>
            <TextLine id="r_3_tl_19" custom="readingOrder {index:18;}">
               <Coords points="288,5158 1202,5161 1195,5116 288,5120"/>
               <Baseline points="295,5152 331,5146 376,5146 420,5146 465,5146 510,5146 555,5149 600,5146 644,5146 689,5146 734,5146 779,5149 823,5149 868,5146 913,5146 958,5146 1003,5146 1047,5146 1092,5146 1137,5146 1182,5143 1205,5148"/>
               <TextEquiv>
                  <Unicode>schwebt, wenn Himmel und Erde sich im gleichen Grau</Unicode>
               </TextEquiv>
            </TextLine>
            <TextLine id="r_3_tl_20" custom="readingOrder {index:19;}">
               <Coords points="292,5196 1202,5193 1172,5156 292,5158"/>
               <Baseline points="298,5185 331,5182 376,5182 420,5182 465,5182 510,5182 555,5179 600,5182 644,5182 689,5182 734,5182 779,5182 823,5185 868,5182 913,5185 958,5182 1003,5182 1047,5182 1092,5182 1137,5179 1182,5179 1205,5181"/>
               <TextEquiv>
                  <Unicode>zu berühren und dann silberzart sich zu trennen schei¬</Unicode>
               </TextEquiv>
            </TextLine>
            <TextLine id="r_3_tl_21" custom="readingOrder {index:20;}">
               <Coords points="280,5229 1202,5228 1202,5193 280,5201"/>
               <Baseline points="286,5218 331,5215 376,5221 420,5218 465,5218 510,5218 555,5218 600,5218 644,5218 689,5218 734,5218 779,5218 823,5218 868,5218 913,5218 958,5218 1003,5218 1047,5218 1092,5218 1137,5215 1182,5218 1191,5218 1205,5218"/>
               <TextEquiv>
                  <Unicode>nen, zeigt doch die Uhr dort und hier die gleiche</Unicode>
               </TextEquiv>
            </TextLine>
            <TextLine id="r_3_tl_22" custom="readingOrder {index:21;}">
               <Coords points="288,5264 1202,5268 1191,5225 288,5225"/>
               <Baseline points="295,5254 340,5251 385,5251 429,5254 474,5254 519,5251 564,5254 609,5251 653,5251 698,5251 743,5251 788,5251 832,5251 877,5251 922,5251 967,5251 1012,5251 1056,5251 1101,5251 1146,5251 1191,5254 1194,5254 1205,5254"/>
               <TextEquiv>
                  <Unicode>Stunde an. Der Ueberlandomnibus nach Cintra hält</Unicode>
               </TextEquiv>
            </TextLine>
            <TextLine id="r_3_tl_23" custom="readingOrder {index:22;}">
               <Coords points="274,5291 1173,5304 1173,5261 1120,5254 274,5257"/>
               <Baseline points="280,5289 325,5286 370,5286 414,5286 459,5286 504,5286 549,5286 594,5286 638,5286 683,5286 728,5286 773,5289 817,5289 862,5289 907,5289 952,5289 997,5289 1041,5289 1086,5289 1131,5286 1176,5286"/>
               <TextEquiv>
                  <Unicode>am kleinen Bahnhof von Estoril. Zur Linken und Rech¬</Unicode>
               </TextEquiv>
            </TextLine>
            <TextLine id="r_3_tl_24" custom="readingOrder {index:23;}">
               <Coords points="280,5339 1202,5326 1093,5290 280,5298"/>
               <Baseline points="286,5325 331,5322 376,5322 420,5322 465,5322 510,5322 555,5322 600,5322 644,5322 689,5322 734,5322 779,5322 823,5325 868,5325 913,5325 958,5325 1003,5322 1047,5322 1092,5322 1137,5322 1176,5325 1205,5321"/>
               <TextEquiv>
                  <Unicode>ten sind die kleinen Cafés und Läden unter den Arka¬</Unicode>
               </TextEquiv>
            </TextLine>
            <TextLine id="r_3_tl_25" custom="readingOrder {index:24;}">
               <Coords points="282,5367 1202,5375 1202,5326 282,5336"/>
               <Baseline points="289,5358 334,5358 379,5361 423,5358 468,5361 513,5358 558,5358 603,5358 647,5358 692,5358 737,5358 782,5358 826,5358 871,5358 916,5361 961,5358 1006,5358 1050,5358 1095,5358 1140,5358 1185,5361 1197,5358 1205,5359"/>
               <TextEquiv>
                  <Unicode>den noch geschlossen, während oben, am Ende eines</Unicode>
               </TextEquiv>
            </TextLine>
            <TextLine id="r_3_tl_26" custom="readingOrder {index:25;}">
               <Coords points="280,5406 1202,5415 1167,5365 279,5367"/>
               <Baseline points="286,5394 331,5394 376,5394 420,5394 465,5394 510,5394 555,5394 600,5394 644,5394 689,5394 734,5394 779,5394 823,5394 868,5394 913,5397 958,5394 1003,5394 1047,5394 1092,5394 1137,5394 1182,5397 1197,5397 1205,5396"/>
               <TextEquiv>
                  <Unicode>breiten Stroms von Blumenbeeten und taufrischen,</Unicode>
               </TextEquiv>
            </TextLine>
            <TextLine id="r_3_tl_27" custom="readingOrder {index:26;}">
               <Coords points="280,5441 1202,5431 1160,5402 280,5406"/>
               <Baseline points="286,5430 331,5430 376,5430 420,5430 465,5430 510,5430 555,5430 600,5430 644,5430 689,5430 734,5430 779,5430 823,5430 868,5430 913,5430 958,5430 1003,5430 1047,5430 1092,5430 1137,5430 1182,5430 1191,5430 1205,5431"/>
               <TextEquiv>
                  <Unicode>blühenden Büschen, vielleicht noch ein paar verspätete</Unicode>
               </TextEquiv>
            </TextLine>
            <TextLine id="r_3_tl_28" custom="readingOrder {index:27;}">
               <Coords points="280,5473 1202,5473 1201,5434 280,5448"/>
               <Baseline points="286,5466 331,5466 376,5466 420,5466 465,5466 510,5463 555,5463 600,5466 644,5466 689,5463 734,5466 779,5466 823,5466 868,5466 913,5466 958,5466 1003,5466 1047,5466 1092,5466 1137,5466 1182,5466 1205,5466"/>
               <TextEquiv>
                  <Unicode>Gäste hinter den herabgelassenen Jalousien des weißen</Unicode>
               </TextEquiv>
            </TextLine>
            <TextLine id="r_3_tl_29" custom="readingOrder {index:28;}">
               <Coords points="288,5514 1202,5508 1202,5477 1156,5474 288,5473"/>
               <Baseline points="295,5501 340,5501 385,5501 429,5501 474,5501 519,5501 564,5501 609,5501 653,5501 698,5501 743,5501 788,5504 832,5501 877,5501 922,5501 967,5501 1012,5501 1056,5501 1101,5501 1146,5498 1191,5498 1205,5501"/>
               <TextEquiv>
                  <Unicode>Kasinos am Spieltisch sitzen. In der schönen, barocken</Unicode>
               </TextEquiv>
            </TextLine>
            <TextLine id="r_3_tl_30" custom="readingOrder {index:29;}">
               <Coords points="286,5547 1202,5544 1202,5507 286,5514"/>
               <Baseline points="292,5537 337,5537 382,5537 426,5537 471,5537 516,5537 561,5534 606,5534 650,5534 695,5534 740,5537 785,5534 829,5537 874,5537 919,5537 964,5537 1009,5537 1053,5534 1098,5537 1143,5534 1185,5537 1205,5537"/>
               <TextEquiv>
                  <Unicode>Klosterkirche, deren Mauern das Meersalz trinken, wird</Unicode>
               </TextEquiv>
            </TextLine>
            <TextLine id="r_3_tl_31" custom="readingOrder {index:30;}">
               <Coords points="280,5581 1202,5583 1202,5544 1148,5540 280,5539"/>
               <Baseline points="286,5573 331,5573 376,5570 420,5573 465,5573 510,5573 555,5570 600,5573 644,5570 689,5570 734,5570 779,5573 823,5573 868,5573 913,5573 958,5573 1003,5570 1047,5570 1092,5570 1137,5570 1182,5570 1191,5573 1205,5572"/>
               <TextEquiv>
                  <Unicode>die Messe gelesen, durch das altersgraue Portal ihres</Unicode>
               </TextEquiv>
            </TextLine>
            <TextLine id="r_3_tl_32" custom="readingOrder {index:31;}">
               <Coords points="286,5624 1202,5608 1170,5577 286,5582"/>
               <Baseline points="292,5609 337,5609 382,5609 426,5609 471,5606 516,5609 561,5606 606,5609 650,5609 695,5606 740,5609 785,5606 829,5606 874,5609 919,5609 964,5609 1009,5609 1053,5606 1098,5606 1143,5606 1182,5609 1205,5607"/>
               <TextEquiv>
                  <Unicode>Gartens sieht man Novizen jungen Salat pflücken und</Unicode>
               </TextEquiv>
            </TextLine>
            <TextLine id="r_3_tl_33" custom="readingOrder {index:32;}">
               <Coords points="286,5656 1202,5653 1202,5610 286,5622"/>
               <Baseline points="292,5648 295,5648 340,5645 385,5645 429,5642 474,5642 519,5642 564,5642 609,5642 653,5642 698,5642 743,5642 788,5642 832,5645 877,5645 922,5645 967,5642 1012,5642 1056,5642 1101,5642 1146,5642 1191,5642 1205,5642"/>
               <TextEquiv>
                  <Unicode>zarthäutige Kartoffeln aus der fetten, braunen Erde</Unicode>
               </TextEquiv>
            </TextLine>
            <TextLine id="r_3_tl_34" custom="readingOrder {index:33;}">
               <Coords points="288,5690 1202,5682 1180,5647 288,5656"/>
               <Baseline points="295,5681 331,5681 376,5681 420,5681 465,5681 510,5678 555,5678 600,5678 644,5678 689,5678 734,5678 779,5678 823,5678 868,5678 913,5678 958,5678 1003,5678 1047,5678 1092,5678 1137,5678 1182,5678 1205,5678"/>
               <TextEquiv>
                  <Unicode>hacken. Fischerfrauen, flache Körbe voll kleiner, schil¬</Unicode>
               </TextEquiv>
            </TextLine>
            <TextLine id="r_3_tl_35" custom="readingOrder {index:34;}">
               <Coords points="282,5729 1202,5718 1202,5683 282,5688"/>
               <Baseline points="289,5716 298,5716 343,5716 388,5716 432,5716 477,5716 522,5713 567,5713 611,5713 656,5713 701,5713 746,5713 791,5713 835,5713 880,5713 925,5716 970,5713 1015,5713 1059,5713 1104,5713 1149,5713 1194,5713 1205,5713"/>
               <TextEquiv>
                  <Unicode>lernder Fische auf dem Kopf tragend, kommen barfuß</Unicode>
               </TextEquiv>
            </TextLine>
            <TextLine id="r_3_tl_36" custom="readingOrder {index:35;}">
               <Coords points="292,5759 1202,5751 1153,5722 292,5725"/>
               <Baseline points="298,5752 331,5752 376,5752 420,5752 465,5749 510,5749 555,5749 600,5749 644,5749 689,5749 734,5749 779,5749 823,5749 868,5749 913,5749 958,5749 1003,5752 1047,5752 1092,5749 1137,5749 1182,5749 1205,5749"/>
               <TextEquiv>
                  <Unicode>die breite Asphaltstraße dem Strand entlang, Zeitungs¬</Unicode>
               </TextEquiv>
            </TextLine>
            <TextLine id="r_3_tl_37" custom="readingOrder {index:36;}">
               <Coords points="286,5789 1202,5793 1193,5752 286,5758"/>
               <Baseline points="292,5788 337,5785 382,5785 426,5785 471,5785 516,5785 561,5785 606,5785 650,5785 695,5785 740,5785 785,5785 829,5785 874,5785 919,5785 964,5785 1009,5785 1053,5785 1098,5785 1143,5782 1188,5785 1205,5782"/>
               <TextEquiv>
                  <Unicode>buben stürzen aus dem Bahnhof, und durch die Gas¬</Unicode>
               </TextEquiv>
            </TextLine>
            <TextLine id="r_3_tl_38" custom="readingOrder {index:37;}">
               <Coords points="286,5841 1202,5830 1192,5790 286,5790"/>
               <Baseline points="292,5824 301,5827 346,5824 391,5824 435,5824 480,5821 525,5821 570,5821 614,5821 659,5818 704,5818 749,5818 794,5821 838,5821 883,5821 928,5821 973,5821 1017,5821 1062,5821 1107,5818 1152,5818 1197,5821 1205,5821"/>
               <TextEquiv>
                  <Unicode>sen und Sträßchen des erwachenden Ortes fährt unser</Unicode>
               </TextEquiv>
            </TextLine>
            <TextLine id="r_3_tl_39" custom="readingOrder {index:38;}">
               <Coords points="286,5864 1202,5862 1202,5829 286,5841"/>
               <Baseline points="292,5860 295,5860 340,5860 385,5860 429,5860 474,5860 519,5857 564,5857 609,5857 653,5857 698,5857 743,5854 788,5854 832,5857 877,5857 922,5857 967,5857 1012,5857 1056,5857 1101,5854 1146,5854 1191,5857 1205,5857"/>
               <TextEquiv>
                  <Unicode>riesiger, gelber Autobus schwankend aufwärts, über die</Unicode>
               </TextEquiv>
            </TextLine>
            <TextLine id="r_3_tl_40" custom="readingOrder {index:39;}">
               <Coords points="295,5909 1195,5908 1205,5864 295,5870"/>
               <Baseline points="301,5898 340,5895 385,5895 429,5895 474,5895 519,5895 564,5892 609,5892 653,5892 698,5892 743,5892 788,5890 832,5890 877,5890 922,5892 967,5892 1012,5892 1056,5892 1101,5892 1146,5890 1191,5892 1205,5891"/>
               <TextEquiv>
                  <Unicode>Hügel, hinter denen das Land sich ausbreitet, herb,</Unicode>
               </TextEquiv>
            </TextLine>
            <TextLine id="r_3_tl_41" custom="readingOrder {index:40;}">
               <Coords points="292,5936 1202,5936 1183,5899 292,5911"/>
               <Baseline points="298,5931 340,5928 385,5928 429,5928 474,5928 519,5928 564,5928 609,5928 653,5925 698,5925 743,5925 788,5925 832,5928 877,5925 922,5925 967,5925 1012,5925 1056,5925 1101,5925 1146,5925 1191,5925 1205,5925"/>
               <TextEquiv>
                  <Unicode>morgenfrisch, vom Staub der Frühsonne vergoldet.</Unicode>
               </TextEquiv>
            </TextLine>
            <TextLine id="r_3_tl_42" custom="readingOrder {index:41;}">
               <Coords points="287,5975 1150,5979 1201,5972 1202,5936 288,5936"/>
               <Baseline points="295,5964 319,5967 364,5964 408,5967 453,5964 498,5964 543,5964 588,5961 632,5964 677,5961 722,5961 767,5961 812,5961 856,5961 901,5961 946,5964 991,5961 1035,5961 1080,5961 1125,5961 1170,5961 1205,5963"/>
               <TextEquiv>
                  <Unicode>Estoril mit seinem schwarzen Asphalt, seinen Villen,</Unicode>
               </TextEquiv>
            </TextLine>
            <TextLine id="r_3_tl_43" custom="readingOrder {index:42;}">
               <Coords points="292,6009 1202,6005 1202,5972 292,5977"/>
               <Baseline points="298,6003 337,6000 382,6000 426,6000 471,6000 516,6000 561,6000 606,6000 650,5997 695,5997 740,5997 785,5997 829,5997 874,5997 919,5997 964,5997 1009,5997 1053,5997 1098,5997 1143,5994 1188,5994 1205,5998"/>
               <TextEquiv>
                  <Unicode>Hotels und Gärten bleibt zurück, der weiße Meeres¬</Unicode>
               </TextEquiv>
            </TextLine>
            <TextLine id="r_3_tl_44" custom="readingOrder {index:43;}">
               <Coords points="295,6051 1169,6046 1205,6006 296,6009"/>
               <Baseline points="301,6042 334,6036 379,6036 423,6036 468,6036 513,6036 558,6036 603,6036 647,6033 692,6033 737,6033 782,6033 826,6033 871,6033 916,6033 961,6033 1006,6033 1050,6033 1095,6033 1140,6033 1185,6036 1205,6032"/>
               <TextEquiv>
                  <Unicode>strand versinkt für eine Weile. Die Straße wird so¬</Unicode>
               </TextEquiv>
            </TextLine>
            <TextLine id="r_3_tl_45" custom="readingOrder {index:44;}">
               <Coords points="286,6077 1202,6073 1202,6033 286,6054"/>
               <Baseline points="292,6075 298,6075 343,6072 388,6075 432,6072 477,6072 522,6072 567,6072 611,6069 656,6069 701,6069 746,6069 791,6069 835,6069 880,6069 925,6069 970,6069 1015,6069 1059,6069 1104,6069 1149,6066 1194,6069 1205,6069"/>
               <TextEquiv>
                  <Unicode>gleich zu einer gemächlich zwischen Steinmäuerchen sich</Unicode>
               </TextEquiv>
            </TextLine>
            <TextLine id="r_3_tl_46" custom="readingOrder {index:45;}">
               <Coords points="292,6126 1202,6110 1202,6075 292,6083"/>
               <Baseline points="298,6110 343,6110 388,6110 432,6110 477,6107 522,6107 567,6110 611,6107 656,6107 701,6107 746,6107 791,6107 835,6107 880,6107 925,6107 970,6107 1015,6104 1059,6104 1104,6104 1149,6104 1194,6104 1205,6105"/>
               <TextEquiv>
                  <Unicode>dahinwindenden Landstraße, sie ist bald rötlich wie die</Unicode>
               </TextEquiv>
            </TextLine>
            <TextEquiv>
               <Unicode/>
            </TextEquiv>
         </TextRegion>
         <TextRegion id="r_4" custom="readingOrder {index:1;}">
            <Coords points="2129,6146 1205,6146 1205,4446 2129,4446"/>
            <TextLine id="r_4_tl_1" custom="readingOrder {index:0;}">
               <Coords points="1214,4489 2126,4496 2112,4441 1214,4445"/>
               <Baseline points="1220,4480 1244,4474 1289,4474 1334,4474 1379,4474 1423,4474 1468,4474 1513,4474 1558,4474 1603,4474 1647,4471 1692,4474 1737,4474 1782,4474 1827,4474 1871,4471 1916,4471 1961,4474 2006,4474 2050,4471 2095,4474 2129,4474"/>
               <TextEquiv>
                  <Unicode>Felder, bald weiß und gelb wie die gebackenen Hügel,</Unicode>
               </TextEquiv>
            </TextLine>
            <TextLine id="r_4_tl_2" custom="readingOrder {index:1;}">
               <Coords points="1206,4522 2126,4525 2089,4480 1206,4480"/>
               <Baseline points="1212,4510 1256,4510 1301,4510 1346,4510 1391,4510 1435,4507 1480,4510 1525,4510 1570,4510 1615,4510 1659,4510 1704,4510 1749,4510 1794,4510 1838,4507 1883,4510 1928,4507 1973,4510 2018,4510 2062,4510 2107,4510 2129,4512"/>
               <TextEquiv>
                  <Unicode>auf denen die runden Türme der Windmühlen stehen,</Unicode>
               </TextEquiv>
            </TextLine>
            <TextLine id="r_4_tl_3" custom="readingOrder {index:2;}">
               <Coords points="1206,4550 2126,4553 2082,4517 1206,4522"/>
               <Baseline points="1212,4543 1256,4546 1301,4543 1346,4546 1391,4546 1435,4546 1480,4546 1525,4543 1570,4546 1615,4543 1659,4546 1704,4546 1749,4543 1794,4546 1838,4543 1883,4543 1928,4543 1973,4543 2018,4543 2062,4546 2107,4543 2129,4543"/>
               <TextEquiv>
                  <Unicode>und die Spuren von Karren und zierlichen Eselhufen</Unicode>
               </TextEquiv>
            </TextLine>
            <TextLine id="r_4_tl_4" custom="readingOrder {index:3;}">
               <Coords points="1199,4588 2126,4590 2111,4551 1199,4550"/>
               <Baseline points="1205,4581 1218,4582 1238,4579 1283,4582 1328,4582 1373,4582 1418,4582 1462,4579 1507,4582 1552,4579 1597,4579 1641,4579 1686,4582 1731,4582 1776,4579 1821,4579 1865,4582 1910,4579 1955,4579 2000,4579 2044,4579 2089,4582 2129,4582"/>
               <TextEquiv>
                  <Unicode>sind auf ihr zahlreicher als der breite, glatte Abdruck</Unicode>
               </TextEquiv>
            </TextLine>
            <TextLine id="r_4_tl_5" custom="readingOrder {index:4;}">
               <Coords points="1199,4631 2126,4628 2092,4589 1199,4593"/>
               <Baseline points="1205,4617 1212,4618 1256,4618 1301,4615 1346,4615 1391,4615 1435,4615 1480,4618 1525,4615 1570,4615 1615,4618 1659,4615 1704,4618 1749,4615 1794,4615 1838,4615 1883,4615 1928,4615 1973,4615 2018,4615 2062,4615 2104,4618 2129,4616"/>
               <TextEquiv>
                  <Unicode>einiger Lastwagenräder. Der Autobus hält häufig, in</Unicode>
               </TextEquiv>
            </TextLine>
            <TextLine id="r_4_tl_6" custom="readingOrder {index:5;}">
               <Coords points="1199,4664 2126,4660 2107,4623 1199,4630"/>
               <Baseline points="1205,4652 1212,4654 1256,4651 1301,4651 1346,4654 1391,4654 1435,4654 1480,4654 1525,4651 1570,4651 1615,4651 1659,4651 1704,4651 1749,4651 1794,4651 1838,4651 1883,4654 1928,4651 1973,4651 2018,4651 2062,4651 2107,4654 2110,4654 2129,4652"/>
               <TextEquiv>
                  <Unicode>kleinen Dörfern, vor der bescheidenen Fassade eines</Unicode>
               </TextEquiv>
            </TextLine>
            <TextLine id="r_4_tl_7" custom="readingOrder {index:6;}">
               <Coords points="1199,4706 2126,4691 2126,4660 1199,4665"/>
               <Baseline points="1205,4686 1212,4686 1256,4686 1301,4686 1346,4686 1391,4686 1435,4686 1480,4686 1525,4686 1570,4686 1615,4686 1659,4686 1704,4686 1749,4686 1794,4686 1838,4686 1883,4686 1928,4686 1973,4686 2018,4686 2062,4686 2107,4686 2116,4686 2129,4686"/>
               <TextEquiv>
                  <Unicode>Cafés, wo eine Katze auf einem Marmortischchen</Unicode>
               </TextEquiv>
            </TextLine>
            <TextLine id="r_4_tl_8" custom="readingOrder {index:7;}">
               <Coords points="1199,4733 2126,4738 2126,4692 1199,4707"/>
               <Baseline points="1205,4723 1220,4725 1265,4722 1310,4722 1355,4722 1400,4722 1444,4722 1489,4722 1534,4722 1579,4719 1624,4722 1668,4722 1713,4722 1758,4722 1803,4722 1847,4722 1892,4722 1937,4722 1982,4722 2027,4722 2071,4722 2110,4725 2129,4723"/>
               <TextEquiv>
                  <Unicode>schläft, der Hausbursche unter der schmalen Türe steht,</Unicode>
               </TextEquiv>
            </TextLine>
            <TextLine id="r_4_tl_9" custom="readingOrder {index:8;}">
               <Coords points="1199,4776 2126,4775 2126,4737 2067,4730 1199,4735"/>
               <Baseline points="1205,4760 1220,4761 1256,4758 1301,4758 1346,4758 1391,4758 1435,4758 1480,4755 1525,4755 1570,4755 1615,4758 1659,4758 1704,4758 1749,4758 1794,4758 1838,4758 1883,4758 1928,4755 1973,4758 2018,4755 2062,4758 2107,4758 2129,4758"/>
               <TextEquiv>
                  <Unicode>ein Fahrgast sein Glas Bier oder Aguadente bezahlt,</Unicode>
               </TextEquiv>
            </TextLine>
            <TextLine id="r_4_tl_10" custom="readingOrder {index:9;}">
               <Coords points="1199,4796 2126,4804 2083,4766 1199,4776"/>
               <Baseline points="1205,4793 1218,4794 1262,4791 1307,4794 1352,4794 1397,4794 1441,4794 1486,4791 1531,4794 1576,4791 1621,4794 1665,4794 1710,4794 1755,4794 1800,4791 1844,4794 1889,4794 1934,4791 1979,4794 2024,4794 2068,4791 2110,4794 2129,4792"/>
               <TextEquiv>
                  <Unicode>bevor er zu uns einsteigt, den Hut lüpfend. Dann</Unicode>
               </TextEquiv>
            </TextLine>
            <TextLine id="r_4_tl_11" custom="readingOrder {index:10;}">
               <Coords points="1199,4835 2126,4827 2079,4799 1199,4803"/>
               <Baseline points="1205,4828 1218,4830 1220,4830 1265,4827 1310,4827 1355,4827 1400,4830 1444,4827 1489,4827 1534,4827 1579,4827 1624,4827 1668,4830 1713,4827 1758,4830 1803,4827 1847,4827 1892,4827 1937,4830 1982,4830 2027,4827 2071,4827 2116,4827 2129,4827"/>
               <TextEquiv>
                  <Unicode>fahren wir wieder hinaus, und am Ende der Land¬</Unicode>
               </TextEquiv>
            </TextLine>
            <TextLine id="r_4_tl_12" custom="readingOrder {index:11;}">
               <Coords points="1199,4877 2110,4884 2110,4835 1199,4845"/>
               <Baseline points="1205,4867 1220,4869 1262,4863 1307,4866 1352,4863 1397,4866 1441,4866 1486,4863 1531,4863 1576,4863 1621,4863 1665,4863 1710,4866 1755,4863 1800,4863 1844,4863 1889,4866 1934,4863 1979,4863 2024,4863 2068,4863 2113,4866 2129,4887"/>
               <TextEquiv>
                  <Unicode>straße erhebt sich dunkel und düster der gezackte Berg</Unicode>
               </TextEquiv>
            </TextLine>
            <TextLine id="r_4_tl_13" custom="readingOrder {index:12;}">
               <Coords points="1199,4917 2102,4912 2093,4868 1199,4884"/>
               <Baseline points="1205,4900 1220,4901 1253,4898 1298,4898 1343,4898 1388,4898 1432,4898 1477,4898 1522,4898 1567,4901 1612,4898 1656,4898 1701,4898 1746,4898 1791,4898 1835,4898 1880,4898 1925,4898 1970,4898 2015,4898 2059,4898 2104,4898"/>
               <TextEquiv>
                  <Unicode>von Cintra wo die Zuckerhut-Türme seines mauri¬</Unicode>
               </TextEquiv>
            </TextLine>
            <TextLine id="r_4_tl_14" custom="readingOrder {index:13;}">
               <Coords points="1199,4939 2126,4954 2126,4913 1990,4904 1199,4916"/>
               <Baseline points="1205,4936 1220,4937 1265,4934 1310,4934 1355,4934 1400,4934 1444,4934 1489,4934 1534,4934 1579,4934 1624,4937 1668,4934 1713,4934 1758,4937 1803,4934 1847,4934 1892,4934 1937,4934 1982,4934 2027,4934 2071,4934 2116,4934 2129,4934"/>
               <TextEquiv>
                  <Unicode>schen Schlosses aus der grünen Fülle seiner Märchen¬</Unicode>
               </TextEquiv>
            </TextLine>
            <TextLine id="r_4_tl_15" custom="readingOrder {index:14;}">
               <Coords points="1199,4981 1228,4988 1275,4976 1323,4986 1338,4978 1379,4988 1408,4980 1429,4985 1429,4945 1346,4946 1323,4955 1302,4945 1288,4952 1271,4944 1216,4950 1199,4940"/>
               <Baseline points="1205,4972 1212,4973 1253,4970 1298,4970 1343,4970 1388,4970 1432,4970"/>
               <TextEquiv>
                  <Unicode>gärten ragen.\:p\</Unicode>
               </TextEquiv>
            </TextLine>
            <TextLine id="r_4_tl_16" custom="readingOrder {index:15;}">
               <Coords points="1268,5015 2126,5018 2126,4974 1993,4954 1534,4957 1391,4996 1268,4975"/>
               <Baseline points="1274,5009 1319,5006 1364,5006 1409,5006 1453,5006 1498,5003 1543,5003 1588,5003 1632,5006 1677,5006 1722,5006 1767,5006 1812,5006 1856,5003 1901,5006 1946,5006 1991,5003 2035,5006 2080,5006 2116,5009 2129,5007"/>
               <TextEquiv>
                  <Unicode>\p\Mitten im Land hält der Autobus an, und der</Unicode>
               </TextEquiv>
            </TextLine>
            <TextLine id="r_4_tl_17" custom="readingOrder {index:16;}">
               <Coords points="1199,5044 2126,5065 2099,5013 1199,5013"/>
               <Baseline points="1205,5042 1220,5042 1262,5042 1307,5039 1352,5042 1397,5039 1441,5042 1486,5042 1531,5042 1576,5042 1621,5042 1665,5039 1710,5039 1755,5042 1800,5042 1844,5042 1889,5039 1934,5039 1979,5039 2024,5039 2068,5039 2113,5039 2129,5041"/>
               <TextEquiv>
                  <Unicode>Fahrer winkt mir, auszusteigen: zur Rechten zweigt</Unicode>
               </TextEquiv>
            </TextLine>
            <TextLine id="r_4_tl_18" custom="readingOrder {index:17;}">
               <Coords points="1199,5084 2126,5079 2067,5050 1199,5057"/>
               <Baseline points="1205,5079 1212,5080 1215,5080 1259,5078 1304,5078 1349,5078 1394,5078 1438,5078 1483,5075 1528,5078 1573,5075 1618,5078 1662,5078 1707,5075 1752,5075 1797,5078 1841,5075 1886,5075 1931,5075 1976,5075 2021,5075 2065,5075 2110,5078 2129,5075"/>
               <TextEquiv>
                  <Unicode>ein Weg ab, und ein Wegweiser zeigt an: Albarra¬</Unicode>
               </TextEquiv>
            </TextLine>
            <TextLine id="r_4_tl_19" custom="readingOrder {index:18;}">
               <Coords points="1199,5133 2126,5127 2126,5093 1965,5078 1199,5092"/>
               <Baseline points="1205,5113 1218,5113 1262,5113 1307,5110 1352,5110 1397,5110 1441,5113 1486,5113 1531,5110 1576,5110 1621,5110 1665,5110 1710,5110 1755,5110 1800,5110 1844,5110 1889,5110 1934,5110 1979,5110 2024,5113 2068,5110 2110,5113 2129,5112"/>
               <TextEquiv>
                  <Unicode>que, 6 Kilometer. — Das ist ein arabischer Name, das</Unicode>
               </TextEquiv>
            </TextLine>
            <TextLine id="r_4_tl_20" custom="readingOrder {index:19;}">
               <Coords points="1199,5154 2126,5165 2104,5119 1199,5133"/>
               <Baseline points="1205,5148 1220,5152 1256,5149 1301,5146 1346,5146 1391,5146 1435,5146 1480,5146 1525,5146 1570,5146 1615,5146 1659,5146 1704,5146 1749,5146 1794,5146 1838,5146 1883,5146 1928,5149 1973,5146 2018,5146 2062,5146 2107,5146 2129,5146"/>
               <TextEquiv>
                  <Unicode>„Al“ entspricht dem arabischen Artikel „El“, den man</Unicode>
               </TextEquiv>
            </TextLine>
            <TextLine id="r_4_tl_21" custom="readingOrder {index:20;}">
               <Coords points="1199,5203 2126,5187 1964,5148 1199,5154"/>
               <Baseline points="1205,5181 1218,5182 1262,5182 1307,5182 1352,5182 1397,5182 1441,5182 1486,5182 1531,5182 1576,5182 1621,5182 1665,5182 1710,5182 1755,5182 1800,5182 1844,5182 1889,5182 1934,5182 1979,5182 2024,5179 2068,5182 2110,5182 2129,5182"/>
               <TextEquiv>
                  <Unicode>in vielen Ortsnamen von Nordafrika bis nach Syrien</Unicode>
               </TextEquiv>
            </TextLine>
            <TextLine id="r_4_tl_22" custom="readingOrder {index:21;}">
               <Coords points="1199,5220 2126,5239 2126,5187 1199,5203"/>
               <Baseline points="1205,5218 1220,5218 1265,5218 1310,5218 1355,5218 1400,5218 1444,5218 1489,5218 1534,5218 1579,5215 1624,5218 1668,5218 1713,5218 1758,5218 1803,5218 1847,5215 1892,5218 1937,5215 1982,5215 2027,5215 2071,5218 2110,5221 2129,5221"/>
               <TextEquiv>
                  <Unicode>und Irak wiederfindet. Und wie ich den Autobus</Unicode>
               </TextEquiv>
            </TextLine>
            <TextLine id="r_4_tl_23" custom="readingOrder {index:22;}">
               <Coords points="1199,5255 2126,5263 2098,5228 1956,5220 1199,5222"/>
               <Baseline points="1205,5254 1218,5254 1253,5254 1298,5251 1343,5254 1388,5254 1432,5254 1477,5254 1522,5251 1567,5251 1612,5254 1656,5254 1701,5251 1746,5254 1791,5254 1835,5251 1880,5251 1925,5251 1970,5251 2015,5251 2059,5251 2104,5254 2129,5252"/>
               <TextEquiv>
                  <Unicode>davonrollen sah, und in der milden Morgensonne mei¬</Unicode>
               </TextEquiv>
            </TextLine>
            <TextLine id="r_4_tl_24" custom="readingOrder {index:23;}">
               <Coords points="1216,5296 2126,5304 2100,5262 1216,5264"/>
               <Baseline points="1223,5289 1268,5289 1313,5286 1358,5289 1403,5286 1447,5286 1492,5286 1537,5286 1582,5286 1626,5286 1671,5286 1716,5289 1761,5289 1806,5289 1850,5286 1895,5286 1940,5286 1985,5289 2030,5286 2074,5286 2119,5289 2129,5289"/>
               <TextEquiv>
                  <Unicode>nen Weg nach Albarraque einschlug, schien mir, ich sei</Unicode>
               </TextEquiv>
            </TextLine>
            <TextLine id="r_4_tl_25" custom="readingOrder {index:24;}">
               <Coords points="1199,5327 2023,5346 2126,5322 2062,5294 1199,5294"/>
               <Baseline points="1205,5321 1218,5319 1259,5322 1304,5322 1349,5322 1394,5322 1438,5322 1483,5322 1528,5322 1573,5325 1618,5325 1662,5322 1707,5322 1752,5322 1797,5322 1841,5322 1886,5322 1931,5322 1976,5322 2021,5322 2065,5322 2107,5322 2129,5321"/>
               <TextEquiv>
                  <Unicode>weit von Estoril und Lissabon, weit von den Gescheh¬</Unicode>
               </TextEquiv>
            </TextLine>
            <TextLine id="r_4_tl_26" custom="readingOrder {index:25;}">
               <Coords points="1199,5373 2126,5368 2107,5333 1199,5326"/>
               <Baseline points="1205,5359 1218,5361 1259,5358 1304,5358 1349,5358 1394,5358 1438,5358 1483,5358 1528,5358 1573,5358 1618,5358 1662,5358 1707,5358 1752,5358 1797,5358 1841,5358 1886,5358 1931,5358 1976,5358 2021,5358 2065,5358 2110,5358 2129,5360"/>
               <TextEquiv>
                  <Unicode>nissen, die heute unser Leben bestimmen, und über¬</Unicode>
               </TextEquiv>
            </TextLine>
            <TextLine id="r_4_tl_27" custom="readingOrder {index:26;}">
               <Coords points="1199,5416 2126,5402 2117,5365 1199,5372"/>
               <Baseline points="1205,5396 1218,5394 1262,5394 1307,5394 1352,5394 1397,5394 1441,5394 1486,5394 1531,5394 1576,5394 1621,5394 1665,5394 1710,5394 1755,5394 1800,5394 1844,5394 1889,5394 1934,5394 1979,5394 2024,5391 2068,5394 2113,5394 2119,5397 2129,5397"/>
               <TextEquiv>
                  <Unicode>trete die Schwelle einer zeitlosen, an keine Grenzen</Unicode>
               </TextEquiv>
            </TextLine>
            <TextLine id="r_4_tl_28" custom="readingOrder {index:27;}">
               <Coords points="1199,5435 2126,5439 2044,5402 1199,5417"/>
               <Baseline points="1205,5431 1218,5433 1226,5433 1271,5430 1316,5430 1361,5430 1406,5430 1450,5430 1495,5430 1540,5430 1585,5430 1629,5430 1674,5430 1719,5430 1764,5430 1809,5430 1853,5430 1898,5430 1943,5430 1988,5430 2032,5427 2077,5430 2122,5430 2129,5428"/>
               <TextEquiv>
                  <Unicode>gebundenen Welt, in der sich der Mensch erst eigentlich</Unicode>
               </TextEquiv>
            </TextLine>
            <TextLine id="r_4_tl_29" custom="readingOrder {index:28;}">
               <Coords points="1199,5471 2126,5488 2125,5439 1198,5438"/>
               <Baseline points="1205,5466 1218,5466 1262,5466 1307,5463 1352,5463 1397,5466 1441,5466 1486,5466 1531,5466 1576,5466 1621,5466 1665,5466 1710,5466 1755,5466 1800,5466 1844,5466 1889,5466 1934,5466 1979,5466 2024,5466 2068,5466 2113,5463 2129,5465"/>
               <TextEquiv>
                  <Unicode>heimisch fühlt. Vor mir, in ziemlicher Ferne, lagen</Unicode>
               </TextEquiv>
            </TextLine>
            <TextLine id="r_4_tl_30" custom="readingOrder {index:29;}">
               <Coords points="1199,5519 2126,5519 2126,5487 2022,5465 1199,5493"/>
               <Baseline points="1205,5501 1223,5504 1268,5498 1313,5501 1358,5501 1403,5501 1447,5501 1492,5501 1537,5501 1582,5501 1626,5501 1671,5501 1716,5501 1761,5501 1806,5501 1850,5501 1895,5501 1940,5501 1985,5501 2030,5501 2074,5501 2116,5504 2129,5503"/>
               <TextEquiv>
                  <Unicode>Hügel, und an ihrem Fuß ins Grün gebettet, Dörfer,</Unicode>
               </TextEquiv>
            </TextLine>
            <TextLine id="r_4_tl_31" custom="readingOrder {index:30;}">
               <Coords points="1199,5541 2126,5548 2113,5513 1984,5500 1548,5528 1199,5500"/>
               <Baseline points="1205,5537 1223,5537 1253,5534 1298,5534 1343,5537 1388,5537 1432,5537 1477,5537 1522,5537 1567,5537 1612,5537 1656,5537 1701,5537 1746,5534 1791,5534 1835,5534 1880,5537 1925,5537 1970,5534 2015,5534 2059,5534 2104,5534 2129,5536"/>
               <TextEquiv>
                  <Unicode>Weinberge, Kirchen. Auf den Kämmen der Hügel stan¬</Unicode>
               </TextEquiv>
            </TextLine>
            <TextLine id="r_4_tl_32" custom="readingOrder {index:31;}">
               <Coords points="1199,5597 2126,5589 2126,5548 1199,5549"/>
               <Baseline points="1205,5572 1218,5570 1262,5570 1307,5570 1352,5573 1397,5570 1441,5570 1486,5570 1531,5573 1576,5570 1621,5573 1665,5570 1710,5570 1755,5570 1800,5570 1844,5570 1889,5570 1934,5570 1979,5570 2024,5570 2068,5570 2101,5570 2129,5572"/>
               <TextEquiv>
                  <Unicode>den die kleinen Mühlen, und alte Mauern von Be¬</Unicode>
               </TextEquiv>
            </TextLine>
            <TextLine id="r_4_tl_33" custom="readingOrder {index:32;}">
               <Coords points="1199,5619 2126,5608 1973,5571 1907,5597 1199,5572"/>
               <Baseline points="1205,5607 1218,5606 1262,5606 1307,5606 1352,5606 1397,5606 1441,5606 1486,5606 1531,5606 1576,5606 1621,5609 1665,5606 1710,5606 1755,5606 1800,5606 1844,5606 1889,5606 1934,5609 1979,5606 2024,5606 2068,5606 2113,5609 2128,5606 2129,5606"/>
               <TextEquiv>
                  <Unicode>festigungen und Burgen. Zwischen jenen Hügeln und</Unicode>
               </TextEquiv>
            </TextLine>
            <TextLine id="r_4_tl_34" custom="readingOrder {index:33;}">
               <Coords points="1199,5648 2126,5642 2039,5611 1199,5627"/>
               <Baseline points="1205,5642 1218,5642 1262,5642 1307,5642 1352,5642 1397,5642 1441,5642 1486,5642 1531,5642 1576,5642 1621,5642 1665,5642 1710,5642 1755,5642 1800,5642 1844,5642 1889,5642 1934,5642 1979,5642 2024,5642 2068,5642 2107,5642 2129,5642"/>
               <TextEquiv>
                  <Unicode>mir breitete sich karges, steiniges Heideland aus, schein¬</Unicode>
               </TextEquiv>
            </TextLine>
            <TextLine id="r_4_tl_35" custom="readingOrder {index:34;}">
               <Coords points="1199,5690 2126,5695 2126,5656 2079,5648 1199,5655"/>
               <Baseline points="1205,5678 1218,5678 1262,5678 1307,5678 1352,5678 1397,5678 1441,5678 1486,5678 1531,5678 1576,5678 1621,5678 1665,5678 1710,5678 1755,5678 1800,5678 1844,5678 1889,5681 1934,5678 1979,5678 2024,5678 2068,5678 2113,5678 2129,5678"/>
               <TextEquiv>
                  <Unicode>bar kaum gut als Weide für Schafe und Ziegen. Aber</Unicode>
               </TextEquiv>
            </TextLine>
            <TextLine id="r_4_tl_36" custom="readingOrder {index:35;}">
               <Coords points="1199,5713 2126,5716 2084,5685 1199,5705"/>
               <Baseline points="1205,5713 1226,5713 1271,5713 1316,5713 1361,5713 1406,5713 1450,5713 1495,5713 1540,5713 1585,5713 1629,5710 1674,5713 1719,5713 1764,5710 1809,5713 1853,5713 1898,5713 1943,5713 1988,5713 2032,5713 2077,5710 2116,5713 2129,5713"/>
               <TextEquiv>
                  <Unicode>ich traf bald kleine Herden von schönen, gefleckten Rin¬</Unicode>
               </TextEquiv>
            </TextLine>
            <TextLine id="r_4_tl_37" custom="readingOrder {index:36;}">
               <Coords points="1199,5757 2126,5759 2126,5722 1199,5725"/>
               <Baseline points="1205,5749 1218,5749 1262,5746 1307,5749 1352,5749 1397,5749 1441,5749 1486,5749 1531,5749 1576,5749 1621,5749 1665,5746 1710,5746 1755,5746 1800,5749 1844,5746 1889,5749 1934,5749 1979,5749 2024,5746 2068,5746 2113,5749 2128,5749 2129,5749"/>
               <TextEquiv>
                  <Unicode>dern an, und überall, so weit ich blicken konnte, waren</Unicode>
               </TextEquiv>
            </TextLine>
            <TextLine id="r_4_tl_38" custom="readingOrder {index:37;}">
               <Coords points="1199,5806 2126,5794 2126,5759 2046,5753 1904,5778 1199,5748"/>
               <Baseline points="1205,5782 1223,5779 1265,5782 1310,5785 1355,5788 1400,5785 1444,5785 1489,5782 1534,5782 1579,5782 1624,5785 1668,5785 1713,5785 1758,5782 1803,5782 1847,5782 1892,5785 1937,5785 1982,5785 2027,5782 2071,5782 2116,5785 2129,5785"/>
               <TextEquiv>
                  <Unicode>rötliche Felder aus der Heide geschnitten, und Ochsen¬</Unicode>
               </TextEquiv>
            </TextLine>
            <TextLine id="r_4_tl_39" custom="readingOrder {index:38;}">
               <Coords points="1199,5823 2126,5829 2096,5789 1199,5804"/>
               <Baseline points="1205,5821 1218,5821 1256,5818 1301,5818 1346,5818 1391,5821 1435,5821 1480,5821 1525,5821 1570,5818 1615,5821 1659,5821 1704,5821 1749,5821 1794,5818 1838,5821 1883,5821 1928,5821 1973,5821 2018,5818 2062,5821 2107,5818 2129,5818"/>
               <TextEquiv>
                  <Unicode>paare zogen in feierlichem Zug den Pflug durch die</Unicode>
               </TextEquiv>
            </TextLine>
            <TextLine id="r_4_tl_40" custom="readingOrder {index:39;}">
               <Coords points="1199,5859 2126,5859 2126,5829 1199,5848"/>
               <Baseline points="1205,5857 1226,5857 1271,5854 1316,5854 1361,5854 1406,5854 1450,5854 1495,5854 1540,5857 1585,5857 1629,5854 1674,5854 1719,5854 1764,5854 1809,5854 1853,5854 1898,5854 1943,5854 1988,5854 2032,5857 2077,5854 2116,5857 2129,5857"/>
               <TextEquiv>
                  <Unicode>schäumenden Schollen. Am Straßenrand standen Hir¬</Unicode>
               </TextEquiv>
            </TextLine>
            <TextLine id="r_4_tl_41" custom="readingOrder {index:40;}">
               <Coords points="1199,5905 2126,5892 2126,5860 2035,5884 1896,5856 1199,5878"/>
               <Baseline points="1205,5891 1218,5890 1262,5890 1307,5890 1352,5890 1397,5892 1441,5890 1486,5890 1531,5890 1576,5890 1621,5890 1665,5890 1710,5890 1755,5890 1800,5890 1844,5890 1889,5892 1934,5890 1979,5890 2024,5892 2068,5890 2113,5890 2129,5890"/>
               <TextEquiv>
                  <Unicode>tenbuben, einen Sack über den Kopf gezogen, und</Unicode>
               </TextEquiv>
            </TextLine>
            <TextLine id="r_4_tl_42" custom="readingOrder {index:41;}">
               <Coords points="1199,5926 2126,5941 2116,5893 1199,5905"/>
               <Baseline points="1205,5925 1223,5925 1268,5925 1313,5925 1358,5925 1403,5925 1447,5925 1492,5925 1537,5925 1582,5925 1626,5925 1671,5925 1716,5925 1761,5925 1806,5925 1850,5925 1895,5925 1940,5925 1985,5925 2030,5925 2074,5925 2119,5925 2122,5925 2129,5925"/>
               <TextEquiv>
                  <Unicode>schauten bald nach ihren wolligen Schafen aus, bald</Unicode>
               </TextEquiv>
            </TextLine>
            <TextLine id="r_4_tl_43" custom="readingOrder {index:42;}">
               <Coords points="1199,5975 2126,5976 2098,5934 1199,5940"/>
               <Baseline points="1205,5963 1215,5964 1259,5961 1304,5961 1349,5961 1394,5964 1438,5961 1483,5964 1528,5961 1573,5964 1618,5961 1662,5961 1707,5964 1752,5961 1797,5961 1841,5961 1886,5961 1931,5961 1976,5961 2021,5961 2065,5961 2110,5961 2129,5959"/>
               <TextEquiv>
                  <Unicode>nach dem bewölkten Himmel, wo die Wolkenballen</Unicode>
               </TextEquiv>
            </TextLine>
            <TextLine id="r_4_tl_44" custom="readingOrder {index:43;}">
               <Coords points="1199,6005 2126,5998 2091,5967 1199,5979"/>
               <Baseline points="1205,5998 1215,6000 1259,5997 1304,5997 1349,5997 1394,6000 1438,6000 1483,6000 1528,5997 1573,5997 1618,5997 1662,5997 1707,5997 1752,6000 1797,5997 1841,5997 1886,5997 1931,5997 1976,5997 2021,5997 2065,5997 2110,5997 2129,5997"/>
               <TextEquiv>
                  <Unicode>vom starken, pfeifenden Wind gejagt, ein Spiel wie</Unicode>
               </TextEquiv>
            </TextLine>
            <TextLine id="r_4_tl_45" custom="readingOrder {index:44;}">
               <Coords points="1199,6049 2126,6044 2106,6004 1199,6021"/>
               <Baseline points="1205,6032 1218,6030 1262,6033 1307,6033 1352,6033 1397,6033 1441,6033 1486,6033 1531,6033 1576,6033 1621,6033 1665,6033 1710,6033 1755,6033 1800,6030 1844,6030 1889,6030 1934,6030 1979,6030 2024,6030 2068,6030 2113,6033 2129,6033"/>
               <TextEquiv>
                  <Unicode>von Reitern und Segeln trieben. Manchmal, wenn die</Unicode>
               </TextEquiv>
            </TextLine>
            <TextLine id="r_4_tl_46" custom="readingOrder {index:45;}">
               <Coords points="1199,6069 2126,6073 2126,6039 1199,6051"/>
               <Baseline points="1205,6069 1223,6069 1268,6066 1313,6069 1358,6069 1403,6069 1447,6069 1492,6069 1537,6069 1582,6069 1626,6069 1671,6069 1716,6069 1761,6069 1806,6069 1850,6066 1895,6066 1940,6066 1985,6066 2030,6066 2074,6066 2119,6069 2128,6069 2129,6068"/>
               <TextEquiv>
                  <Unicode>Sonne von ihnen verdeckt wurde, kam ein plötzlicher</Unicode>
               </TextEquiv>
            </TextLine>
            <TextLine id="r_4_tl_47" custom="readingOrder {index:46;}">
               <Coords points="1199,6125 2126,6109 2113,6078 1953,6069 1199,6090"/>
               <Baseline points="1205,6105 1238,6107 1283,6104 1328,6107 1373,6104 1418,6107 1462,6104 1507,6107 1552,6107 1597,6107 1641,6107 1686,6107 1731,6107 1776,6104 1821,6107 1865,6104 1910,6104 1955,6104 2000,6104 2044,6104 2089,6104 2129,6110"/>
               <TextEquiv>
                  <Unicode>Hauch von Kälte herbeigefegt, und die Erde schien</Unicode>
               </TextEquiv>
            </TextLine>
            <TextEquiv>
               <Unicode/>
            </TextEquiv>
         </TextRegion>
         <TextRegion id="r" custom="readingOrder {index:2;}">
            <Coords points="2129,4446 3053,4446 3053,6146 2129,6146"/>
            <TextLine id="r_tl_1" custom="readingOrder {index:0;}">
               <Coords points="2123,4482 3050,4481 3035,4440 2123,4452"/>
               <Baseline points="2129,4474 2140,4474 2185,4471 2230,4471 2274,4471 2319,4474 2364,4471 2409,4471 2453,4471 2498,4471 2543,4471 2588,4471 2633,4471 2677,4471 2722,4471 2767,4471 2812,4471 2856,4471 2901,4471 2946,4471 2991,4471 3036,4474 3053,4474"/>
               <TextEquiv>
                  <Unicode>dann so karg wie in den Steinwüsten des Orients.</Unicode>
               </TextEquiv>
            </TextLine>
            <TextLine id="r_tl_2" custom="readingOrder {index:1;}">
               <Coords points="2123,4518 3050,4517 3050,4481 2123,4483"/>
               <Baseline points="2129,4512 2146,4513 2185,4507 2230,4510 2274,4507 2319,4507 2364,4510 2409,4507 2453,4507 2498,4507 2543,4507 2588,4510 2633,4507 2677,4507 2722,4507 2767,4507 2812,4507 2856,4507 2901,4507 2946,4507 2991,4507 3036,4507 3053,4509"/>
               <TextEquiv>
                  <Unicode>Aber ein römischer Viadukt, das steinerne Portal eines</Unicode>
               </TextEquiv>
            </TextLine>
            <TextLine id="r_tl_3" custom="readingOrder {index:2;}">
               <Coords points="2123,4552 3050,4555 3050,4517 2123,4518"/>
               <Baseline points="2129,4543 2140,4543 2185,4543 2230,4543 2274,4543 2319,4546 2364,4543 2409,4546 2453,4543 2498,4543 2543,4543 2588,4543 2633,4543 2677,4543 2722,4543 2767,4543 2812,4543 2856,4543 2901,4543 2946,4543 2991,4543 3036,4543 3053,4545"/>
               <TextEquiv>
                  <Unicode>mauerumhegten Feldes, die aus den Ruinen einer</Unicode>
               </TextEquiv>
            </TextLine>
            <TextLine id="r_tl_4" custom="readingOrder {index:3;}">
               <Coords points="2123,4599 3028,4589 3028,4554 2123,4551"/>
               <Baseline points="2129,4582 2134,4582 2179,4579 2224,4579 2268,4582 2313,4579 2358,4579 2403,4579 2447,4579 2492,4579 2537,4579 2582,4579 2627,4576 2671,4579 2716,4576 2761,4576 2806,4579 2850,4579 2895,4579 2940,4579 2985,4579 3030,4579"/>
               <TextEquiv>
                  <Unicode>Kapelle sprössenden Rosen, und die wilden Orchideen</Unicode>
               </TextEquiv>
            </TextLine>
            <TextLine id="r_tl_5" custom="readingOrder {index:4;}">
               <Coords points="2123,4628 3031,4625 3031,4586 2123,4600"/>
               <Baseline points="2129,4616 2140,4615 2185,4615 2230,4615 2274,4615 2319,4615 2364,4615 2409,4615 2453,4615 2498,4615 2543,4615 2588,4615 2633,4615 2677,4615 2722,4612 2767,4612 2812,4612 2856,4612 2901,4612 2946,4615 2991,4612 3033,4615"/>
               <TextEquiv>
                  <Unicode>am Wege verwandelten diesen Eindruck wieder, und</Unicode>
               </TextEquiv>
            </TextLine>
            <TextLine id="r_tl_6" custom="readingOrder {index:5;}">
               <Coords points="2123,4662 3050,4662 3043,4616 2123,4629"/>
               <Baseline points="2129,4652 2137,4651 2182,4651 2227,4651 2271,4651 2316,4648 2361,4648 2406,4651 2450,4651 2495,4651 2540,4651 2585,4651 2630,4651 2674,4648 2719,4651 2764,4648 2809,4651 2853,4648 2898,4651 2943,4651 2988,4648 3033,4651 3053,4671"/>
               <TextEquiv>
                  <Unicode>machten die Erde sanft und bewohnbar. Dann flogen</Unicode>
               </TextEquiv>
            </TextLine>
            <TextLine id="r_tl_7" custom="readingOrder {index:6;}">
               <Coords points="2123,4707 3039,4694 3018,4655 2123,4660"/>
               <Baseline points="2129,4686 2143,4686 2146,4686 2191,4683 2235,4683 2280,4683 2325,4683 2370,4683 2415,4683 2459,4683 2504,4683 2549,4686 2594,4683 2639,4683 2683,4686 2728,4683 2773,4683 2818,4683 2862,4686 2907,4683 2952,4686 2997,4683 3042,4683 3053,4698"/>
               <TextEquiv>
                  <Unicode>auch die Wolken wieder vorbei, und aus der Tiefe</Unicode>
               </TextEquiv>
            </TextLine>
            <TextLine id="r_tl_8" custom="readingOrder {index:7;}">
               <Coords points="2123,4745 3025,4736 3024,4701 2942,4689 2123,4708"/>
               <Baseline points="2129,4723 2131,4722 2176,4719 2221,4722 2265,4719 2310,4719 2355,4719 2400,4719 2444,4722 2489,4722 2534,4719 2579,4719 2624,4719 2668,4719 2713,4719 2758,4719 2803,4719 2847,4719 2892,4719 2937,4719 2982,4719 3027,4719"/>
               <TextEquiv>
                  <Unicode>eines königsblauen Himmels warf sich die Sonne wie</Unicode>
               </TextEquiv>
            </TextLine>
            <TextLine id="r_tl_9" custom="readingOrder {index:8;}">
               <Coords points="2123,4778 3050,4762 3035,4728 2123,4747"/>
               <Baseline points="2129,4758 2137,4758 2182,4755 2227,4755 2271,4755 2316,4755 2361,4755 2406,4755 2450,4755 2495,4755 2540,4755 2585,4755 2630,4755 2674,4755 2719,4755 2764,4755 2809,4755 2853,4755 2898,4755 2943,4755 2988,4755 3033,4758 3042,4758 3053,4752"/>
               <TextEquiv>
                  <Unicode>ein blitzender Strom auf das steingraue, olivengrüne</Unicode>
               </TextEquiv>
            </TextLine>
            <TextLine id="r_tl_10" custom="readingOrder {index:9;}">
               <Coords points="2123,4803 3050,4807 3050,4762 2123,4778"/>
               <Baseline points="2129,4792 2146,4791 2191,4791 2235,4791 2280,4791 2325,4791 2370,4791 2415,4791 2459,4791 2504,4791 2549,4791 2594,4791 2639,4791 2683,4791 2728,4791 2773,4791 2818,4791 2862,4791 2907,4791 2952,4791 2997,4791 3042,4794 3053,4788"/>
               <TextEquiv>
                  <Unicode>und rötlich leuchtende Land, und schien es begrüßen,</Unicode>
               </TextEquiv>
            </TextLine>
            <TextLine id="r_tl_11" custom="readingOrder {index:10;}">
               <Coords points="2123,4827 2162,4845 2670,4835 2670,4807 2619,4798 2123,4808"/>
               <Baseline points="2129,4827 2137,4827 2182,4827 2227,4827 2271,4827 2316,4827 2361,4827 2406,4827 2450,4827 2495,4827 2540,4827 2585,4827 2630,4827 2671,4830"/>
               <TextEquiv>
                  <Unicode>erheitern und segnen zu wollen.\:p\</Unicode>
               </TextEquiv>
            </TextLine>
            <TextLine id="r_tl_12" custom="readingOrder {index:11;}">
               <Coords points="2184,4866 3050,4875 3023,4828 2184,4841"/>
               <Baseline points="2191,4863 2235,4863 2280,4863 2325,4863 2370,4860 2415,4863 2459,4863 2504,4863 2549,4863 2594,4863 2639,4863 2683,4863 2728,4863 2773,4863 2818,4863 2862,4863 2907,4863 2952,4863 2997,4860 3042,4863 3053,4858"/>
               <TextEquiv>
                  <Unicode>\p\Mir wurde wärmer ums Herz, ringsum herrschte</Unicode>
               </TextEquiv>
            </TextLine>
            <TextLine id="r_tl_13" custom="readingOrder {index:12;}">
               <Coords points="2123,4902 3050,4905 3031,4869 2123,4854"/>
               <Baseline points="2129,4887 2137,4898 2182,4898 2227,4898 2271,4895 2316,4895 2361,4898 2406,4898 2450,4895 2495,4895 2540,4895 2585,4895 2630,4898 2674,4895 2719,4898 2764,4895 2809,4898 2853,4898 2898,4898 2943,4895 2988,4895 3027,4898 3053,4895"/>
               <TextEquiv>
                  <Unicode>die Fröhlichkeit des Windes und doch eine fast feier¬</Unicode>
               </TextEquiv>
            </TextLine>
            <TextLine id="r_tl_14" custom="readingOrder {index:13;}">
               <Coords points="2123,4936 3050,4939 3050,4906 2123,4916"/>
               <Baseline points="2129,4934 2137,4934 2182,4934 2227,4934 2271,4931 2316,4934 2361,4934 2406,4934 2450,4931 2495,4934 2540,4931 2585,4931 2630,4934 2674,4931 2719,4931 2764,4934 2809,4931 2853,4931 2898,4931 2943,4931 2988,4931 3030,4934 3053,4928"/>
               <TextEquiv>
                  <Unicode>liche Stille. Und während ich ausschritt und Kilometer</Unicode>
               </TextEquiv>
            </TextLine>
            <TextLine id="r_tl_15" custom="readingOrder {index:14;}">
               <Coords points="2133,4980 3050,4968 3050,4938 2133,4951"/>
               <Baseline points="2140,4967 2185,4967 2230,4967 2274,4967 2319,4967 2364,4970 2409,4970 2453,4967 2498,4970 2543,4970 2588,4970 2633,4967 2677,4970 2722,4970 2767,4970 2812,4967 2856,4967 2901,4967 2946,4967 2991,4967 3036,4967 3042,4967 3053,4964"/>
               <TextEquiv>
                  <Unicode>um Kilometer zurücklegte, dachte ich, hier könnte man</Unicode>
               </TextEquiv>
            </TextLine>
            <TextLine id="r_tl_16" custom="readingOrder {index:15;}">
               <Coords points="2123,5025 3050,5004 3050,4969 2123,4983"/>
               <Baseline points="2129,5007 2143,5006 2182,5003 2227,5003 2271,5006 2316,5003 2361,5003 2406,5006 2450,5003 2495,5006 2540,5006 2585,5003 2630,5003 2674,5006 2719,5003 2764,5003 2809,5003 2853,5003 2898,5006 2943,5003 2988,5003 3033,5003 3053,4997"/>
               <TextEquiv>
                  <Unicode>sich sättigen an ewigen Bildern unserer Welt, die wir</Unicode>
               </TextEquiv>
            </TextLine>
            <TextLine id="r_tl_17" custom="readingOrder {index:16;}">
               <Coords points="2123,5046 3050,5050 3036,5010 2123,5024"/>
               <Baseline points="2129,5041 2137,5042 2146,5042 2191,5039 2235,5039 2280,5039 2325,5039 2370,5039 2415,5039 2459,5039 2504,5042 2549,5039 2594,5039 2639,5039 2683,5039 2728,5039 2773,5039 2818,5039 2862,5039 2907,5039 2952,5039 2997,5039 3042,5039 3053,5036"/>
               <TextEquiv>
                  <Unicode>im Alltag und in der Sorgenfülle von heute manchmal</Unicode>
               </TextEquiv>
            </TextLine>
            <TextLine id="r_tl_18" custom="readingOrder {index:17;}">
               <Coords points="2123,5076 3050,5081 3029,5045 2123,5057"/>
               <Baseline points="2129,5075 2137,5075 2182,5075 2227,5075 2271,5075 2316,5075 2361,5075 2406,5078 2450,5075 2495,5075 2540,5075 2585,5075 2630,5075 2674,5075 2719,5075 2764,5075 2809,5075 2853,5075 2898,5075 2943,5075 2988,5075 3033,5075 3036,5075 3053,5073"/>
               <TextEquiv>
                  <Unicode>vergessen. Drei Flugzeuge kamen vom Meer her, das</Unicode>
               </TextEquiv>
            </TextLine>
            <TextLine id="r_tl_19" custom="readingOrder {index:18;}">
               <Coords points="2123,5125 3050,5115 3050,5079 2123,5074"/>
               <Baseline points="2129,5112 2146,5110 2191,5110 2235,5110 2280,5110 2325,5110 2370,5110 2415,5110 2459,5110 2504,5110 2549,5110 2594,5110 2639,5110 2683,5110 2728,5110 2773,5110 2818,5110 2862,5110 2907,5110 2952,5110 2997,5110 3039,5110 3053,5109"/>
               <TextEquiv>
                  <Unicode>Surren ihrer Motore wurde vom Wind weggetragen,</Unicode>
               </TextEquiv>
            </TextLine>
            <TextLine id="r_tl_20" custom="readingOrder {index:19;}">
               <Coords points="2123,5157 3050,5150 3014,5116 2123,5125"/>
               <Baseline points="2129,5146 2137,5146 2182,5146 2227,5146 2271,5146 2316,5146 2361,5146 2406,5146 2450,5146 2495,5146 2540,5146 2585,5146 2630,5146 2674,5143 2719,5146 2764,5143 2809,5146 2853,5143 2898,5146 2943,5146 2988,5146 3030,5146 3053,5142"/>
               <TextEquiv>
                  <Unicode>und ihre Flügel verloren sich wie Vögel im unermeß¬</Unicode>
               </TextEquiv>
            </TextLine>
            <TextLine id="r_tl_21" custom="readingOrder {index:20;}">
               <Coords points="2123,5192 3050,5197 3050,5149 2123,5158"/>
               <Baseline points="2129,5182 2137,5182 2182,5179 2227,5179 2271,5179 2316,5179 2361,5179 2406,5182 2450,5179 2495,5182 2540,5179 2585,5179 2630,5179 2674,5182 2719,5182 2764,5182 2809,5182 2853,5182 2898,5182 2943,5182 2988,5182 3033,5185 3042,5182 3053,5180"/>
               <TextEquiv>
                  <Unicode>lichen Himmelsraum. Vor mir bogen Frauen auf</Unicode>
               </TextEquiv>
            </TextLine>
            <TextLine id="r_tl_22" custom="readingOrder {index:21;}">
               <Coords points="2123,5226 3050,5225 2980,5180 2123,5184"/>
               <Baseline points="2129,5221 2146,5221 2182,5218 2227,5215 2271,5215 2316,5215 2361,5215 2406,5215 2450,5215 2495,5215 2540,5218 2585,5215 2630,5215 2674,5215 2719,5215 2764,5218 2809,5215 2853,5215 2898,5215 2943,5215 2988,5215 3033,5212 3053,5212"/>
               <TextEquiv>
                  <Unicode>ihren Eseln in einen Feldweg ein, sie waren ver¬</Unicode>
               </TextEquiv>
            </TextLine>
            <TextLine id="r_tl_23" custom="readingOrder {index:22;}">
               <Coords points="2123,5268 3050,5259 3040,5224 2123,5226"/>
               <Baseline points="2129,5252 2149,5251 2194,5251 2238,5251 2283,5251 2328,5251 2373,5251 2418,5251 2462,5251 2507,5251 2552,5251 2597,5251 2641,5254 2686,5251 2731,5251 2776,5251 2821,5251 2865,5251 2910,5251 2955,5251 3000,5251 3045,5251 3053,5251"/>
               <TextEquiv>
                  <Unicode>schleiert wie Araberinnen, und ihr Anblick erinnerte</Unicode>
               </TextEquiv>
            </TextLine>
            <TextLine id="r_tl_24" custom="readingOrder {index:23;}">
               <Coords points="2123,5303 3033,5298 3033,5264 2123,5267"/>
               <Baseline points="2129,5289 2164,5286 2209,5286 2253,5286 2298,5286 2343,5286 2388,5286 2433,5286 2477,5286 2522,5286 2567,5286 2612,5286 2656,5286 2701,5286 2746,5286 2791,5286 2836,5286 2880,5286 2925,5286 2970,5286 3015,5289 3036,5289 3053,5314"/>
               <TextEquiv>
                  <Unicode>mich an die biblischen Bilder Palästinas. Dann sah</Unicode>
               </TextEquiv>
            </TextLine>
            <TextLine id="r_tl_25" custom="readingOrder {index:24;}">
               <Coords points="2123,5336 3044,5338 3044,5298 2123,5301"/>
               <Baseline points="2129,5321 2143,5319 2188,5322 2233,5322 2277,5322 2322,5322 2367,5322 2412,5322 2456,5322 2501,5322 2546,5322 2591,5322 2636,5322 2680,5322 2725,5322 2770,5322 2815,5322 2859,5322 2904,5322 2949,5322 2994,5322 3039,5325 3047,5322"/>
               <TextEquiv>
                  <Unicode>ich unter einem sanft abfallenden Hügel die anmutig</Unicode>
               </TextEquiv>
            </TextLine>
            <TextLine id="r_tl_26" custom="readingOrder {index:25;}">
               <Coords points="2123,5364 3050,5376 3050,5339 3012,5333 2123,5336"/>
               <Baseline points="2129,5360 2146,5361 2185,5358 2230,5355 2274,5358 2319,5358 2364,5358 2409,5358 2453,5358 2498,5358 2543,5358 2588,5358 2633,5358 2677,5358 2722,5358 2767,5358 2812,5358 2856,5358 2901,5358 2946,5361 2991,5358 3036,5358 3053,5358"/>
               <TextEquiv>
                  <Unicode>barocke Fassade einer kleinen Kirche auftauchen, und</Unicode>
               </TextEquiv>
            </TextLine>
            <TextLine id="r_tl_27" custom="readingOrder {index:26;}">
               <Coords points="2123,5421 2238,5395 3050,5406 3030,5368 2123,5382"/>
               <Baseline points="2129,5397 2143,5397 2167,5394 2212,5394 2256,5394 2301,5394 2346,5391 2391,5394 2436,5394 2480,5391 2525,5394 2570,5394 2615,5394 2659,5394 2704,5394 2749,5394 2794,5394 2839,5394 2883,5394 2928,5394 2973,5394 3018,5394 3053,5392"/>
               <TextEquiv>
                  <Unicode>folgte dem Hügelkamm, um sie zu erreichen: Da lagen</Unicode>
               </TextEquiv>
            </TextLine>
            <TextLine id="r_tl_28" custom="readingOrder {index:27;}">
               <Coords points="2123,5429 3050,5434 3050,5404 2123,5421"/>
               <Baseline points="2129,5428 2137,5427 2182,5427 2227,5430 2271,5430 2316,5430 2361,5427 2406,5427 2450,5430 2495,5427 2540,5430 2585,5430 2630,5430 2674,5430 2719,5427 2764,5430 2809,5430 2853,5430 2898,5430 2943,5430 2988,5430 3033,5430 3042,5430 3053,5428"/>
               <TextEquiv>
                  <Unicode>unter mir, zwischen Büschen, krummen Bäumen, und</Unicode>
               </TextEquiv>
            </TextLine>
            <TextLine id="r_tl_29" custom="readingOrder {index:28;}">
               <Coords points="2123,5469 3050,5483 3050,5449 2973,5436 2123,5429"/>
               <Baseline points="2129,5465 2146,5469 2191,5463 2235,5463 2280,5463 2325,5463 2370,5463 2415,5463 2459,5463 2504,5463 2549,5466 2594,5466 2639,5466 2683,5466 2728,5463 2773,5463 2818,5463 2862,5466 2907,5466 2952,5463 2997,5466 3042,5469 3045,5469 3053,5466"/>
               <TextEquiv>
                  <Unicode>zyklopischen Steinblöcken, in die Hügelmulde geschmiegt,</Unicode>
               </TextEquiv>
            </TextLine>
            <TextLine id="r_tl_30" custom="readingOrder {index:29;}">
               <Coords points="2123,5507 3050,5504 3024,5477 2123,5467"/>
               <Baseline points="2129,5503 2140,5501 2182,5498 2227,5498 2271,5498 2316,5498 2361,5498 2406,5498 2450,5498 2495,5498 2540,5501 2585,5498 2630,5498 2674,5501 2719,5498 2764,5498 2809,5501 2853,5498 2898,5498 2943,5501 2988,5498 3033,5495 3053,5497"/>
               <TextEquiv>
                  <Unicode>altersgraue Häuser mit flachen Dächern, kleinen Fen¬</Unicode>
               </TextEquiv>
            </TextLine>
            <TextLine id="r_tl_31" custom="readingOrder {index:30;}">
               <Coords points="2123,5541 3050,5551 3050,5519 2960,5505 2123,5523"/>
               <Baseline points="2129,5536 2143,5537 2146,5537 2191,5534 2235,5534 2280,5534 2325,5534 2370,5534 2415,5534 2459,5534 2504,5534 2549,5534 2594,5534 2639,5534 2683,5534 2728,5534 2773,5534 2818,5537 2862,5534 2907,5537 2952,5534 2997,5534 3042,5534 3053,5534"/>
               <TextEquiv>
                  <Unicode>stern, brüchigen Balkonen, hohen Toren, über holpri¬</Unicode>
               </TextEquiv>
            </TextLine>
            <TextLine id="r_tl_32" custom="readingOrder {index:31;}">
               <Coords points="2123,5579 3050,5584 3015,5543 2123,5544"/>
               <Baseline points="2129,5572 2137,5573 2182,5570 2227,5570 2271,5570 2316,5570 2361,5567 2406,5570 2450,5570 2495,5570 2540,5570 2585,5570 2630,5570 2674,5573 2719,5570 2764,5570 2809,5570 2853,5570 2898,5570 2943,5570 2988,5570 3033,5573 3042,5573 3053,5570"/>
               <TextEquiv>
                  <Unicode>gen, halb verschütteten Gassen zueinander drängend,</Unicode>
               </TextEquiv>
            </TextLine>
            <TextLine id="r_tl_33" custom="readingOrder {index:32;}">
               <Coords points="2124,5627 3036,5621 3050,5585 2123,5579"/>
               <Baseline points="2129,5606 2134,5606 2179,5606 2224,5603 2268,5603 2313,5603 2358,5603 2403,5603 2447,5606 2492,5606 2537,5606 2582,5606 2627,5606 2671,5606 2716,5606 2761,5606 2806,5606 2850,5606 2895,5606 2940,5606 2985,5606 3030,5606 3042,5609 3053,5607"/>
               <TextEquiv>
                  <Unicode>und von dem weißen, auf der erhöhten, windumfegten</Unicode>
               </TextEquiv>
            </TextLine>
            <TextLine id="r_tl_34" custom="readingOrder {index:33;}">
               <Coords points="2123,5652 3050,5647 3023,5615 2123,5627"/>
               <Baseline points="2129,5642 2146,5642 2182,5639 2227,5639 2271,5639 2316,5639 2361,5639 2406,5639 2450,5639 2495,5642 2540,5642 2585,5642 2630,5642 2674,5642 2719,5642 2764,5642 2809,5642 2853,5642 2898,5642 2943,5642 2988,5642 3033,5639 3053,5642"/>
               <TextEquiv>
                  <Unicode>Grasfläche stehenden Kirchlein und seinem Glocken¬</Unicode>
               </TextEquiv>
            </TextLine>
            <TextLine id="r_tl_35" custom="readingOrder {index:34;}">
               <Coords points="2123,5680 3050,5683 3050,5647 2123,5652"/>
               <Baseline points="2129,5678 2149,5678 2179,5675 2224,5675 2268,5675 2313,5675 2358,5678 2403,5678 2447,5678 2492,5678 2537,5675 2582,5675 2627,5678 2671,5675 2716,5678 2761,5678 2806,5678 2850,5675 2895,5678 2940,5678 2985,5678 3030,5675 3053,5677"/>
               <TextEquiv>
                  <Unicode>turm überragt. Ich glaubte, in einem längst verlas¬</Unicode>
               </TextEquiv>
            </TextLine>
            <TextLine id="r_tl_36" custom="readingOrder {index:35;}">
               <Coords points="2123,5733 3050,5720 3050,5684 2123,5680"/>
               <Baseline points="2129,5713 2143,5713 2188,5710 2233,5710 2277,5710 2322,5710 2367,5710 2412,5710 2456,5710 2501,5710 2546,5710 2591,5713 2636,5710 2680,5713 2725,5710 2770,5710 2815,5713 2859,5710 2904,5713 2949,5710 2994,5710 3036,5713 3053,5713"/>
               <TextEquiv>
                  <Unicode>senen Dorf zu sein, aber bald sah ich eine Bäuerin</Unicode>
               </TextEquiv>
            </TextLine>
            <TextLine id="r_tl_37" custom="readingOrder {index:36;}">
               <Coords points="2123,5757 3050,5771 3050,5730 3007,5719 2238,5712 2123,5739"/>
               <Baseline points="2129,5749 2146,5746 2191,5746 2235,5746 2280,5746 2325,5746 2370,5746 2415,5746 2459,5746 2504,5746 2549,5746 2594,5746 2639,5746 2683,5746 2728,5746 2773,5746 2818,5746 2862,5749 2907,5749 2952,5746 2997,5746 3042,5752 3047,5752 3053,5751"/>
               <TextEquiv>
                  <Unicode>aus einem alten, fein behauenen Gartenportal treten,</Unicode>
               </TextEquiv>
            </TextLine>
            <TextLine id="r_tl_38" custom="readingOrder {index:37;}">
               <Coords points="2123,5809 3050,5795 3024,5760 2857,5753 2123,5772"/>
               <Baseline points="2129,5785 2140,5785 2185,5782 2230,5782 2274,5782 2319,5782 2364,5782 2409,5782 2453,5782 2498,5782 2543,5782 2588,5782 2633,5782 2677,5782 2722,5785 2767,5785 2812,5785 2856,5782 2901,5782 2946,5782 2991,5782 3036,5785 3042,5785 3053,5787"/>
               <TextEquiv>
                  <Unicode>einen Bauern von einem nahen Feld herbeikommen,</Unicode>
               </TextEquiv>
            </TextLine>
            <TextLine id="r_tl_39" custom="readingOrder {index:38;}">
               <Coords points="2123,5823 3050,5834 3050,5794 3011,5789 2123,5804"/>
               <Baseline points="2129,5818 2137,5818 2182,5818 2227,5818 2271,5815 2316,5818 2361,5818 2406,5818 2450,5818 2495,5818 2540,5818 2585,5818 2630,5818 2674,5821 2719,5818 2764,5818 2809,5818 2853,5818 2898,5818 2943,5818 2988,5818 3033,5821 3042,5821 3053,5821"/>
               <TextEquiv>
                  <Unicode>und ein Esel schrie, ein Ochse schritt langsam aus</Unicode>
               </TextEquiv>
            </TextLine>
            <TextLine id="r_tl_40" custom="readingOrder {index:39;}">
               <Coords points="2123,5866 3050,5864 2979,5828 2123,5848"/>
               <Baseline points="2129,5857 2134,5857 2179,5854 2224,5854 2268,5854 2313,5854 2358,5854 2403,5851 2447,5851 2492,5851 2537,5854 2582,5854 2627,5854 2671,5854 2716,5854 2761,5854 2806,5857 2850,5857 2895,5854 2940,5857 2985,5857 3030,5860 3053,5858"/>
               <TextEquiv>
                  <Unicode>einem Hof. Ich blieb lange neben der Kirche sitzen,</Unicode>
               </TextEquiv>
            </TextLine>
            <TextLine id="r_tl_41" custom="readingOrder {index:40;}">
               <Coords points="2123,5909 3050,5905 3050,5867 2242,5853 2123,5883"/>
               <Baseline points="2129,5890 2158,5890 2203,5890 2247,5890 2292,5890 2337,5887 2382,5890 2427,5887 2471,5887 2516,5890 2561,5890 2606,5890 2650,5890 2695,5890 2740,5890 2785,5890 2830,5890 2874,5890 2919,5890 2964,5890 3009,5890 3050,5892 3053,5892"/>
               <TextEquiv>
                  <Unicode>und sah dem friedlichen Leben des Dorfes und seiner</Unicode>
               </TextEquiv>
            </TextLine>
            <TextLine id="r_tl_42" custom="readingOrder {index:41;}">
               <Coords points="2123,5933 3050,5937 3050,5905 2989,5898 2123,5898"/>
               <Baseline points="2129,5925 2143,5925 2188,5925 2233,5925 2277,5925 2322,5925 2367,5922 2412,5922 2456,5922 2501,5922 2546,5925 2591,5922 2636,5922 2680,5925 2725,5925 2770,5925 2815,5925 2859,5925 2904,5925 2949,5925 2994,5925 3039,5928 3050,5931 3053,5931"/>
               <TextEquiv>
                  <Unicode>Bauern zu. Es waren arme Leute, aber sie hatten</Unicode>
               </TextEquiv>
            </TextLine>
            <TextLine id="r_tl_43" custom="readingOrder {index:42;}">
               <Coords points="2123,5985 3050,5974 3030,5933 2123,5926"/>
               <Baseline points="2129,5959 2137,5958 2182,5961 2227,5958 2271,5958 2316,5958 2361,5958 2406,5958 2450,5958 2495,5961 2540,5958 2585,5961 2630,5958 2674,5958 2719,5961 2764,5961 2809,5961 2853,5961 2898,5961 2943,5961 2988,5961 3033,5967 3039,5964 3053,5966"/>
               <TextEquiv>
                  <Unicode>ein paar Stück Vieh, eine Schafherde, Olivenbäume,</Unicode>
               </TextEquiv>
            </TextLine>
            <TextLine id="r_tl_44" custom="readingOrder {index:43;}">
               <Coords points="2123,6023 3050,6009 3050,5969 2123,5985"/>
               <Baseline points="2129,5997 2143,5997 2188,5994 2233,5994 2277,5994 2322,5994 2367,5994 2412,5994 2456,5994 2501,5994 2546,5994 2591,5994 2636,5994 2680,5997 2725,5997 2770,5997 2815,5997 2859,5997 2904,5997 2949,5997 2994,5997 3027,6000 3053,6000"/>
               <TextEquiv>
                  <Unicode>einen Gemüsegarten, ein karges Feld. Und sie beweg¬</Unicode>
               </TextEquiv>
            </TextLine>
            <TextLine id="r_tl_45" custom="readingOrder {index:44;}">
               <Coords points="2123,6048 3050,6052 3040,6006 2123,6024"/>
               <Baseline points="2129,6033 2158,6033 2203,6033 2247,6030 2292,6030 2337,6030 2382,6030 2427,6030 2471,6030 2516,6030 2561,6033 2606,6030 2650,6033 2695,6033 2740,6033 2785,6033 2830,6033 2874,6033 2919,6033 2964,6033 3009,6036 3030,6039 3053,6037"/>
               <TextEquiv>
                  <Unicode>ten sich bedächtig und grüßten mich freundlich, und die</Unicode>
               </TextEquiv>
            </TextLine>
            <TextLine id="r_tl_46" custom="readingOrder {index:45;}">
               <Coords points="2123,6069 3050,6078 3050,6048 2988,6041 2123,6048"/>
               <Baseline points="2129,6068 2137,6066 2182,6066 2227,6066 2271,6066 2316,6066 2361,6066 2406,6066 2450,6066 2495,6066 2540,6066 2585,6066 2630,6066 2674,6066 2719,6069 2764,6066 2809,6069 2853,6069 2898,6069 2943,6069 2988,6069 3033,6072 3042,6072 3053,6072"/>
               <TextEquiv>
                  <Unicode>Kinder, die vorbeiliefen, sangen und jauchzten, und</Unicode>
               </TextEquiv>
            </TextLine>
            <TextLine id="r_tl_47" custom="readingOrder {index:46;}">
               <Coords points="2123,6113 3050,6116 3050,6083 2968,6074 2123,6080"/>
               <Baseline points="2129,6110 2134,6110 2179,6104 2224,6104 2268,6104 2313,6101 2358,6101 2403,6101 2447,6104 2492,6101 2537,6104 2582,6104 2627,6104 2671,6104 2716,6104 2761,6104 2806,6104 2850,6104 2895,6104 2940,6104 2985,6107 3030,6107 3053,6109"/>
               <TextEquiv>
                  <Unicode>hatten rotbraune Backen und lustig blitzende Augen.</Unicode>
               </TextEquiv>
            </TextLine>
            <TextEquiv>
               <Unicode/>
            </TextEquiv>
         </TextRegion>
         <TextRegion id="r_2" custom="readingOrder {index:3;}">
            <Coords points="3057,4441 3991,4441 3991,4563 3057,4563"/>
            <TextLine id="r_2_tl_1" custom="readingOrder {index:0;}">
               <Coords points="3051,4481 3965,4487 3965,4445 3906,4439 3051,4449"/>
               <Baseline points="3057,4474 3062,4474 3107,4471 3152,4471 3197,4471 3242,4471 3286,4474 3331,4471 3376,4474 3421,4471 3465,4474 3510,4471 3555,4471 3600,4471 3645,4474 3689,4471 3734,4471 3779,4471 3824,4471 3868,4471 3913,4474 3958,4477 3967,4477"/>
               <TextEquiv>
                  <Unicode>Als ich weiterging, auf Albarraque zu, fragte ich mich</Unicode>
               </TextEquiv>
            </TextLine>
            <TextLine id="r_2_tl_2" custom="readingOrder {index:1;}">
               <Coords points="3051,4516 3948,4515 3948,4488 3830,4474 3051,4481"/>
               <Baseline points="3057,4510 3062,4510 3098,4507 3143,4510 3188,4510 3233,4510 3277,4510 3322,4510 3367,4507 3412,4507 3456,4507 3501,4507 3546,4510 3591,4510 3636,4510 3680,4510 3725,4507 3770,4510 3815,4507 3860,4507 3904,4507 3949,4501"/>
               <TextEquiv>
                  <Unicode>die ganze Zeit: „Was brauchen wir zum Leben?“ —</Unicode>
               </TextEquiv>
            </TextLine>
            <TextLine id="r_2_tl_3" custom="readingOrder {index:2;}">
               <Coords points="3052,4565 3105,4551 3123,4565 3217,4572 3242,4560 3297,4573 3335,4558 3416,4564 3415,4526 3396,4520 3051,4522"/>
               <Baseline points="3057,4545 3068,4546 3113,4543 3158,4546 3203,4546 3248,4546 3292,4546 3337,4546 3382,4549 3418,4549"/>
               <TextEquiv>
                  <Unicode>Und ich sang auch...\:p\</Unicode>
               </TextEquiv>
            </TextLine>
            <TextEquiv>
               <Unicode/>
            </TextEquiv>
         </TextRegion>
      </Page>
   </PcGts>
</validation-wrapper>
