3768 5432
1022 4261 1800 4326 Jugenderinnerungen von Paul Ernst. [Schlagwörter: Ästhetik, Natur, Konservatismus]
1022 4329 1890 4386 \p\A. Schw. Ein beschauliches Buch, zurück¬
1022 4369 1890 4421 tauchend in stille Entwicklungstage, in die Zeit
1022 4412 1890 4453 ruhigen und stetigen Wachstums aller Kräfte.
1022 4452 1890 4491 Als Einleitung erzählt Paul Ernst die Geschichte
1022 4493 1877 4540 des heimatlichen Harzgebirges, die Erschließung
1022 4531 1877 4570 durch den Bergbau, das zähe Zusammenwachsen
1022 4571 1889 4608 eines Volkes aus verschiedenen Stämmen, aber
1022 4610 1872 4655 aus gleicher Not. Die tiefe Zugehörigkeit zu
1022 4652 1890 4693 Volk und Boden dringt aus diesen Beschreibungen,
1022 4692 1865 4733 und eine ebenso starke Liebe zu den Ahnen, zu
1021 4732 1890 4762 Tradition und ererbtem Gut. Die Art der Be¬
1022 4761 1890 4811 schreibung, die begrenzte und gemütvolle Erleb¬
1022 4806 1889 4847 niswelt, die verwurzelten, konservativen und
1022 4850 1889 4895 irgendwie frommen Gedanken erinnern uns an
1022 4894 1890 4928 Stifter, der ebenso innig mit seiner österreichischen
1022 4921 1890 4963 Heimat verwachsen war wie Paul Ernst mit dem
1022 4963 1602 5011 Harz und seinen Waldgebirgen.\:p\
1022 5000 1865 5053 \p\Für unsere rasch bewegte, an Wechsel, Aben¬
1022 5040 1890 5083 teuer, Revolution gewöhnte Zeit scheinen diese
1022 5080 1865 5125 Erinnerungen ein wenig fern gerückt und allzu
1022 5117 1877 5164 weitschweifig in der Erzählung genügsamer Schick¬
1022 5159 1884 5210 sale. Man kommt in Versuchung, auch die feinen
1022 5201 1890 5248 und eindrucksvollen Stellen zu übersehen: denn
1022 5237 1663 5282 wo gibt es heute noch geduldige Leser!\:p\
1181 5267 1829 5344 \p\(Georg Müller, Verlag, München.)\:p\
