3886 5669
682 700 3451 916 MAX MEISTER WIRD IN USA. EIN "FALL"
1288 948 3134 1033 Das abenteuerliche Schicksal eines papierlosen Emigranten
1775 1054 2645 1134 VON DR. ANNEMARIE CLARK
650 1162 857 1235 Die Liga
661 1219 1435 1277 für die Verteidigung der Arbeiter
703 1272 1435 1343 \p\New York, 22. Oktober. – "Hier spricht Liga
661 1332 1245 1394 für die Verteidigung der Arbeiter."
703 1366 1435 1419 Ich kenne diese Liga erst seit heute vormittag,
661 1408 1435 1458 – eine energische und kluge Dame von der
661 1451 1435 1502 "American Civil Liberties Union" hat mich mit
661 1497 1435 1545 einem Empfehlungsbrief dorthin geschickt. Man
661 1536 1435 1587 muß sich in Amerika an die unendliche Zahl von
661 1573 1410 1621 \g\Vereinen\:g\, \g\Ligen\:g\ und \g\Komitees\:g\ ge¬
661 1610 1435 1653 wöhnen, die wie ein kompliziert gesponnenes
661 1642 1401 1697 Spinnetz das Land bedecken, ihre Sitze im Nor¬
659 1697 1437 1745 den und Süden, in New York und New Orleans
654 1722 1417 1773 haben, Pamphlete drucken, Versammlungen ab¬
659 1764 1414 1812 halten, ausländische Schriftsteller zu Vortrags¬
659 1796 1405 1851 reisen einladen, gute und schlechte Ratschläge
659 1842 1437 1888 erteilen, mehr oder minder wichtigen Zwecken
659 1881 1437 1927 dienen, es mehr oder minder ehrlich meinen.
659 1920 1437 1966 Meistens gehören sie keiner Partei an, sind
659 1959 1437 2002 "unabhängig", und ihre Schlagworte gleichen
659 2002 1437 2044 aufs Haar jenen der Tankstellen: "Dienst am
659 2037 1437 2087 Kunden". – Der Neuling ist von ihnen beein¬
654 2076 1435 2119 druckt, denn gewiß, letztlich sind sie es, die den
650 2113 1435 2161 Präsidenten wählen und die Stellungen zu ver¬
659 2149 1437 2200 geben haben. Nach ein paar Monaten wird man
659 2200 1440 2239 zynisch oder ist enttäuscht und wünscht alle Ver¬
650 2234 1435 2276 eine zur Hölle. Und nach ein paar weiteren Mo¬
650 2269 1435 2312 naten weiß man, daß einige dieser Organi¬
650 2303 1435 2347 sationen "fake" sind, Betrug schlechthin, Geld¬
650 2338 1435 2395 macher, Sensationsmacher, welche unbeschäf¬
650 2384 1405 2429 tigte, talentlose und ehrgeizige Damen zu ihren
652 2423 1435 2471 prominenten Mitgliedern zählen – daß aber
650 2459 1435 2514 andere nicht nur einflußreich und informiert sind,
652 2510 1403 2544 sondern auch Wichtigkeit besitzen. Sie gehören
654 2542 1435 2588 zur politischen Maschinerie dieses seltsamen
650 2576 1405 2632 Landes, wo das Politische mit dem Persönlichen
654 2615 1435 2664 verquickt, das Persönliche in den Fängen des
652 2645 1435 2703 Politischen ist – und wo man sich ganz einfach
650 2691 1327 2742 \g\auskennen\:g\ muß im großen Spinnetz.\:p\
698 2723 1435 2778 \p\Zu den wichtigen, seriösen, wohlmeinenden
654 2765 1401 2808 Organisationen gehört zweifellos die "American
650 2801 1401 2861 Civil Liberties Union" – zu den wohlmeinenden,
650 2845 1405 2891 ernsten Ratgebern gehört ebenso zweifellos die
650 2884 1435 2930 Dame, die mich zur "Liga zur Verteidigung der
648 2919 1435 2978 Arbeiter" hinüberschickte. Ich wollte, zum Bei¬
652 2960 1437 3017 spiel, erfahren, wie es eigentlich mit der
652 2997 1403 3045 »\g\Demokratie\:g\« in Amerika stehe. Und ob
650 3033 1435 3079 hier nun wirklich jeder, aber auch \g\jeder\:g\ seine
652 3075 1403 3144 Stimme erheben, anklagen und sich verteidigen,
650 3121 1111 3173 leben und arbeiten dürfe ...\:p\
691 3155 1405 3201 \p\Ein gescheiter junger Mann empfing mich.
654 3194 1435 3251 Ich verhehlte ihm nicht, wie schwierig es sei, sich
652 3235 1435 3286 als Fremder hier auszukennen – ach, und wie
650 3272 1401 3313 begierig wir darauf aus seien, positive Antwort¬
648 3309 1412 3357 ten zu erhalten, unsere Wünsche bestätigt zu fin¬
650 3348 1435 3392 den, daß Amerika, noch immer und immer wie¬
652 3389 1437 3440 der, ein Hafen der Freiheit, eine Stätte des ge¬
652 3424 1435 3481 sunden Menschenverstandes sei. Er hörte mir
650 3463 1435 3511 zu – das ist schon viel – und notierte sich meine
652 3509 1435 3557 Telephonnummer. Jetzt, kaum ein paar Stunden
661 3550 1437 3589 später, ruft er an. "Ich möchte Ihnen einen jun¬
659 3587 1437 3633 gen Burschen schicken", sagte er, "einen Deut¬
650 3614 1435 3672 schen, sein Name ist Max Meister. Sein Fall
654 3656 1435 3704 scheint zunächst mit Amerika wenig zu tun zu
650 3692 1435 3747 haben. Aber es ist ein typischer und deshalb
652 3743 1435 3791 wichtiger Fall – ein Fall der Weltgeschichte
654 3766 1435 3828 unserer Tage. Und von uns, von den Vereinigten
659 3812 1403 3869 Staaten, hängt es ab, wie er ausgehen wird. Aus¬
659 3860 1405 3901 gehen für Max Meister, meine ich, für einen jun¬
661 3890 1410 3938 gen Menschen, der in der Maschine der heu¬
654 3924 1435 3991 tigen Welt gefangen ist und den wir Amerikaner
659 3968 900 4025 retten wollen."\:p\
650 4012 1316 4099 Ein junger Deutscher – einer
643 4083 997 4152 von Hunderten
707 4140 1437 4216 \p\Zehn Minuten später betritt Max Meister mein
659 4202 1437 4253 Zimmer. Blond, etwas verlegen, noch sehr jung,
654 4248 1435 4289 wie mir scheinen will. Aber so jung ist er gar
659 4283 1440 4333 nicht, und er hat schon viel erlebt – genug für
659 4331 1435 4370 einen Abenteurer, wenn er ein Abenteurer wäre.
659 4351 1435 4407 Das gerade ist er nicht. Er ist ein einfacher
661 4397 1435 4441 Bursche, ein \g\Metallarbeiter\:g\ aus einem
659 4427 1437 4482 Dorf in Thüringen, und 1931 wurde er schon
654 4473 1435 4521 arbeitslos. Jetzt, seit einigen Wochen, darf er in
659 4519 1437 4560 New York arbeiten, gelegentlich, als Boden¬
654 4553 1435 4604 putzer oder was gerade sich bietet. Wenn man
657 4586 1435 4638 ihn nur arbeiten läßt, wenn er nur hier bleiben,
659 4622 1437 4675 vielleicht wieder seinen eigenen, als Lehrling in
654 4666 1307 4716 Thüringen erlernten Beruf ausüben darf!\:p\
698 4680 1414 4746 \p\"Setzen Sie sich doch", sagte ich – und dann
659 4742 1437 4808 trinken wir zusammen eine Flasche Bier, und er
652 4783 997 4843 beginnt zu erzählen.\:p\
703 4813 1435 4870 \p\"Also seit 1931 war ich arbeitslos" ..., da
661 4859 1435 4902 unterbricht er sich schon, sieht mich an und fragt:
654 4893 1435 4964 "Warum wollen Sie das alles eigentlich wissen?"
1449 1160 2181 1233 – "Ich will es aufschreiben", antworte ich. –
1433 1226 2200 1277 "So", sagt Meister, "aufschreiben wollen Sie es.
1437 1268 2200 1313 Aber mein Fall ist doch gar nichts Besonderes,
1433 1313 2200 1355 da können Sie Hunderte von meinen Kameraden
1437 1346 2200 1396 fragen, die auch im Konzentrationslager waren,
1433 1382 2200 1424 als "Politische", und irgendwie rausgekommen
1433 1426 2202 1474 sind oder nicht." – "Eben deshalb", versuche
1433 1456 2200 1502 ich ihm zu erklären, "eben weil es Hunderte sol¬
1433 1497 2200 1545 cher Fälle gibt." Meister trinkt sein Bier aus,
1433 1529 2200 1582 schüttelt den Kopf. "Es tut doch keiner was
1440 1582 2200 1617 dagegen", sagt er. Er sagt dies nicht etwa
1433 1619 2200 1662 bitter oder erzürnt, sondern wie einer, der Er¬
1437 1651 2200 1697 fahrungen gemacht hat und Bescheid weiß. Dann
1433 1690 2200 1736 erzählt er seinen "Fall" – einen von Hunderten.\:p\ [space]
1483 1734 2200 1803 \p\"1933 war ich in Königsberg. Ich war Mitglied
1440 1789 2200 1842 der Sozialistischen Arbeiterpartei, gelegentlich
1433 1826 2200 1876 hatte ich ein bißchen Arbeit, und als Hitler
1433 1869 2202 1915 Reichskanzler wurde, begann ich, \g\Flugblät¬
1433 1899 2200 1943 ter\:g\ zu verteilen und wurde "politisch". Ein paar
1433 1950 2202 1989 Tage nach dem Reichstagsbrand wurden die
1433 1970 2202 2025 ersten von uns verhaftet, und einige Wochen
1433 2014 2200 2069 später schnappten sie mich. Ich hatte gerade alle
1433 2057 2200 2096 Flugblätter verteilt, es war ein warmer Abend
1433 2094 2179 2147 und ich setzte mich auf eine Bank im Park. Plötz¬
1433 2136 2188 2184 lich kamen etwa zwölf Polizisten und ein ganzer
1433 2175 2198 2223 Sturm von SA.-Leuten und nahmen mich mit. Bei
1433 2211 2179 2266 der Durchsuchung fanden sie die Verbands¬
1433 2250 2200 2301 bücher vom Metallarbeiterverband in meiner
1431 2289 2186 2335 Tasche, und als ich die Namen von meinen Ka¬
1433 2328 2200 2370 meraden nicht sagen wollte, wurde ich geschla¬
1437 2372 2181 2411 gen und dann nach Quedna ins \g\Konzentra¬
1433 2404 2188 2452 tionslager\:g\ gebracht. Dort wurde ich wieder
1433 2441 2200 2491 von der Gestapo vernommen, wegen Waffen,
1433 2478 2188 2530 die wir in Tilsit versteckt hatten, und als ich nichts
1433 2524 2200 2563 aussagte, wurde ich geschlagen und in Einzelhaft
1440 2563 2179 2606 gesetzt. Das ist das Schlimmste. Ich bekam Wasser
1433 2602 2181 2648 und Brot und alle drei Tage heiße Suppe; ich
1433 2636 2179 2675 war immer allein. Nachher war ich mit 20 Kame¬
1433 2668 2179 2723 raden in einer Zelle, und wir hatten es besser,
1433 2710 2179 2767 obwohl wir nicht arbeiten durften, sondern nur
1435 2753 2202 2792 exerzieren mußten und schrecklich schikaniert
1435 2792 2186 2836 wurden. Die Gestape[sic] schikaniert nicht. Sie stellt
1435 2824 2195 2873 Fragen, und wenn man nicht antworten kann,
1433 2868 2200 2912 bekommt man Dresche, und wenn man antwortet,
1433 2907 2200 2951 bekommt man auch Dresche, weil sie einem nicht
1433 2946 2202 2994 glauben. Aber die SA.-Leute schikanieren, und
1435 2985 2179 3029 wenn es alte Leute trifft, ist es schrecklich mit¬
1433 3022 2200 3068 anzusehen. Und am gemeinsten sind die Nazi,
1437 3056 2200 3111 die früher Kameraden waren. Vielleicht, weil sie
1433 3102 2009 3157 sich eigentlich schämen müssen."\:p\
1433 3160 1571 3235 Flucht
1433 3199 2108 3284 nach Frankreich und Spanien
1476 3281 2200 3359 \p\Meister wurde im Oktober 1933 aus dem
1433 3346 2188 3394 Lager entlassen, mußte sich täglich bei der Po¬
1433 3385 2200 3435 lizei melden, bekam keine Unterstützung, weil
1433 3426 2200 3472 er "politisch" war, wurde vom Arbeitsamt zu
1433 3463 2200 3506 einem Bauern verdingt, der ihm fünfzehn Mark
1433 3504 2202 3548 im Monat zahlte und dafür vom Arbeitsamt
1433 3543 2200 3587 25 Mark erhielt; er lief schließlich davon. Ohne
1433 3580 2200 3621 \g\Papiere\:g\ kamer im \g\Saargebiet\:g\ an. Ohne
1433 3619 2200 3658 Papiere – damit beginnt die Kette der tragisch
1433 3658 2188 3699 sich wiederholenden, tragisch eintönigen Erleb¬
1433 3695 2188 3745 nisse, denen in unserer Zeit eine wachsende
1433 3736 2200 3780 Zahl von Menschen durch eine grausame und
1433 3770 2099 3814 stupide Maschinerie ausgeliefert werden.
2255 1160 2992 1228 Die Regierungskommission im Saargebiet
2207 1215 2992 1277 "glaubt Meister nicht" und gibt ihm keine Pa¬
2209 1261 2992 1320 piere. Bis nach der Abstimmung von 1935, bis
2209 1307 2992 1348 zum Tag von Adolf Hitlers Einzug, darf er blei¬
2209 1341 2992 1385 ben, dann geht er nachts \g\über die Grenze\:g\
2209 1378 2992 1419 nach \g\Frankreich\:g\. Ohne Papiere. "Es war eine
2209 1419 2992 1467 regnerische Nacht", erzählt er, "darum war die
2209 1454 2992 1499 Kontrolle nicht so scharf, und ich konnte um den
2209 1490 2992 1543 französischen Posten herumgehen und später
2209 1532 2992 1584 einen Autobus nach Metz nehmen." In Paris
2209 1575 2976 1621 meldet er sich bei einem Hilfskomitee für Emi¬
2209 1617 2992 1651 granten und erhält den Bescheid, daß man nichts
2209 1649 2992 1697 für ihn tun könne, weil er ja nicht einmal im¬
2209 1685 2992 1731 stande sei, sich auszuweisen. Er bleibt vier Wo¬
2209 1722 2992 1770 chen in Paris, dann fährt er nach Marseille. Die
2209 1766 2992 1814 Polizei fängt ihn auf, läßt ihn aber laufen und
2216 1805 2967 1848 bedeutet ihm nur, er solle machen, daß er weiter
2209 1842 2992 1890 komme. Er geht über die spanische Grenze –
2209 1878 2992 1924 darin hat er nun schon Uebung – und gelangt
2209 1920 2967 1970 bis \g\Barcelona\:g\. "Dort ließ man mich in Frie¬
2209 1959 2976 2012 den", sagt er, "mit der Freiheit stand es dort
2209 1995 2992 2046 gut, aber sehr schlecht mit Arbeit." Er geht nach
2209 2034 2992 2076 Madrid, arbeitet unterwegs bei einem Wein¬
2209 2074 2992 2126 bauern, in Sevilla als Gärtner bei einem Deut¬
2214 2113 2992 2158 schen, hört, daß es in Marokko Arbeit gebe, und
2209 2154 2992 2193 ist Anfang 1936 in \g\Ceuta\:g\. Mitte Juni herrscht
2216 2193 2994 2237 Streik im Hafen von Ceuta wegen schlechter
2216 2230 2994 2273 Löhne. Dann ist plötzlich, über Nacht, der
2207 2260 2370 2322 Krieg da.\:p\
2209 2317 2868 2393 Zurück in die Kerker Hitlers
2225 2395 2992 2478 \p\Ceuta wird gleich von den \g\Aufständi¬
2209 2464 2992 2510 schen\:g\ besetzt, die eine große Zahl von Ar¬
2209 2503 2992 2547 beitern und die ganze Mannschaft eines im
2209 2547 2992 2579 Hafen liegenden Regierungsschiffes festnehmen.
2214 2576 2992 2625 "Ich fiel auf, weil ich blonde Haare hatte", sagt
2211 2627 2967 2654 Meister, "und im August wurde ich von zwei Po¬
2209 2652 2992 2700 lizisten geschnappt, als ich eben über die Straße
2209 2694 2992 2739 essen gehen wollte." – Man liefert ihn dem
2211 2730 2967 2772 deutschen Konsul in Tetuan aus, aber er ent¬
2209 2765 2992 2820 kommt und kämpft sich bis zur Grenze von Fran¬
2220 2808 2622 2857 zösisch-Marokko durch.\:p\
2250 2838 2994 2884 \p\Dort spricht ihn ein \g\Araber\:g\ an und ver¬
2209 2884 2992 2928 spricht ihm, ihn heimlich über die Grenze zu
2209 2923 2992 2976 bringen. Sie warten, bis es dunkel ist, aber kaum
2209 2969 2992 3008 sind sie am spanischen Zollhaus vorbei, hält der
2214 3006 2992 3045 Araber Meister fest und beginnt zu brüllen.
2209 3040 2992 3084 Meister zieht einen Schuh aus und schlägt den
2209 3079 2992 3125 Araber ins Gesicht, bis er umfällt, aber inzwi¬
2209 3118 2992 3162 schen sind französische Legionäre da, nehmen
2214 3148 2992 3196 Meister fest und \g\verprügeln\:g\ ihn. Im fran¬
2211 3185 2967 3242 zösischen Zollhaus erzählt er seine Geschichte,
2214 3233 2992 3281 aber man glaubt ihm nicht und schickt ihn zu
2211 3272 2992 3318 den Spaniern zurück, die ihn nach Ceuta
2209 3304 2381 3359 spedieren.\:p\
2250 3332 2994 3387 \p\Der deutsche Konsul wird benachrichtigt. Nicht
2209 3392 2992 3433 ohne Stolz behauptet Meister, daß der Dampfer
2209 3426 2992 3470 "Contra", der Erz aus Melilla nach Deutschland
2209 3463 2976 3518 bringen sollte, eigens nach Ceuta beordert
2209 3504 2992 3543 wurde, um den deutschen Häftling an Bord zu
2209 3543 2992 3580 nehmen. Und im Hafen von Emden kommt sofort
2209 3575 2976 3623 \g\Polizei\:g\ an Bord und nimmt Meister "an die
2207 3617 2992 3665 Kette". Man bringt ihn nach dem Lager von
2214 3653 2974 3699 Wilhelmshaven, von dort nach Köslin, von Köslin
2216 3695 2994 3738 nach Kiel und wieder zurück nach Köslin. Man
2209 3734 2992 3775 leitet ein politisches Verfahren gegen ihn ein,
2211 3773 2992 3823 sucht Zeugen. Als man Meister zusammen mit
2987 1148 3743 1228 fünf andern Häftlingen wieder einmal in einen
2987 1219 3745 1270 Zug schieben will – drei Schupos stehen an der
2987 1261 3738 1304 Waggontüre – \g\springt er über das Ge¬
2987 1302 3745 1350 länder zwischen die Puffer\:g\, von dort
2987 1339 3743 1385 auf die andere Seite des Geleises und läuft in
2987 1373 3743 1424 der Dunkelheit querfeldein, ohne zu sehen und
2987 1414 3745 1467 zu hören, ob er verfolgt, ob auf ihn geschossen
2987 1454 3747 1495 wird. Er läuft, bis er nicht mehr kann, und da ist
2987 1493 3745 1543 es still um ihn, und weit weg sieht er die Lichter
2987 1529 3233 1587 des Bahnhofs.\:p\
3031 1536 3741 1617 \p\Er geht bis Stettin, später nach \g\Hamburg\:g\,
2987 1594 3745 1644 frühere Kameraden verstecken ihn in ihren Lau¬
2987 1640 3745 1685 ben und Kellern, wochenlang hält sich der Flücht¬
2987 1685 3743 1736 ling in Deutschland auf, wo er vorher monate¬
2987 1711 3745 1768 lang von der Polizei von Stadt zu Stadt trans¬
2987 1757 3341 1826 portiert worden war.\:p\
2987 1814 3313 1892 Wird Amerika
2987 1878 3495 1938 die Freiheit bringen?
3031 1924 3743 1998 \p\Es ist jetzt Juni 1937, Meister ist immer noch
2987 1991 3743 2046 in Hamburg – die Polizei dort, meint er, ist
2987 2039 3745 2083 nicht so gefährlich. Aufpassen muß man nur an
2987 2076 3743 2115 den Quais, wo die russischen Schiffe liegen. Aber
2987 2110 3745 2156 schließlich wird er den "Blauen" doch verdächtig,
2987 2149 3743 2202 und er beschließt, die nächste Gelegenheit zu
2987 2181 3745 2234 benützen, um außer Landes zu kommen. Am
2987 2232 3743 2269 Hansaquai versteckt er sich auf der "Baghdad"
2994 2264 3743 2317 einem \g\norwegischen Dampfer\:g\, der
2994 2305 3444 2356 direkt nach New York fährt.\:p\
3043 2328 3743 2388 \p\"Zuerst lagen wir zwei Tage im Hafen von
2990 2384 3745 2434 Hamburg, dann, nach zwei Tagen Fahrt, mußte
2987 2425 3743 2464 ich an die Wand klopfen, weil ich zu hungrig
2987 2462 3743 2501 war. Als sie mich herausholten, sah man gerade
2987 2501 3738 2542 noch die Küste von England. Die Norweger
2987 2542 3743 2576 waren sehr nett zu mir, ich bekam das gleiche zu
2987 2567 3745 2625 essen wie die Matrosen, und Bier soviel ich
2999 2620 3734 2661 wollte. Aber ich hatte keine Papiere, und des¬
2987 2652 3745 2703 halb mußten sie mich dann in New York der
2987 2689 3334 2744 Polizei übergeben."\:p\
3031 2710 3741 2774 \p\Das war am 7. Juli 1937. Amerikanische Jour¬
2987 2756 3743 2813 nalisten fuhren eiligst nach Ellis Island, wo Mei¬
2994 2811 3741 2854 ster im Quarantänehaus saß. Man wollte ihn mit
2987 2843 3745 2891 dem gleichen Dampfer \g\nach Deutschland
2987 2891 3745 2935 zurückspedieren\:g\. Inzwischen wurde er
2987 2923 3738 2971 ausgefragt, photographiert, seine Geschichte er¬
2987 2962 3743 3013 schien am nächsten Morgen in den Zeitungen.
2987 3003 3745 3043 Aber er hatte keine Papiere. Eine Stunde, bevor
2987 3040 3743 3079 er auf das Schiff gebracht werden sollte, schritt
2987 3086 3731 3130 die "\g\Workers Defense Ligue\:g\" ein, –
2987 3121 3745 3155 ganz wie es im Film zu gehen pflegt. Das "Com¬
2987 3155 3743 3194 mittee for Protection of Foreign Born" (Komitee
2999 3194 3738 3242 für den Schutz im Ausland Geborener) nahm sich
2987 3233 3745 3281 der Sache an: Max Meister erhielt eine vorläufige
2987 3265 3745 3320 Aufenthaltserlaubnis für sechs Monate. Er darf
2994 3309 3729 3353 arbeiten – wenn er gelegentlich Arbeit findet –
2987 3346 3745 3392 und er darf hoffen, daß ihm die Komitees, die
2987 3387 3745 3428 sich für ihn interessieren, die Immigrationspapiere
2985 3424 3196 3483 verschaffen.\:p\
3031 3435 3745 3509 \p\"Sonst werde ich eben nach Deutschland
2987 3504 3743 3545 ausgeliefert", sagt er, "– und das ist alles. Das
2987 3541 3447 3591 ist die ganze Geschichte."\:p\
3047 3555 3745 3628 \p\Während er Fußböden wichst und wartet, ist
2987 3601 3743 3660 Max Meister ein "Fall" geworden. Ein Fall, der
3020 3656 3741 3699 – in drei Monaten – zeigen wird, ob es hier
2987 3692 3738 3741 in Amerika gelingt, einen Menschen der "uner¬
2987 3734 3745 3782 bittlichen und stupiden Maschinerie" zu ent¬
2985 3770 3162 3837 reißen ...\:p\
