4288 7165
456 4555 992 4632 Rückkehr nach Lissabon
376 4608 1083 4684 Von Annemarie \g\Clarac\:g\-Schwarzenbach
320 4677 1204 4728 \p\Von allen Städten, die ich kenne, hat mich, als ich
267 4714 1204 4762 sie zum erstenmal betrat, keine so gut empfangen wie
267 4751 1204 4798 Lissabon. Sie lag so außerhalb unserer damals ge¬
267 4796 1206 4839 wohnten Wege, diese Hauptstadt eines kleinen, gewiß
267 4822 1204 4876 reizenden, aber von der Geschichte offenbar halb ver¬
273 4859 1179 4902 gessenen Landes, daß ich mir die Mühe nie gemacht
271 4888 1204 4942 hatte, sie um ihrer selbst willen zu besuchen. Die
277 4925 1204 4970 Welt schien in jenen Jahren der Freiheit so groß, man
271 4961 1204 5008 hatte immer Eile, und schiffte sich in Frankreich ein,
277 4999 1204 5045 um nach England oder Amerika zu reisen, in Genua
267 5035 1204 5081 oder Triest, um nach Palästina oder Syrien zu ge¬
267 5069 1204 5107 langen, — wollte man in die Türkei, so bestiegt [corr: besteigt oder bestieg? eher letzteres] man
279 5099 1204 5157 in Genf den Orient-Expreß, und nach Indien führte
277 5139 1204 5181 in kürzester Frist der Weg durch den Suezkanal. Nach
273 5168 1204 5219 dem Fernen Osten, sagten mir die Deutschen noch vor
273 5201 1204 5252 wenigen Jahren, werde man über kurz oder lang
273 5243 1204 5291 weder die transsibirische Eisenbahn brauchen, noch
279 5279 1204 5322 die britischen, französischen oder holländischen Flug¬
273 5312 1204 5364 zeuge, die über Bagdad, den Persischen Golf und Kar¬
273 5341 1204 5390 rachi kaum sieben Tage brauchten bis an die Schwelle
279 5386 1204 5435 Chinas: die Lufthansa bereitete sich vor, den Spuren
277 5418 1204 5463 der alten Seidenstraße entlang auf dem Landweg durch
273 5453 1204 5510 Asien zu fliegen, von Bagdad über Persien, Afghani¬
279 5483 1204 5539 stan, den Pamir hinweg in das chinesische Turkestan,
277 5523 1204 5570 und durch die Wüsten zwischen Tibet und der Mon¬
278 5560 375 5618 golei.\:p\
321 5595 1204 5646 \p\Tatsächlich fand ich bald ihre Posten in Teheran,
273 5625 1204 5674 in Kabul. Im Jahre 1937 stieg das Flugzeug „Rudolf
279 5669 1204 5714 von Thüna“ des Fliegers von Gablenz von Kabul zu
277 5711 1206 5756 einem Erkundigungsflug über den Pamir auf, und
273 5741 1204 5781 blieb mehrere Wochen verschollen. Die Engländer
278 5777 1203 5823 sandten ihre indischen Flieger zur Nachforschung aus,
283 5809 1204 5855 vergeblich. Dann landete von Gablenz eines Tages
279 5848 1203 5892 wieder in Kabul, unversehrt, unrasiert, und berichtete,
285 5884 1204 5926 Banditen hätten ihn nach einer Notlandung festgehal¬
279 5916 1204 5975 ten, er habe wohl die Motore der suchenden Flugzeuge
285 5959 1204 6001 gehört, aber diese hätten seinen unter Zweigen camou¬
279 5991 1204 6033 flierten „Rudolf von Thüna“ nicht sehen können. Ob es
285 6021 1204 6079 Chinesen, Russen, Japaner, oder Banditen schlichthin
283 6076 1206 6110 gewesen seien, die ihn festhielten und dann ohne Er¬
285 6089 1204 6142 klärung wieder freiließen, wußte er nicht. Jedenfalls
289 6133 1204 6188 tat sein unaufgeklärtes Abenteuer dem Mut anderer
1201 4529 2137 4583 keinen Abbruch, denn wer, der die Welt genug liebt,
1202 4568 2138 4626 um sie entdecken zu wollen, wer fürchtet sich denn, und
1201 4605 1609 4662 vor welchem Abenteuer?\:p\
1250 4614 2137 4697 \p\Aber das war vor dem Krieg. Und jene Freiheit,
1201 4680 2137 4730 die voraussetzt, daß die Absichten eines jeden sein
1201 4717 2102 4759 eigenes Gesetz und seine Verantwortung seien, also un¬
1201 4737 2137 4812 schuldig, — so daß ein jeder unbehelligt ziehen konnte,
1201 4789 2137 4832 und so viel wagen, als er wagen wollte, — diese Frei¬
1201 4823 1831 4873 heit wird so bald nicht zurückkehren.\:p\
1252 4856 2137 4897 \p\Ich kam also nach Portugal, in das Land der Meer¬
1201 4892 2137 4940 fahrer, Abenteurer und Entdecker, zu einer Zeit, als
1201 4929 2137 4964 es, um von Amerika nach Europa zurückzukehren,
1201 4958 2137 5008 keinen anderen Weg mehr gab, nämlich im Februar
1201 4996 2137 5046 dieses Jahres, vor weniger als drei Monaten. Aber
1201 5029 2137 5090 schon die Vereinigten Staaten zu verlassen, war, wenn
1201 5070 2137 5114 auch ein Entschluß aus freien Stücken[das ist nicht ganz wahr, drohte Schwarzenbach in Amerika doch der (unfrewilligie) Verblieb in einem Sanatorium] , schon keine ein¬
1200 5101 2136 5163 fache Angelegenheit mehr. Wie traut man sich, wurde
1201 5141 2137 5192 ich gefragt, den noch sicheren Grund und Boden auf¬
1201 5170 2137 5217 zugeben, die Aufenthaltserlaubnis in einem noch fried¬
1201 5212 2105 5256 lichen und reichen, zukunftsträchtigen Land, — wie ver¬
1201 5248 2107 5284 antwortet man die Entscheidung vor sich selber, in das
1201 5282 2137 5323 vom Krieg gezeichnete alte Europa zu reisen, wo ein
1201 5313 2137 5358 Land nach dem anderen vom Feuer erfaßt wird, wo
1201 5352 2137 5395 bald überall Armut und Hungersnot herrschen werden,
1201 5383 2137 5420 wie kann man sich so preisgeben? Ich mußte allen
1201 5424 2137 5463 Warnungen zum Trotz reisen, die ich wirklich nur in
1201 5455 2105 5495 den Wind schlug, denn was hätte ich antworten sollen,
1201 5488 2137 5545 welche Sicherheiten haben wir noch? Da empfing mich,
1201 5529 2137 5574 nach zehn stürmischen und düsteren Tagen, das portu¬
1212 5565 2137 5606 giesische Ufer und Lissabon. Ich erblickte es mit be¬
1201 5595 2137 5643 greiflicher Rührung, denn hier nahm der Erdteil, den
1201 5634 2137 5672 rich lange nur auf strategischen Landkarten gekannt
1201 5669 2137 5712 hatte, lebendige Gestalt an und die Form von Hügeln,
1201 5707 2137 5761 den ersten Geruch von Wiesen und Rauch aus den
1201 5741 2137 5783 Schornsteinen kleiner Fischerhütten, da wehten die
1201 5773 2137 5820 Segel altmodischer Boote, da verengerte sich der Fluß
1201 5806 2113 5853 zum Hafen, und das weiße Lissabon stieg in Abend¬
1201 5840 2137 5884 licht gebadet, wahrhaft glänzend, mit Kirchen, Dächern,
1201 5880 2137 5922 Monumenten, Märkten, Hafenmolen, alten Palästen
1201 5916 2137 5963 terrassenförmig aufwärts von der Wasserschwelle bis
1201 5948 2137 5989 zur ockergelben, gezackten Mauer seiner maurischen
1201 5987 2137 6027 Burg. Wie war ich glücklich, als ich zum erstenmal
1201 6021 2137 6063 durch seine engen und steilen Gassen ging, vor einem
1201 6062 2138 6106 Brunnen still stand, in einem Kaffee an einem lärmend
1201 6089 2137 6141 lebendigen Platz bekannte Gesichter erblickte, einem
1201 6123 2137 6181 krauslockigen Buben spät in der Nacht eine Schweizer
2132 4528 3057 4579 Zeitung abkaufte, und am nächsten Morgen, vom
2133 4570 3045 4615 Fenster eines in die tropische Fülle, das Smaragdgrün,
2133 4604 3039 4642 und erste Blüten gebetteten Palastes aus die schim¬
2132 4640 3045 4688 mernde Hafenfläche überschaute, die von Schiffen und
2133 4675 2821 4728 Wimpeln und Schornsteinen bedeckt war!\:p\
2191 4708 3043 4755 \p\Dann lernte ich die Fülle der Märkte kennen, den
2133 4744 3043 4793 Ueberfluß an Früchten, Blumen, Butter, Oliven und
2133 4791 3039 4829 Oel, an süßen Weinen und Weißbrot, an Kuchen, Kaf¬
2143 4816 3075 4865 fee, tausend Süßigkeiten, an Wolle und Leinen, Tabak.
2133 4860 3075 4909 Ich vernahm die Ueberfülle von Lebensäußerungen
2133 4893 3075 4945 und Daseinsfreude, die Lieder der Matrosen, die
2133 4927 3075 4964 Scherze der Handlanger am Hafen, den Wortschwall
2133 4959 3075 5008 der Geflügelverkäuferinnen und Blumenfrauen, der
2133 5001 3075 5047 bettelnden kirschäugigen Kinder. Dann sah ich die
2133 5032 3075 5066 Wucht des Zyklons, und wie sich unter seiner Gewalt
2133 5062 3075 5118 uralte Bäume in Sintra langsam beugten, die mäch¬
2133 5101 3075 5151 tigen Wurzeln mit sich aus dem Erdreich hebend, um
2133 5141 3075 5180 endlich zu zerbrechen wie ein Streichholz. Später sah
2133 5175 3075 5224 ich die naiven und leuchtenden Bilder junger Maler in
2145 5212 3075 5263 diesem Land, der sanfteren Nachkommen der Eroberer,
2161 5249 3075 5291 — sah die freundlichen, fast nachlässig höflichen Gepflo¬
2133 5285 3046 5330 genheiten jener jungen Männer, welche gewissermaßen
2133 5316 3075 5356 die Infanten, Kinder Heinrichs des Seefahrers sind.
2133 5355 3075 5406 Ich sah, wie sie ihre Häuser bauen, wie sie sich erfreuen
2133 5386 3075 5433 an offenen Terrassen, von denen aus man zuerst die
2133 5423 3075 5470 Blumen, dann die Pinien, endlich das Weiß des
2145 5461 3045 5496 Hafens überblickt, und sich nährt am Licht eines immer
2133 5495 3075 5546 bewegten, gesegneten Himmels und am Meerwind.
2132 5535 3054 5581 Nach wenigen Wochen war ich vom Gefühl wie be¬
2133 5562 3075 5600 rauscht, ein Europäer zu sein. Man warnte mich, als
2133 5592 3075 5638 ich die Reise durch das hungernde Spanien und das
2133 5638 3075 5677 besiegte Frankreich antrat, ich hätte, in diesen zu kurzen
2133 5662 3075 5726 und noch gewitterhaften Frühjahrstagen Portugal nicht
2133 5701 3075 5747 genug gesehen, um es zu lieben, erst später würde ich
2133 5741 3075 5778 enttäuscht sein, es nicht entdeckt, es nur im Ueber¬
2133 5771 2944 5818 schwang des eigenen Gefühls begrüßt zu haben.\:p\
2191 5804 3075 5847 \p\Nach genau vier Wochen kehrte ich zurück. Es
2133 5840 3075 5886 regnete in Lissabon, mir bangte, nach herben Erfah¬
2133 5883 3075 5932 rungen, vor der nächsten Zukunft auch dieses Land¬
2133 5910 3075 5966 strichs, der zu Europa gehört. Aber da breiteten ge¬
2133 5953 3054 6001 rade die wie uralte Fregatten anmutenden Schiffe der
2133 5983 3057 6032 nach Grönland aufbrechenden Fischer ihre hundertfäl¬
2133 6024 3075 6074 tigen Segel aus, um, zum letztenmal im heimatlichen
2133 6062 3075 6111 Hafen versammelt, die Weihe des Bischofs [siehe smallform_0502, die Weihe der Schiffe] zu empfan¬
2133 6089 3075 6132 gen, und ich sah wie sie langsam, wie große Vögel,
2133 6131 2958 6180 ausfahren, ein ewiges, hoffnungsvolles Bild ...\:p\
