3736 5464
2770 2795 3594 2867 Das Rote Kreuz in Lissabon
2800 2891 3597 2931 \p\A. C.-S. Wir haben hier schon berichtet, daß in¬
2764 2923 3605 2987 folge der durch diesen Krieg bedingten, ungeheuren
2753 2970 3604 3009 Verkehrsschwierigkeiten das Rote Kreuz einen großen
2753 3003 3604 3043 Teil seiner Tätigkeit nach Lissabon verlegen mußte.
2764 3048 3605 3095 Dies gilt besonders für das Internationale
2758 3083 3606 3129 Komitee [Internationale Komitee gepserrt] vom Roten Kreuz [Roten Kreuz gesperrt], das jetzt in der
2758 3124 3604 3175 portugiesischen Hauptstadt eine ständige Vertretung
2753 3161 3605 3199 besitzt. Seit der Landweg durch Spanien für Paket¬
2764 3201 3609 3257 sendungen an Kriegsgefangene aufgegeben werden
2758 3238 3604 3292 mußte, bleibt für den Transport nur der Seeweg[gesperrt]
2758 3278 3606 3317 nach Marseille übrig, so daß Lissabon heute auch der
2753 3317 3605 3376 Sammel- und Ausgangshafen für die unter der Rot¬
2753 3364 3290 3417 kreuzflagge segelnden Schiffe ist.\:p\
2806 3395 3604 3438 \p\Aber auch die Rotkreuzagenturen der besiegten und
2755 3435 3606 3480 besetzten Länder, die teilweise in der Heimat selbst
2753 3473 3598 3519 keine Tätigkeit mehr ausüben können, sondern auf
2764 3515 3604 3565 eine Art von Exilstellung im Ausland angewiesen
2764 3557 3607 3608 sind, müssen Lissabon als Zentrum wählen. So muß
2761 3585 3612 3632 der Verkehr zwischen dem unbesetzten Frankreich und
2753 3635 3605 3683 den Lagern für französische Kriegsgefangene im besetz¬
2753 3674 3604 3715 ten Frankreich, sogar der gewöhnliche Briefverkehr
2764 3712 3612 3757 zwischen den beiden Zonen, über Lissabon geleitet
2753 3755 2898 3800 werden.\:p\
2824 3786 3606 3837 \p\Dabei fällt natürlich dem Portugiesischen
2764 3829 3604 3875 Roten Kreuz [Portugiesischen Roten Kreuz gesperrt] eine besonders große Aufgabe zu.
2770 3867 3605 3913 Die „Cruz Vermelha Portuguesa“ übt eine Vermitt¬
2753 3905 3606 3958 lertätigkeit aus, die den Rahmen ihrer Mittel und
2753 3950 3609 3996 Kräfte weit übersteigt, und die größte Bewunderung
2767 3984 3609 4039 verdient. Es war ihr u. a. möglich, Post zwischen
2764 4030 3606 4069 dem unbesetzten und besetzten Frankreich und nach der
2767 4062 3604 4104 besetzten Zone überhaupt zu vermitteln, wofür ihr
2764 4103 3612 4146 besondere Karten zur Verfügung stehen, die durch
2753 4135 3604 4199 Luftpost an das Deutsche Rote Kreuz zur Weiter¬
2764 4174 3606 4228 beförderung gesandt werden. Ferner übernimmt sie
2753 4221 3604 4278 Post vom Deutschen Roten Kreuz an deutsche Kriegs¬
2767 4261 3604 4309 gefangene in Canada. Ende Februar betrug das Ge¬
2764 4296 3604 4347 wicht dieser Sendungen bereits drei Tonnen. Auf
2767 4335 3607 4381 gleichem Wege werden auch Briefe von deutschen
2764 4378 3612 4421 Kriegsgefangenen in anderen Gebieten, zum Beispiel
2753 4421 3604 4456 Südafrika, befördert. Schließlich werden Korrespon¬
2764 4453 3612 4491 denz und Paketsendungen der Organisationen des
2767 4491 3607 4534 Roten Kreuzes anderer Länder, die in Portugal keine
2764 4532 3609 4583 legale Stellung haben, vom Portugiesischen Roten
2770 4577 3612 4617 Kreuz nach Genf weitergeleitet, und dort vom Inter¬
2753 4613 3605 4660 nationalen Komitee übernommen. In den engen Räu¬
2764 4652 3612 4693 men der „Cruz Vermelha“ stapeln sich die Pakete und
2764 4690 3612 4736 Briefschaften, die übrigens von der portugiesischen
2779 4736 3600 4785 Post gratis befördert werden. Täglich treffen vor
2767 4760 3609 4816 allem Anfragen nach Vermißten ein, die meistens nach
2764 4809 3612 4865 Genf weitergeleitet werden. Beim Durchblättern der
2764 4845 3604 4907 Dossiers findet man Anfragen aus Holland, Belgisch-
2753 4880 3612 4928 Kongo, Schweden, Brasilien, Frankreich, Polen usw.
2773 4929 3613 4971 Man fragt sich angesichts dieser Zeugnisse menschlichen
2764 4965 3612 5006 Leidens, wieviele der vermißten Söhne, Geschwister,
2753 5007 3613 5054 Gatten, Mütter jemals wiedergefunden werden kön¬
2753 5043 3611 5108 nen, und man lernt die Bedeutung der Stellen
2753 5084 3397 5151 schätzen, die sich dieser Aufgabe widmen.\:p\
2812 5111 3612 5186 \p\Verglichen mit solchen Problemen hat das Bri¬
2753 5160 3612 5209 tische Rote Kreuz [Britische Rote Kreutz gesperrt] mit der Fürsorge für die
2753 5205 3606 5254 britischen Kriegsgefangenen verhältnismäßig gerin¬\fml\\:p\
137 65 989 111 \p\\fml\gere Schwierigkeiten. Seine ständige Vertretung in
124 110 989 169 Lissabon befaßt sich vor allem mit der Beförderung
131 150 989 186 von Paketen und Korrespondenz aus England, und
125 189 989 243 hatte in enger Zusammenarbeit mit dem Vertreter
128 229 989 271 des Internationalen Komitees besonderes Verdienst
125 263 989 331 daran, daß am 22. Dezember 1940 das erste Rotkreuz¬
125 312 721 364 schiff nach Marseille abgehen konnte.\:p\
143 344 946 374 [Leerzeile]
178 357 989 418 \p\Unabhängig vom Britischen Roten Kreuz, aber
125 415 989 452 unter dem speziellen Schutz der portugiesischen „Cruz
130 442 989 498 Vermelha", hat in Lissabon eine energische junge
128 485 973 533 Engländerin eine eigene Organisation geschaffen, die
125 525 967 576 sich „Spezielle Sektion zur Sendung von individuel¬
119 573 967 623 len Paketen an britische Kriegsgefangene“ nennt. Mrs.
124 606 961 659 Jan Campbell[gesperrt] legt besonderen Wert auf den Aus¬
119 639 949 686 druck „individuelle Pakete“[individuelle Pakete gesperrt]. Aus begreif¬
121 680 965 738 lichen organisatorischen Gründen neigt das Rote
125 728 959 765 Kreuz, besonders das Internationale Komitee, dazu,
119 749 959 813 Kollektivsendungen der Sendung individuell adressier¬
122 798 968 850 ter Pakete von Angehörigen einzelner Gefangener
125 840 967 888 vorzuziehen. Mrs. Campbell, deren Mann als Gefan¬
119 885 955 923 gener in Deutschland weilt, vertritt aber den Stand¬
119 918 965 961 punkt, daß Kollektivsendungen, wenn sie auch materiell
119 960 958 1000 den gleichen Wert besitzen, und den Gefangenen in ge¬
128 1001 989 1043 rechterer Verteilung zugute kommen, doch moralisch
119 1037 970 1098 viel von ihrer Wirkung einbüßen. Wenn ein Gefan¬
122 1064 989 1121 gener ein Paar Socken brauche, und er erhalte solche,
118 1114 970 1171 die von seiner Mutter gestrickt seien, so sei die Freude
122 1152 968 1203 ungleich größer, als wenn er sie von einer anonymen
125 1194 959 1240 Stelle zugeteilt erhalte. Mrs. Campbell hat Verzeich¬
112 1244 965 1288 nisse von einigen tausend britischer Gefangener, die
118 1275 967 1324 ihr alle persönlich schreiben, um ihre Wünsche zu
113 1312 967 1360 äußern, und denen sie entsprechend zusammengestellte
125 1347 961 1413 Pakete schickt, falls nicht auf Sendungen von Ver¬
113 1399 955 1438 wandten zu rechnen ist. Zum Beispiel bat ein Leut¬
116 1426 958 1476 nant um Zahnstocher. Mrs. Campbell schickte die
113 1470 955 1509 Zahnstocher, und fügte, um ihren Gebrauch zu recht
119 1506 966 1551 fertigen, ein paar solide Eßwaren bei. Ihre Organi¬
118 1543 955 1598 sation arbeitet tatsächlich erstaunlich rasch und gründ¬
113 1584 965 1628 lich, sie erfordert aber natürlich sehr viel Arbeit und
112 1637 966 1686 Geld. Die meisten ihrer Sendungen erfolgen in Halb¬
112 1662 515 1726 kilopäckchen per Luftpost.\:p\
131 1698 953 1731 [Leerzeile]
167 1724 950 1781 \p\Mit ganz anderen Schwierigkeiten hat der Ver¬
116 1770 958 1810 treter des Französischen Roten Kreuzes [Französischen Roten Kreuzes gesperrt]
112 1794 989 1858 zu kämpfen, der in Lissabon die unentbehrlichsten Zu¬
119 1845 990 1889 satzrationen für anderthalb Millionen französischer
113 1891 955 1924 Kriegsgefangener einzukaufen und zu spedieren ver¬
112 1935 989 1987 sucht. Für ihn wäre die Diskussion über individuelle
113 1963 956 2011 oder Kollektivsendungen ein Luxus. Die Lebensmittel¬
116 2002 989 2040 rationen in beiden Zonen Frankreichs sind zu knapp,
107 2043 962 2095 als daß sich Angehörige von Kriegsgefangenen noch
122 2082 972 2152 Pakete absparen könnten. Das französische Rote Kreuz
985 71 1853 143 tätigt daher Einkäufe in Lissabon, für deren Export es
985 122 1844 169 einer portugiesischen Lizenz bedarf. Diese hängt in¬
984 160 1841 213 direkt von England ab, da Portugal die Ausfuhr vor
985 200 1842 253 Lebensmitteln nur gestattet, wenn es die englischen
985 231 1858 297 Lizenzen (Navicerts[Kommentar: von Konsulaten einer (Krieg führenden) Nation ausgestelltes Unbedenklichkeitszeugnis für neutrale (Handels-)‍Schiffe, https://www.dwds.de/wb/Navicert]) besitzt, um seine Vorräte wieder
985 292 1857 347 aufzufüllen. Die als unentbehrlich berechnete Zusatz¬
1001 322 1857 369 ration für einen Gefangenen pro Tag setzt sich wie
1010 352 1831 409 folgt zusammen: 30 g Fischkonserven oder Fleisch,
985 394 1858 449 20 g Schokolade, 20 g Zucker, 50 g Brot, und wenn
985 436 1858 488 möglich Vitamintabletten. Nach dieser Berechnung
985 474 1857 530 würde es zur Versorgung der anderthalb Millionen
1002 515 1857 560 gefangener Franzosen täglich allein 45 Tonnen Fisch¬
1002 548 1858 596 konserven bedürfen, die 3400 Kisten normaler Größe
1005 595 1839 637 mit 80 Tonnen Bruttogewicht entsprechen. Angesichts
1002 624 1858 694 der aufs äußerste beschränkten Transportmittel läßt
1004 663 1857 725 sich an diesem Beispiel die Größe der Schwierigkeiten
996 705 1857 752 ermessen, mit denen das Französische Rote Kreuz zu
995 738 1293 808 kämpfen hat.\:p\
1049 790 1857 845 \p\Aber die Aufgabe der Linderung des Loses der
1008 827 1857 893 Massen von Kriegsgefangenen hat doch, so schwierig
996 864 1858 913 sie heute geworden ist, einige Aussicht auf Erfolg. In
1002 910 1857 953 Lissabon weilen auch Vertreter des Roten Kreuzes
1002 949 1857 1000 von Ländern, die der fürchterlichsten Not ihres Vol¬
985 981 1857 1045 kes fast hilflos gegenüber stehen. Für Belgien, für
1002 1025 1857 1069 Polen ist das Los ihrer Kriegsgefangenen ein Pro¬
996 1062 1857 1115 blem geringerer Ordnung, denn es handelt sich um
984 1111 1857 1162 Männer in wehrfähigem Alter, die in Feindesland
996 1143 1858 1197 geraten, die immerhin noch irgendwo untergebracht
998 1184 1837 1229 sind und unter noch so schlimmen Bedingungen ein
1002 1224 1838 1273 Los ertragen, auf das sie als Soldaten gefaßt sein
998 1270 1838 1316 mußten. Im Falle eines Friedensschlusses kann man
1002 1299 1832 1343 hoffen, daß ein Teil von ihnen den Weg in die Frei¬
998 1339 1829 1386 heit und ein normales Leben zurückfindet. Vor allen
996 1380 1832 1428 fallen Kriegsgefangene unter die international an¬
996 1421 1858 1481 erkannten Bestimmungen des „Code des prisonniers
1002 1460 1857 1495 de guerre", wodurch ihnen der Schutz des Inter¬
995 1502 1832 1546 nationalen Komitees vom Roten Kreuz gewährt ist.
996 1531 1857 1577 Was aber wird aus geflohenen, bombardierten, ent¬
990 1576 1857 1630 eigneten, deportierten Zivilbevölkerungen? Was aus
996 1611 1837 1659 Zwangsarbeitern, „umgesiedelten" Bauern, aus den
998 1648 1857 1701 Bevölkerungen ganzer Städte Polens, die zu Hundert¬
990 1685 1858 1733 tausenden nach Zentralasien verschleppt wurden? Hier
996 1722 1857 1771 spielt sich ein Prozeß ab, über dessen Umfang und
998 1766 1827 1810 Grauen man sich zu wenig klar ist und dessen Folgen
985 1802 1858 1850 für die betroffenen europäischen Länder unabsehbar
984 1839 1857 1899 sind. Die in Lissabon tätigen Stellen des Roten Kreu¬
990 1891 1832 1937 zes, etwa solche, die sich um die Auffindung von Ver¬
985 1920 1835 1969 mißten bemühen, sind trotz allen Anstrengungen vor
993 1961 1857 2009 diesem durch den ruchlos geführten Krieg bewirkten
985 1997 1522 2059 menschlichen Elend fast machtlos.\:p\
