3904 5669
192 1044 2380 1176 "... um die Ehre der amerikanischen Südstaaten"
180 1171 937 1232 \p\Es besteht Anlass, in diesen Tagen an die "Kna¬
155 1219 935 1270 ben von Scottsboro" zu erinnern: Vor sieben Jah¬
155 1260 935 1304 ren, am 6. April 1931 begann der erste Prozess
151 1292 935 1348 gegen die neun Neger im Alter von 13 bis 20 Jah¬
155 1323 935 1380 ren, die man am 25. März des gleichen Jahres
155 1370 935 1425 verhaftet und angeklagt hatte, zwei weisse Mäd¬
151 1402 935 1455 chen, Victoria Price und Ruby Bates, vergewal¬
158 1445 930 1491 tigt zu haben. Man verurteilte die Burschen zum
146 1484 918 1540 Tod durch den elektrischen Stuhl, man schleppte
151 1522 935 1571 sie von Prozess zu Prozess, – der Mob staute
146 1557 935 1605 sich vor den Fenstern ihres Gefängnisses und ver¬
155 1593 935 1651 langte ihre Hinrichtung, anderenfalls man sie
155 1635 921 1683 und die beiden weissen Mädchen lynchen
155 1673 930 1726 werde, – "Scottsboro" wurde zum Symbol rück¬
148 1712 930 1749 ständiger Justizmoral, ohne dass die Mehrzahl
151 1748 932 1800 der Menschen sich zu erinnern vermochten, was
151 1787 926 1841 es mit dem Fall der Knaben von Scottsboro ei¬
155 1824 510 1880 gentlich auf sich habe.\:p\
187 1836 930 1904 \p\Victoria Price hatte von der Stunde ihrer Ver¬
151 1902 926 1946 haftung an die "Vergewaltigung" eingestanden.
146 1938 923 1982 Ruby Bates, das jüngere der Mädchen, hatte zu¬
146 1975 923 2028 erst aus Naivität, dann auf den Rat eines Pfar¬
148 2016 920 2067 rers, dem sie sich in Gewissensnot anvertraute,
148 2060 930 2098 die schlichte Wahrheit gesagt. Drei Jahre lang
158 2084 923 2134 hatte sie in Textilfabriken des Südens gearbeitet,
148 2128 928 2173 immer als "Lehrling", zu einem Stundenlohn von
146 2174 921 2212 fünf Cent, und elf Stunden täglich. Als in Hunts¬
155 2208 930 2247 ville die Arbeit knapp wurde, ging sie mit Victo¬
148 2237 928 2285 ria Price und deren Freund, Lester Carter, nach
144 2280 925 2331 Chattanov[sic]ga, Tennesse. Aber dort sagte man
146 2312 921 2363 ihnen, Arbeit sei keine zu haben, die Textilfabri¬
146 2351 935 2399 ken würden zum Teil geschlossen, und sie sollten
146 2394 930 2431 lieber nach Huntsville zurückfahren. Da die drei
148 2431 930 2482 kein Geld hatten, sprangen sie auf einen Zug auf.
151 2475 932 2506 Während der Fahrt gab es auf dem nächsten
155 2506 921 2555 Waggon Streit zwischen einer Gruppe von weis¬
148 2545 921 2599 sen und einigen schwarzen Burschen. Carter
148 2587 930 2632 sprang hinüber, die Schwarzen gewannen und
146 2618 921 2667 stiessen alle Weissen bis auf einen vom Zug hin¬
148 2662 920 2705 unter. Die Weissen mussten offenbar sofort zur
148 2696 923 2747 Polizei gegangen sein, denn schon an der näch¬
148 2740 915 2774 sten Station wurden die Neger vom Zug herun¬
146 2771 923 2822 tergeholt. Die Mädchen versuchten, der Verhaf¬
146 2810 921 2856 tung zu entgehen, weil sie fürchteten, wegen "Va¬
146 2844 935 2895 gabundierens" verurteilt zu werden. Im Staate
148 2885 937 2931 Alaban[sic]a stehen darauf drei Monate Gefängnis.
148 2919 937 2970 Aber man fasste sie doch und lieferte sie mit den
148 2960 801 3012 Niggern im Gefängnis in Scottsboro ein.\:p\
178 3006 935 3041 \p\Das ist die Wahrheit, wie Ruby Bates sie zu¬
146 3038 911 3082 erst eingestand, dann unter dem Druck von Miss¬
148 3075 937 3121 handlungen und Versprechungen widerrief, dann,
146 3113 935 3152 im zweiten Prozess, in Decatur, Alabama, noch
148 3145 937 3194 einmal wiederholte. An den späteren Prozessen
146 3193 935 3227 war sie nicht mehr als Zeugin anwesend. Sie war
146 3227 935 3267 krank. Man hatte sie und ihre Mutter von Fa¬
148 3264 937 3301 brikdorf zu Fabrikdorf gejagt. Sie wurde ent¬
148 3301 937 3346 lassen, sobald das Gerücht durchsickerte, wer sie
146 3337 935 3390 war. Die weiteren Details im Fall von Scottsboro
139 4352 925 4415 sind in diesem Zusammenhang nicht wichtig.
146 4408 926 4457 Wichtig bleibt die Frage: Warum wurde der Fall
148 4449 925 4496 der Vergewaltigung weisser Mädchen durch Ne¬
146 4493 926 4532 ger konstruiert? Warum mussten neun Knaben,
146 4527 910 4583 die zweifellos unschuldig waren, der Masse geop¬
139 4553 911 4612 fert werden, die ein neunfaches Todesurteil ver¬
139 4595 925 4663 langte? Warum verlangte die Masse dieses ge¬
139 4634 384 4689 fälschte Urteil?\:p\
173 4655 925 4734 \p\Im Januar 1938 kam, nicht zum erstenmal, ein
139 4697 911 4763 Anti-Lynch-Gesetz vor dem amerikanischen Kon¬
143 4752 925 4796 gress in Washington zur Verhandlung. Die Sena¬
139 4792 925 4845 toren und Repräsentanten der Südstaaten boy¬
146 4821 926 4881 kottierten das Gesetz und paralysierten die Tä¬
146 4859 926 4910 tigkeit des Hauses so lange, bis der Vorschlag
139 4904 877 4954 verschoben, vom Programm abgesetzt wurde.\:p\
170 4937 925 4995 \p\Ich war damals in Washington und konnte die
143 4971 925 5025 Diskussionen verfolgen. Das Wort "Ehre" spielte
143 5006 925 5058 darin eine grosse Rolle. Es gehe um die Ehre der
146 5046 926 5098 Südstaaten, hiess es da, und: hätte man während
143 5092 925 5148 des amerikanischen Bürgerkriegs gewusst, dass
143 5115 906 5182 dem Süden jemals ein solches Gesetz zugemutet
148 5163 925 5205 werden würde, so hätten die Offiziere und Sol¬
143 5200 925 5258 daten der Südstaaten keine Friedensbedingungen
146 5241 926 5297 angenommen, sondern gekämpft bis zum letzten
942 1166 1739 1241 Blutstropfen. Bestehe Präsident Roosevelt dar¬
942 1214 1739 1265 auf, ein Anti-Lynch-Gesetz durchzubringen und
942 1260 1739 1306 damit eines der höchsten Ideale und heiligsten
942 1294 1739 1341 Rechtsbegriffe des Südens anzutasten (!) so wer¬
942 1333 1739 1386 de er das Vertrauen der südlichen Demokraten
942 1372 1739 1416 für immer einbüssen und eine unheilvolle Spal¬
942 1409 1739 1470 tung der demokratischen Partei heraufbeschwö¬
959 1439 1032 1471 ren.\:p\
981 1455 1739 1535 \p\Wie ist es möglich, dass erfahrene Politiker und
942 1535 1739 1578 respektable Persönlichkeiten den Lynch-Terror
942 1564 1739 1618 des fanatisierten weissen Mobs als eines der "höch¬
942 1610 1591 1666 sten Ideale der Südstaaten" bezeichnen?\:p\
933 2829 1734 2892 \p\Im Herbst 1937 brachte ich einige Wochen im
933 2892 1734 2943 Süden, in Tennessee, Virginia, Al[sic]bama, Georgia
932 2912 1734 2973 und den beiden Carolinas zu. Ich sah die Armut
940 2956 1734 3018 in den Gruben und Holzfäller-Lagern von Tennes¬
930 2995 1736 3045 see, das Elend der schwarzen "Sharecropper"
947 3038 1734 3080 (Baumwollpächter) und ihrer weissen Feinde und
930 3070 1736 3131 Schicksalsgenossen auf den zerfallenden Planta¬
930 3106 1736 3167 gen, die Rückständigkeit, Unfreiheit, Verseuchtheit,
928 3154 1734 3191 und Unterernährung in den grossen Städten Bir¬
928 3189 1734 3238 mingham, Chattanooga, Atlanta, sah noch schlim¬
928 3222 1734 3266 mere Zustände unter dem weissen Proletariat der
926 3269 1734 3300 "Millvillages", der Textilfabrik-Dörfer in der Ge¬
926 3301 1724 3363 gend von Columbus, Georgia und Charlotte,
926 3329 1198 3395 North Carolina.\:p\ [space]
1334 3358 1736 3429 \p\In Washington fragte
1307 3405 1734 3460 mich ein Mädchen aus
1309 3453 1734 3504 Georgia nach meinen Ein¬
1307 3494 1734 3541 drücken. Sie war schön,
1307 3538 1734 3590 jung, von blendender Intel¬
1297 3575 1734 3635 ligenz und stand am An¬
1295 3612 1734 3670 fang einer erfolgreichen
1304 3658 1736 3706 juristischen Karriere.
1307 3691 1734 3745 "Finden Sie nicht, dass die
1297 3737 1734 3786 Neger auf unseren Planta¬
1292 3772 1715 3816 gen glücklich und zufrie¬
1304 3815 1736 3852 den aussehen?" fragte sie
1304 3850 1736 3902 mich, "sie sind harmlose,
1297 3884 1734 3939 gutmütige Menschen. Na¬
1300 3924 1690 3966 türlich sind sie rechtlos –
1307 3966 1714 4015 aber das ist gut so. Die
1304 4002 1736 4046 Weissen hingegen – das
1297 4032 1734 4082 weisse Proletariat meine
1297 4075 1734 4124 ich – Sie wissen, wir nen¬
1304 4106 1736 4167 nen sie "poe[sic]r whites" oder
1304 4148 1736 4201 "white trash" ("arme
1304 4187 1736 4242 Weisse" oder "weisser
1306 4223 1734 4277 Abschaum") die sind
1304 4258 1736 4311 schlimmer als die Neger.
1304 4301 1736 4344 Sie sind verseucht und un¬
1307 4342 1736 4393 gebildet, sie können nicht
938 4372 1715 4422 mit Geld umgehen, sie haben kein Verantwor¬
938 4415 1712 4456 tungsgefühl und keine Moral. Man darf ihnen
938 4451 1736 4493 nicht mehr Rechte geben als den Niggern. Sie
938 4486 1736 4532 fühlen sich am wohlsten in dem Zustand, in dem
945 4527 1329 4575 sie sich jetzt befinden."\:p\
976 4546 1734 4609 \p\"Da sind sie wohl auch \g\gegen\:g\ die Abschaf¬
937 4604 1734 4650 fung der Kettensträflings-Gefängnisse in Geor¬
952 4636 1734 4700 gia, von der jetzt die Rede ist?" – "Ja", sagte
937 4680 1499 4731 das Mädchen, "ich bin dagegen."\:p\
976 4718 1734 4757 \p\In Georgia hatte ich mit einem öffentlichen
935 4750 1717 4802 Wohlfahrts-Arzt ein solches Gefängnis besucht.
935 4787 1734 4838 Ein hünenhafter weisser Aufseher hatte mir ver¬
935 4831 1734 4876 boten die Sträflinge zu photographieren – es
935 4867 1734 4915 waren in der überwiegenden Mehrzahl Schwarze,
935 4903 1734 4957 die mit schweren Ketten an den Fussgelenken im
935 4947 1734 4995 Hof hockten. Wenige Tage nach meinem Besuch
935 4986 1734 5032 rissen Neger-Sträflinge einen Aufseher in ihre
935 5017 1734 5081 Zelle und lynchten ihn, bevor die alarmierte Po¬
935 5059 1734 5100 lizei die Aufsässigen mit Tränengas betäuben
935 5092 1069 5148 konnte.\:p\
964 5114 1736 5176 \p\Der Arzt war auch mit mir auf den Plantagen
933 5171 1734 5216 umhergefahren. "Die Leute sind alle unterer¬
933 5209 1734 5258 nährt", hatte er mir erklärt, "Schwarze und
933 5244 1734 5292 Weisse. Die meisten von ihnen haben die Pellagra,
1748 1171 2538 1231 eine Art Skorbut, die von der einseitigen Diät,
1748 1219 2538 1273 von Maisbrot, Melasse und Schweinefett herrührt.
1748 1261 2538 1304 Sie sind unwissend, denn die Kinder können nicht
1748 1302 2528 1346 lange in die Schule gehen, sie werden zum Baum¬
1748 1341 2528 1389 wollpflücken gebraucht. Sie lernen nicht mit Geld
1748 1377 2538 1420 umzugehen, denn sie bekommen keines in die
1748 1416 2538 1460 Hand. Fast alle sind Pächter, auf der Basis des
1758 1454 2538 1501 'Sharecropping' (Ernteteilen). Sie erhalten vom
1748 1489 2519 1533 Plantagenbesitzer ein Stück Land, ein Maultier,
1748 1532 2530 1576 Gerät, eine Hütte und Kredit in seinem Laden.
1748 1554 2538 1615 Die Hälfte der Ernte soll ihnen gehören. Aber sie
1749 1593 2538 1668 bekommen fast nie etwas. Sie bleiben verschuldet,
1744 2827 2533 2902 von Generation zu Generation. Die Abrechnungen
1744 2892 2526 2939 werden vom Plantagen-Aufseher gemacht. Ein
1744 2924 2533 2972 Sharecropper – besonders wenn er ein Schwarzer
1744 2965 2530 3004 ist – der sich herausnehmen würde, sein Konto
1744 3002 2521 3045 zu kontrollieren, würde von der Plantage vertrie¬
1744 3040 2530 3082 ben oder unter irgend einem Vorwand von der
1744 3077 2530 3120 Polizei gefasst, wenn man ihn nicht einfach
1744 3118 2528 3159 lyncht. Dieses System, das 'Sharecropping', ist
1744 3148 2530 3201 der Ersatz, den die Herrenschicht der angelsächsi¬
1744 3191 2518 3240 schen Aristokraten für die Einrichtung der Skla¬
1744 3228 2524 3290 verei gefunden hat, nach der Niederlage im Bür¬
1742 3257 1912 3318 gerkrieg."\:p\ [space]
1778 3286 2526 3369 \p\Die Angehörigen dieser Herrenschicht – sie
1746 3337 2526 3407 sind wohl der im europäischen Sinne kultivierte¬
1744 3393 2521 3426 ste Teil der amerikanischen Nation – versichern,
1744 3424 2530 3468 diese Niederlage vor siebzig Jahren sei der Ruin
1744 3461 2524 3505 des Südens gewesen. In Wirklichkeit wurden ei¬
1744 3500 2521 3544 zelne Familien ruiniert, aber die Grundlage der
1744 3539 2524 3578 Blüte und später der Verarmung der Südstaaten,
1744 3577 2521 3618 das Plantagensystem, hat den Krieg überdauert:
1744 3616 2530 3655 dank der europäischen Baumwollmärkte und
1744 3641 2524 3692 dank der weissen und schwarzen Sharecropper,
1742 3687 2519 3740 die den Sklaven ersetzten. Es ist für uns nicht
1744 3721 2521 3764 leicht, sich die Macht und Vielseitigkeit dieses
1749 3762 2521 3810 "Systems" vorzustellen: die Baumwolle und damit
1744 3800 2526 3847 die Plantage, waren das ökonomische Lebensele¬
1744 3839 2524 3884 ment, das soziale Gesetz, die Basis des Rechts,
1744 3873 2521 3918 der gesellschaftlichen Einrichtungen, der Moral
1746 3908 2521 3959 dieses einst fruchtbaren und blühenden Landes
1746 3947 2521 3990 der englischen Krone, das heute zum Sorgenkind
1744 3990 2521 4038 der amerikanischen Regierung geworden ist. Die
1744 4027 2516 4070 Plantage ist so etwas wie ein ländlicher Fabrik¬
1742 4065 2513 4114 betrieb. Obwohl die Südsaaten also reine Agrar¬
1744 4102 2518 4145 länder waren, entwickelte sich dort kein freier
1744 4141 2516 4185 Bauernstand, sondern ein ländliches Proletariat:
1744 4180 2521 4218 die Sharecropper, Pächter, Pflücker, Taglöhner
1744 4218 2533 4262 der Plantage. "Ein-Ernte" und "Profit-Ernte"
1742 4257 2531 4304 nennt man die Baumwoll-Produktion der Plan¬
1742 4287 2533 4340 tage. Das Land lebte von der Baumwolle und
1744 4332 2533 4381 starb, als mit der grossen Krise die überseeischen
1748 4371 2533 4418 Baumwollmärkte eingebüsst wurden, der Baum¬
1746 4408 2535 4457 wollpreis unaufhaltsam fiel. Wie ein göttlicher
1744 4434 2533 4485 Fingerzeig setzte in den gleichen Jahren, 1932
1744 4480 2533 4539 und 1933, eine Seuche, der "Boll weevil" ein, der
1749 4517 2533 4563 viele Plantagen zerstörte. Eine Landstadt hat die¬
1744 4559 2533 4604 ser Seuche ein Denkmal errichtet: die verarmte,
1744 4597 2533 4638 ausgebeutete Bevölkerung hat begriffen, dass ihr
1744 4636 2533 4687 eigentlicher Unterdrücker die Baumwolle war
1746 4678 2518 4718 und dass das Ende der Plantage vielleicht den An¬
1744 4712 2332 4755 fang der Befreiung bedeuten könne.\:p\ [space]
1776 4748 2533 4804 \p\Zunächst sah die Sache anders aus. Das brot¬
1742 4792 2516 4845 lose Proletariat, die allgemeine Rückständigkeit,
1744 4838 2513 4881 das Fehlen jeder organisierten Arbeiterbewegung
1744 4876 2521 4918 und der herrschende Hass zwischen weissen und
1744 4910 2516 4952 schwarzen Proleten, lockte die Industrie ins Land.
1744 4949 2516 4990 Niedrige Löhne, keine Gewerkschaften, ein straf¬
1744 4983 2518 5030 fes und brutales Polizeisystem: die Zustände der
1744 5024 2516 5069 guten alten Zeit, als man noch im unerschlossenen
1744 5064 2524 5102 amerikanischen Kontinent Reiche erobern und
1744 5097 2518 5141 Riesenvermögen verdienen konnte, schienen sich
1744 5134 2524 5180 im Süden noch einmal zu wiederholen. Heute
1744 5170 2516 5217 herrschen in den Fabrikdörfern genau die glei¬
1744 5209 2516 5251 chen Zustände wie auf der Plantage und wie in
1744 5253 2521 5290 den wenigen alten Fabrikzentren des Südens, die
2558 1056 3332 1114 an die Beschreibungen von Dickens aus den An¬
2548 1098 3165 1161 fängen der Industrialisierung erinnern\:p\
2582 1119 3332 1178 \p\Man hat mir kaum erlaubt, eine Textilfabrik
2560 1161 3332 1221 in Georgia zu besuchen. Ich machte mich bei mei¬
2548 1212 3332 1263 nen freundlichen und kultivierten Gastgebern
2548 1241 3332 1302 mehr als verdächtig, als ich den Wunsch äusserte,
2548 1278 3334 1328 eine Spinnerei zu besichtigen. Und als ich dann
2560 1323 3332 1375 durch die niedrigen, schlecht gelüfteten, über¬
2558 1358 3332 1408 hitzten, von Baumwollfasern wie von Nebel er¬
2548 1392 3332 1442 füllten Websäle ging, flüsterten mir meine Be¬
2548 1431 3334 1489 gleiterinnen zu: "Sind es nicht hübsche, sonnige
2548 1470 3332 1523 Räume? Muss es nicht reizend sein, mit all den
2548 1513 3329 1561 bunten Stoffen zu arbeiten?" Ich sah vierzehn¬
2555 1549 3334 1596 jährige Kinder, die in elfstündiger Nachtschicht
2548 1591 3329 1637 arbeiteten. Das Bedaux-System zur "Leistungs¬
2548 1630 3332 1669 steigerung" war eingeführt. Das Gespenst der
2552 1663 3334 1712 Arbeitslosigkeit drohte. Die neue Krise meldete
2548 1700 3332 1744 sich. Ein verständiger Fabrikbesitzer erklärte
2548 1741 3324 1785 mir: "Ich muss trotzdem das Bedaux-System ein¬
2552 1776 3329 1824 führen und Arbeiter einsparen. Die Konkurrenz
2548 1809 3330 1870 zwingt mich dazu. Meine entlassenen Leute lau¬
2547 1846 3332 1904 fen zu den Gewerkschaften und stiften Streiks
2548 1887 3330 1930 gegen die Arbeitssteigerung an. Ich muss ohne¬
2552 1930 3332 1979 dies bald schliessen. Zu wenig Aufträge. Es ist
2550 1960 2912 2018 ein fataler Kreislauf."\:p\
2576 1982 3324 2048 \p\Ein amerikanischer Historiker hat es einmal
2548 2033 3330 2081 formuliert: "Die Geschichte Amerikas ist eine Ge¬
2548 2076 3332 2122 schichte ungeheurer Ausbeutung." Im Süden
2555 2116 3327 2161 wurde der Boden ausgebeutet durch den Raub¬
2552 2150 3327 2191 bau auf den Plantagen. Heute kann die Baum¬
2552 2190 3327 2236 wolle der Südstaaten nicht mehr mit der lang¬
2548 2225 3324 2273 fasrigen Baumwolle von Aegypten, Indien auch
2552 2263 3334 2304 von Arizona und Texas, konkurrieren. Erosion
2552 2295 3332 2344 und Ueberschwemmung, Folgen bedenkenloser
2552 2344 3332 2383 Abholzung zerstören das Land. Seit Generationen
2548 2378 3329 2416 hat die herrschende weisse Klasse ihre ganze po¬
2552 2416 3332 2458 litische Anstrengung darauf gerichtet, die Su¬
2552 2453 3332 2499 prematie der weissen über die schwarze Rasse
2548 2494 3332 2543 zu erhalten. Als Resultat lebt auf den zerstörten
2548 2530 3329 2570 Feldern, in den armen Fabrikorten ein degene¬
2548 2567 3329 2610 riertes Proletariat, das nun durch die Welle der
2552 2598 3332 2652 Industralisierung ein zweites Mal ausgebeutet
2555 2642 3327 2679 werden soll. Aber mit den Industrien sind die Ge¬
2552 2674 3332 2727 werkschaften auf dem Plan erschienen. Das "Co¬
2552 2725 3332 2761 mité für Industrie-Organisation" des mächtigen
2555 2757 3332 2796 Arbeiterführers John L. Lewis hat in den Gruben
2552 2796 3332 2836 und in den Textilzentren eine erfolgreiche Kam¬
2560 2830 3332 2875 pagne durchgeführt. Die Südstaaten befinden sich
2548 2871 3329 2912 im Studium eines akuten und erbitterten Kampfes.\:p\
2582 2910 3332 2956 \p\Der Anblick dieses scheinbar unaufhaltsamer
2548 2936 3332 3000 Degeneration verfallenen Landes ist nicht ganz
2536 4197 3320 4260 ohne Hoffnung. Der Arzt, der mir das Ketten¬
2538 4253 3324 4304 sträflings-Gefängnis zeigte, führte mich auch in
2538 4282 3327 4332 die landwirtschaftliche Kollektivsiedlung "Pine
2538 4321 3320 4386 Mountain Valley", ein Experiment der Regierung,
2538 4364 3327 4410 wo bankrotte und brotlose Sharecropper als
2538 4396 3324 4447 selbstständige Bauern das Land ehemaliger Plan¬
2538 4452 3327 4490 tagen bebauen, mit Getreide, Mais, Kartoffeln,
2538 4478 3327 4525 Gemüsen und Früchten. Viehherden weiden auf
2538 4512 3327 4556 dem erschöpften Boden, Maultiere ziehen den
2538 4553 3327 4602 Pflug über das neue Feld, pausbäckige Kinder
2536 4588 3330 4639 gehen zur Schule, eine gesunde, verantwortliche
2538 4638 3261 4678 Generation von Staatsbürgern wächst heran.\:p\
2576 4666 3330 4718 \p\Die Schaffung eines freien Bauernstands wird
2545 4709 3320 4757 vielleicht den Süden, das Stiefkind der amerika¬
2538 4755 3014 4804 nischen Nation, rehabilitieren.\:p\
2796 4786 3318 4831 Annemarie Clark-Schwarzenbach.
2606 4828 3276 4915 Aufnahmen: Resettlement Adm. Washington
302 3544 1115 3583 \f\Amerikanische Landschaft\:f\
175 4140 1261 4197 \fp\Eine Generation von Einwanderern, sorglos gemacht durch den unend¬
151 4182 1258 4226 lichen Reichtum, den das Neuland Amerika bot, hat hier, im Flussgebiet
151 4221 1266 4253 des Missouri, die Wälder abgeholzt, ohne an die Folgen zu denken: und
148 4236 1261 4277 heute zerstört Erosion e[sic]urch Wasser, das keinen Widerstand mehr findet,
148 4265 1263 4304 den fruchtbaren Boden, – und die heutige Generation, die Farmer Amerikas,
151 4292 1251 4344 haben die katastrophalen Folgen der Misswirtschaft ihrer Väter zu tragen.\:fp\
1128 1705 1633 1783 \f\Junger Bauer verkauf Eis\:f\
1088 2543 2407 2606 \fp\Die amerikanischen Farmer, – einst die Pioniere und die Elite des Landes, die mutig
1068 2596 2409 2632 neue Gegenden erschlossen, sich unter hartem Existenzkampf ansiedelten, wo es Weide-
1064 2621 2419 2654 oder Ackerland gab, sind heute Sorgenkinder der Regierung Roosevelts. Ueberschwemmun¬
1071 2650 2422 2683 gen und Dürre vertreiben sie von ihren Farmen; der durch allzu sorglosen Anbau erschöpfte
1057 2681 2419 2701 Boden ernährt seinen Mann nicht mehr. Und während einige Gegenden – zum Beispiel das
1062 2703 2422 2732 reiche, von pfälzischen Bauern gut bewirtschaftete Pennsylvanien – noch immer ein Para¬
1059 2723 2422 2764 dies für den Landwirt sind, brauchen selbst tüchtige Farmer im Süden und Mittelwesten
1062 2757 2412 2783 die Unterstützung der Regierung, oder müssen sich auf alle Arten "Nebenverdienste" schaf¬
1062 2781 2422 2837 fen. Der junge Farmer auf dieserPhoto hat einen solchen gefunden: er verkauft Eis.\:fp\
2690 3049 3158 3090 \f\Frau mit Kind\:f\
2611 3980 3276 4022 \fp\Reiches Amerika – und wieviel arme Ameri¬
2599 4012 3278 4048 kaner! Das Gesicht dieser amerikanischen
2594 4043 3276 4073 Mutter zeugt von Arbeit und Not, – sie ist die
2599 4066 3288 4104 Frau eines Baumwollpflückers aus Arkansas
2603 4095 3284 4121 – und gehört zu jenen "Armen Weissen", wel¬
2596 4122 3279 4146 che die Schicksalsgenossen – und oft die er¬
2596 4143 3276 4187 bitterten Konkurrenten der Nigroarbeiter sind.\:fp\
