3756 5669
1069 1866 1548 1942 Die Amtseinsetzung
1009 1936 1673 1990 \p\Der nachstehende Aufsatz unserer Mitarbeiterin
973 1970 1675 2013 Annemarie Clark-Schwarzenbach hat fast einen
980 2005 1715 2063 Monat für die Reise von Amerika nach Frauenfeld
980 2043 1669 2077 gebraucht. An solche Verzögerungen in der Postzu¬
980 2071 1679 2109 stellung aus den Vereinigten Staaten muß man
973 2096 1660 2150 sich leider gewöhnen.\:p\ Die Redaktion.
1084 2139 1654 2196 A. C.-Sch. \g\Washington\:g\, im Januar
973 2190 1678 2231 \p\Für den 20. Januar, den "inauguration day" von
929 2211 1678 2265 Franklin \g\Roosevelts dritter Amtsperiode\:g\
926 2260 1681 2302 als Präsident der Vereinigten Staaten, sagte Herr
926 2292 1678 2331 Charles Mitchell, Senior der Wetterpropheten in
935 2321 1681 2361 Washington, kaltes, klares Wetter voraus. Er riet den
938 2359 1684 2396 Zuschauern, wollene Decken mitzunehmen, die sie den
926 2393 1678 2431 ganzen Tag über würden brauchen können, versicherte,
926 2426 1685 2460 daß für Redner, Musikanten und das Schwingen von
928 2461 1684 2504 Fahnen ein günstiger Wind wehen werde, und schloß
927 2493 1678 2529 mit den Worten: "Präsident Roosevelt wird morgen
929 2522 1681 2569 sagen können, der Himmel sei ihm bei allen drei Amts¬
932 2562 1538 2610 einsetzungen ungewöhnlich gnädig gewesen."\:p\
977 2594 1678 2645 \p\Auf das Wetter bezogen mußte diese Feststellung
927 2632 1684 2675 überraschend wirken und legte entschieden besseres
929 2674 1678 2715 Zeugnis für Mr. Mitchells Fähigkeit ab, die Zukunft
928 2708 1682 2744 zu prophezeien als für die, sich der Vergangenheit zu
928 2744 1682 2776 erinnern. Denn die Amtseinsetzung Roosevelts am
929 2773 1675 2809 4. März 1933 hatte bei nassem Schneefall stattgefunden,
928 2805 1682 2842 der die Stimmung des inmitten einer Börsenkata¬
928 2839 1687 2873 strophe und schweren nationalen Krise in Washington
928 2873 1684 2908 zusammengeströmten Publikums noch verdüsterte. Und
928 2905 1684 2943 der kalte, stundenlang andauernde Platzregen der zwei¬
929 2939 1675 2979 ten Amtseinsetzung, am 20. Januar 1937, war noch
929 2973 1669 3003 quasi in frischer Erinnerung. Aber für diesen Montag,
929 3000 1718 3058 den 20. Januar 1941, hatte der Wettermann recht be¬
929 3035 1044 3085 halten.\:p\
977 3069 1684 3121 \p\Es war in der Tat ein unbarmherzig kalter Tag.
929 3104 1684 3148 Als ein Senator sich von außerhalb des Gebäudes
930 3146 1672 3181 Kaffee bringen ließ, glitt dem Diener der Wachspapier¬
930 3176 1681 3215 becher aus der Hand, und das Getränk zersplitterte auf
930 3214 1719 3244 dem Fußboden; es war steinhart gefroren gewesen.
930 3248 1684 3291 Die Sonne verströmte machtlos auf den gelben, ver¬
930 3280 1681 3318 eisten Rasenflächen, und ein schneidender Wind fegte
930 3308 1719 3352 über die Landstraßen, auf denen immer noch Kolonnen
930 3351 1672 3385 von Wagen und Autobussen der Hauptstadt zurollten.
931 3379 1690 3417 Die Zahl von etwa 400 000 auswärtigen Besuchern
931 3415 1678 3450 brach alle Rekorde, und die Zuschauermenge in Wa¬
931 3443 1720 3492 shington wurde auf dreiviertel Millionen geschätzt. Un¬
932 3487 1684 3522 geachtet der Kälte bestand der Präsident darauf, im
931 3510 1680 3559 offenen Wagen vom Weißen Haus zum Capitol zu
931 3546 1690 3586 fahren und auch den Eid nicht etwa, wie von der
931 3581 1720 3623 Sicherheitsbehörde vorgeschlagen, in einer kugelsicheren
932 3616 1681 3652 Loge abzulegen, sondern frei auf den Stufen des Capi¬
932 3647 1684 3691 tols stehend wie vor ihm alle Präsidenten seit Monroe.\:p\
977 3692 1687 3740 \p\Neu und einmalig in der Geschichte der Vereinigten
932 3729 1691 3766 Staaten war bekanntlich die Tatsache einer dritten
932 3761 1684 3803 Wahl und der dritten Vereidigung eines Präsidenten
932 3797 1687 3838 für eine dritte Amtsperiode von vier Jahren. Aber
933 3827 1682 3872 der sensationelle Charakter dieses Ereignisses trat nicht
932 3861 1690 3903 hervor, und das viel mißbrauchte Argument heftiger
933 3897 1722 3931 Wahlreden: Die neuerliche Wiederwahl Roosevelts
933 3930 1723 3971 führe die Vereinigten Staaten auf den Weg der Dikta¬
933 3964 1687 4008 tur, wurde in dieser ernsten Stunde nicht mehr laut.
935 3996 1687 4035 In Washington und im Echo des ganzen Landes war
934 4026 1688 4067 das Gefühl vorherrschend, daß die Ausnahme des
933 4065 1681 4105 "Third term" keine Gefährdung der amerikanischen De¬
934 4098 1681 4137 mokratie durch ihren eigenen, von der großen Mehr¬
934 4125 1684 4170 heit des Volkes gewählten Regierungschef bedeute,
935 4164 1687 4207 sondern nur bedingt sei durch den Ausnahmezustand
935 4198 1722 4237 einer in Krieg verwickelten Welt und durch die er¬
934 4234 1630 4274 probten staatsmännischen Fähigkeiten Roosevelts.\:p\
980 4267 1687 4320 \p\Die Zeremonien waren nicht etwa besonders festlich,
935 4309 1687 4351 sondern im Gegenteil auf das Notwendigste beschränkt.
935 4347 1690 4387 Wohl waren am Tage zuvor in Washington auf un¬
935 4381 1687 4419 zähligen offiziellen und halboffizielle Tee-Einladun¬
935 4415 1687 4452 gen enorme Mangen von Tee verbraucht worden; aber
935 4434 1724 4483 am "inauguration day" selbst fand der traditionelle
936 4484 1685 4527 Monstre-Ball nicht statt, und der Tag begann mit
936 4520 1685 4555 einem Gottesdienst, dem Roosevelt und Mitglieder sei¬
936 4552 1690 4586 ner Familie beiwohnten, während das amerikanische
936 4580 1687 4619 Volk auf dem ganzen riesigen Kontinent aufgefordert
936 4619 1690 4663 wurde, fünf Minuten mit seinem Präsidenten zu beten.\:p\
977 4661 1678 4707 \p\Um 11 Uhr 55 wurde der frühere Landwirtschafts¬
937 4696 1691 4739 sekretär Wallace von seinem abtretenden Vorgänger
937 4731 1684 4770 auf sein neues Amt als Vizepräsident vereidigt. Um
937 4765 1724 4802 12 Uhr schwor der Präsident, die Verfassung der Ver¬
936 4800 1690 4840 einigten Staaten zu erhalten, zu schützen und zu ver¬
937 4839 1696 4873 teidigen. Die Inaugurationsrede des Präsidenten
937 4864 1724 4908 dauerte nur zwölf Minuten. Man hörte die vertraute,
1709 615 2448 657 warme, langsam und deutlich akzentuierende Stimme,
1709 655 2463 692 hörte ein Bekenntnis zu den Grundsätzen der Demo¬
1711 686 2463 720 kratie, der Menschenwürde und der Freiheit und einen
1709 717 2448 757 Appell, für diese Grundsätze unter allen Umständen
1711 753 2445 786 einzutreten. Die Rede sowie das ganze Tagespro¬
1717 785 2446 824 gramm wurde durch 525 Sender verbreitet und gleich¬
1716 828 2451 863 zeitig, ins Spanische, Portugiesische, Italienische, Fran¬
1717 855 2454 896 zösische und Deutsche übersetzt, von Kurzwellenstationen
1709 889 1929 936 wiedergegeben.\:p\
1759 926 2458 970 \p\Am Nachmittag fand eine militärische Parade statt,
1711 962 2455 1008 die vom Stabschef der Armee, General George C.
1714 1005 2448 1042 Marshall, kommandiert und von 300 Flugzeugen es¬
1714 1032 2463 1073 kortiert wurde. Zwischen 9 und 10 Uhr abends sprachen
1714 1069 2463 1104 im Radio prominente Zeugen über "Eine einzige
1717 1105 2461 1147 und unteilbare Nation"; unter den Rednern befanden
1709 1135 2395 1183 sich Ignac Jan Paderewski und Albert Einstein.\:p\
1756 1174 2463 1216 \p\Die würdige Einfachheit, die den Tag seiner dritten
1717 1217 2451 1257 Vereidigung kennzeichnete, war auf Roosevelts per¬
1714 1242 2463 1290 sönlichen Wunsch zurückzuführen. Seine Einstellung
1711 1280 2448 1320 dazu drückte sich in einem bei halboffizieller Gelegen¬
1716 1310 2461 1359 heit gesprochenen Satz aus: "Wir müssen es tief zu
1720 1345 2457 1385 schätzen wissen, daß wir freie Wahlen in einem freien
1713 1385 2454 1427 Land abhalten können." In einem am gleichen Tag
1717 1415 2463 1447 erschienenen Artikel "The President of the United
1720 1447 2460 1489 States" kommentierte die berühmte Journalistin Doro¬
1709 1481 2460 1517 thy Thompson die Bedeutung des Ereignisses für
1713 1509 2463 1548 Amerika und für die Welt mit den schlichten Worten:
1714 1545 2458 1583 "Der Präsident der Vereinigten Staaten wird ein¬
1709 1581 2454 1623 gesetzt in einer Welt, wo die Tyrannei jung ist und
1714 1615 2454 1651 die Demokratie alt ... Seine Vollmachten in seiner
1714 1644 2454 1690 dritten Amtsperiode sind nicht verschieden von denen
1713 1672 2458 1730 in der ersten oder zweiten; aber seine Verantwortung
1720 1710 1869 1763 ist größer."\:p\
