3942 5669
294 636 846 727 Die Wiederentdeckung
446 710 690 783 Amerikas
306 769 856 839 Von Dr. Annemarie Clark-Schwarzenbach
331 840 807 912 IV. Das Werk im Tennessee-Tal
228 903 942 952 \p\Charlotteville im Staat Virginia ist eine reizende
193 933 950 986 Universitätsstadt. Der humanistische Staatsmann und
188 977 950 1016 Gelehrte Thomas Jefferson hat hier vor 150 Jahren
191 1011 939 1057 die "Universität von Virginia" gegründet. Sie besteht
188 1045 944 1084 aus grünen Rasenplätzen, niedrigen, langgestreckten
184 1076 945 1123 Gebäuden aus rotem Backstein mit weißen Säulen¬
179 1121 949 1155 gallerien, einer zierlichen Bibliothek, gekrönt von einer
184 1148 952 1189 Kuppel, in deren Wölbung die großen Namen der
188 1177 947 1224 Menschheit eingegraben sind: Plato und Voltaire,
181 1218 945 1262 Rousseau, Shakespeare, Goethe. Draußen blühte der
193 1248 944 1289 Herbst in feurigen Farben, und die Abendsonne lag
188 1284 947 1319 auf den klassizistischen Säulen. Frieden ruhte über der
184 1317 945 1351 Universität und über der kleinen Stadt, die das "Tor
184 1348 952 1392 des Südens" heißt, und die nichts gemein hat mit der
179 1387 945 1422 finsteren Größe, dem unmenschlichen Getriebe, der
181 1414 942 1454 vollendeten und unheimlichen Ueberstadt New York,
184 1451 944 1488 der ich soeben erst entflohen war. Jetzt lagen vor mir
181 1483 950 1527 die weißen Landstraßen, die Baumwollfelder, die röt¬
179 1520 610 1574 lichen Felder des Südens ...\:p\
216 1556 939 1613 \p\Einen Tag lang fuhr ich am nächsten Tag auf der
179 1612 940 1647 weißen Landstraße. Am Abend hatte ich \g\Knoxville\:g\
184 1642 939 1681 im Staat Tennessee erreicht. Der Fluß Tennessee ist
184 1679 939 1718 der größte Nebenfluß des Ohio, der wiederum der be¬
176 1713 954 1759 deutendste Zustrom des Mississippi ist. Hier ist die
184 1742 939 1786 Heimat von "Onkel Toms Hütte", "Vom Winde ver¬
176 1782 939 1820 weht" und der ungezählten Legenden der Plantagen,
176 1820 939 1860 der Neger, der weißen Baumwollblüten, der Fluß¬
176 1852 939 1889 dampfer, der Dämme, die gegen die Fluten des "Vater
179 1884 935 1930 Strom" und "Old man river" gebaut worden sind.
188 1918 940 1955 Es ist ein romantisches Land, in dem es Dschungel
179 1955 950 2001 gibt und verträumte Hafenstädte, süß-wilde Negerstim¬
176 1984 939 2029 men, Lynchmorde und eine eigene, ländlich-aristokra¬
178 2021 950 2065 tische Kultur, die man "Antibellum" nennt. In den
179 2055 950 2099 Cumberland-Bergen spielen die Bauern noch ihre
172 2092 950 2126 alten Lieder auf ihren alten Fiedeln und tanzen
169 2127 930 2161 vergessene Tänze aus Schottland und Irland: bäuer¬
169 2149 930 2198 lich-unbeholfene Quadrillen, von denen man in der
172 2197 950 2229 alten Heimat nichts mehr weiß. Aber in Tennessee
179 2219 930 2266 gibt es auch Holzfäller, sogenannte "Lumberjacks",
169 2264 933 2302 welche einst von Holzspekulanten in die Wälder trans¬
169 2295 950 2330 portiert und in Baracken untergebracht worden waren.
179 2330 933 2368 Jetzt sind die Wälder kahl geschlagen, die Hügel vom
169 2356 933 2403 Schmelzwasser im Frühling zerrissen; in den Tälern
172 2400 933 2432 aber gibt es Ueberschwemmungen, und damit zogen
169 2428 933 2471 Armut und Hunger im Staate Tennessee ein, und
172 2464 933 2508 die Fiedeln, die zum Tanz aufspielen, klingen nicht
169 2498 933 2542 mehr so fröhlich wie ehemals, als sie noch begleitet
172 2538 950 2576 wurden von den Axtschlägen im jungen Wald, von
169 2562 937 2614 den dumpfen Hammerschlägen in den Kohlenberg¬
169 2604 937 2645 werken, vom Getrappel der Maultiere vor dem Pflug,
172 2640 933 2684 vom Jauchzen der Farmer, die ihre Felder bestellte.\:p\
213 2672 933 2729 \p\In Knoxville gibt es noch ein paar alte Webe¬
179 2723 950 2768 reien: Trikotwäsche aus Baumwolle wird hergestellt,
179 2768 935 2799 und Baumwolle gibt es genug; denn der Absatz auf
181 2792 935 2834 den europäischen Märkten fehlt seit der großen Krise.
188 2828 950 2868 Aber die Preise für die Rohbaumwolle sind so nied¬
181 2861 950 2909 rig, daß der Anbau sich nicht mehr lohnt. Die Plan¬
174 2892 935 2936 tagen verkommen, die Felder liegen brach, und die
184 2927 935 2970 Pächter hungern in ihren Hütten. Niemand konnte
179 2966 927 3007 mehr die Ware aus den Trikotagefabriken von Knox¬
181 2998 950 3041 vill kaufen. Da beschlossen die Besitzer, zu sparen; sie
176 3034 935 3074 entließen viele Arbeiter und kürzten den Lohn derer,
179 3071 933 3113 die übrig blieben. Man mußte froh sein, daß es über¬
172 3103 541 3149 haupt noch Arbeit gab.\:p\
211 3140 933 3188 \p\Knoxville ist mehr als zweihundert Jahre alt, und
172 3184 927 3223 das ist, für amerikanische Verhältnisse, ein hohes Al¬
176 3218 935 3260 ter für eine Stadt. Unten am steilen Flußufer steht
172 3254 935 3294 noch die "Taverne", ein Blockhaus mit kleinen Fen¬
176 3286 935 3326 stern und einer luftigen Veranda, die einst das erste
181 3325 933 3360 Hotel von Knoxville war und die heute von armen
172 3353 932 3399 Leuten bewohnt wird. Aber über den Fluß spannt sich
169 3387 928 3428 der Bogen aus Stahl und Beton der neuen Brücke,
172 3419 950 3474 und in seinem Schatten spielen die Kinder der Ar¬
172 3453 920 3501 beitslosen. Ich ging bei einbrechender Nacht am Fluß¬
179 3494 950 3528 ufer spazieren. Negerburschen lungerten umher; vom
172 3523 950 3568 hohen Plateau über dem steilen Flußufer, fiel der
169 3563 933 3599 Schein von Straßenlaternen in die Finsternis, und
169 3587 950 3631 die Lichtreklame eines Wolkenkratzers blitzte im regel¬
169 3627 930 3675 mäßigen Abstand von einigen Sekunden auf. Es ist ein
172 3658 950 3704 bescheidener Wolkenkratzer im Vergleich zu denen New
176 3698 952 3739 Yorks, aber mit seinen sechzehn Stockwerken hoch
179 3732 950 3771 genug für Knoxville; er beherbergt das feinste
179 3768 950 3805 Hotel der Stadt, das "Andrew Jackson". Ein am
172 3800 923 3839 Flußufer patrouillierender Polizist hielt mich an. "Es
179 3835 950 3868 ist gefährlich für eine Dame", sagte er wohl¬
172 3863 950 3906 wollend, "allein hier spazieren zu gehen; es kommen
169 3896 950 3942 Raubüberfälle vor, sogar Morde." Denn in Amerika
181 3935 861 3976 haftet der Armut etwas Verbrecherisches an.\:p\
211 3964 937 4033 \p\Also stieg ich die enge, schmutzige Gasse hinauf zum
176 4013 927 4059 Hotel "Andrew Jackson", in den hell erleuchteten Be¬
179 4059 927 4093 zirk der Wohlhabenheit. Ich ging durch die Haupt¬
169 4093 928 4133 straße der Stadt, vorbei an Geschäftsauslagen, an
179 4121 923 4158 Bars, an Automaten-Restaurants, und die Stadt
169 4147 928 4197 wollte mir noch immer nicht gefallen. Es war nichts
176 4192 923 4228 zu spüren vom lauen, herbstlichen Wind, der die
176 4219 952 4260 rotgefärbten Blätter über den Rasen der Universität
172 4262 920 4297 von Charlotteville geweht hatte. Es gab keinen roten
181 4294 927 4329 Backstein, keine weißen Säulen, keine "Antibellum¬
169 4321 950 4370 Kultur" und keine Charme des amerikanischen Sü¬
179 4358 933 4402 dens. Nur viele Neger gab es; aber sie unterschieden
181 4392 950 4431 sich in nichts von anderen Arbeitern kleiner ameri¬
176 4429 876 4481 kanischer Städte, als eben durch ihre Hautfarbe.\:p\
216 4470 950 4510 \p\Da sah ich plötzlich vor mir vier große, beleuchtete
184 4497 927 4552 Schaufenster. Hinter den Scheiben lagen Plotogra¬
176 4546 923 4583 phien und Landkarten, und darunter stand: "Tennesse
179 4578 927 4617 Valley Authority" und "Norris Damm". In Knoxville
176 4607 952 4651 sitzt der Generalstab der "Tennessee-Tal Verwaltung".
181 4647 950 4683 Hier regiert Mister Morgan, ein Freund des Präsi¬
179 4681 922 4718 denten Roosevelt, über einen Stab von Ingenieuren,
181 4711 950 4766 Elektrikern, Zeichnern, Architekten, Chemikern, Land¬
181 4750 950 4803 wirtschafts- und Forst-Experten. Ich stand lange vor
176 4779 952 4833 den Schaufenstern. Ich sah die Photographien an und
181 4815 908 4859 studierte die Pläne. "Unkontrollierte Wasserkraft"
179 4845 923 4887 stand unter Photographien, die stürzende Wasserfälle
188 4884 923 4923 zeigten, Bäche, welche die Oberfläche abgeholzter Hü¬
184 4919 935 4974 gelhänge zerfressen, überschwemmte Felder, weggeris¬
983 605 1750 656 sene Hausdächer, Scheunen, Brücken und eine graue
988 646 1750 688 Flut von Flüchtlingen, die aus den überschwemmten
991 680 1750 722 Städten, von den zerstörten oder bedrohten Farmen
984 709 1745 758 kamen, zu Fuß oder auf Maultierkarren, auf dem ge¬
991 754 1742 788 retten[sic]ten Rest ihrer Habe sitzend, untergebracht in
988 778 1747 829 provisorischen Zelten, genährt von Schwestern der
989 817 1750 862 Heilsarmee, des Roten Kreuzes und von den milden
983 847 1742 895 Gaben ihrer Mitbürger. Dann folgte eine Bilderserie
983 876 1750 925 über das Thema: "Kontrollierte Wasserkraft", und
983 912 1745 966 man sah Techniker und Ingenieure am Zeichentisch,
988 949 1742 994 sah, wie der Norris-Damm und eine Reihe von zehn
969 974 1745 1032 anderen Dämmen gebaut wurden dem Lauf des star¬
983 1016 1750 1060 ken, ungebärdigen Tennessee entlang bis zu seinem
983 1054 1745 1096 Zusammenfluß mit dem Ohio. Stauseen liegen fried¬
983 1087 1750 1128 lich hinter den gigantischen Mauern; Elektrizitäts¬
969 1123 1744 1169 werke wachsen in die Höhe, Schiffe fahren flußauf-
969 1155 1745 1199 und flußabwärts; mit der gewonnenen Stromkraft
983 1189 1750 1231 wird in Norris eine Porzellanfabrik, in Muscle
984 1224 1735 1262 Shoals eine Fabrik für Kunstdünger betrieben. Die
984 1258 1745 1306 Geologen haben hier die Porzellanerde und ebenso
984 1289 1745 1331 die zweitreichsten Phosphatlager der Vereinigten
981 1321 1750 1368 Staaten entdeckt. Elektrische Reduktionsverfahren wur¬
967 1361 1742 1407 den eingeführt, es gab Arbeit und Verdienst, und den
983 1388 1744 1441 Bauern von Tennessee lieferte man kostenlos den
983 1422 1750 1470 Kunstdünger, den sie für ihre erschöpften, von Ueber¬
983 1459 1745 1510 schwemmungen zerfressenen Feldern brauchen. Dann
969 1493 1742 1537 kamen die Terrassierungs-Maschinen, die Traktoren,
974 1522 1738 1583 die elektrischen Brutkästen, die elektrischen Mühlen,
983 1563 1742 1612 um die Melasse aus dem Zuckerrohr zu pressen. Die
974 1598 1749 1652 Forstbeamten pflanzten Wälder auf den bedrohten
979 1632 1738 1684 Abhängen; die Landwirtschaftsexperten berieten die
976 1661 1752 1716 Farmer; die Ingenieure bauten Straßen und legten
969 1698 1738 1747 Leitungen, und die Regierung, die das großartige
976 1732 1752 1777 Werk finanziert hatte, verkauft den Strom, den sie
976 1774 1735 1813 aus den großen Dämmen und aus der kontrollierten
983 1803 1752 1857 Wasserkraft des Tennessee gewinnt, an die Farmer
976 1835 1199 1891 von Tennessee.\:p\
1023 1867 1750 1928 \p\"Ein ganzes Land, so groß wie England und
977 1908 1750 1974 Schottland zusammen, wird reorganisiert", erklärte
967 1955 1738 2006 mir am nächsten Morgen ein Beamter des Werks.
979 1989 1738 2036 Im Auto fuhren wir nach Norris hinaus. Der Damm
969 2031 1737 2070 erglänzte im Sonnenlicht. Junge Burschen in der
969 2056 1750 2104 Uniform des amerikanischen Arbeitsdienstes waren
969 2100 1750 2141 beim Bau der neuen Autostraße beschäftigt oder
969 2124 1730 2170 pflanzten Fichten an den Abhängen. Norris selbst ist
969 2161 1733 2210 ein hübscher Ort, eine Art von Gartenstadt. Ursprüng¬
967 2190 1750 2247 lich hatte man die einfachen, praktisch eingerichteten
981 2227 1735 2280 Häuschen für die Arbeiter des Norris-Damms gebaut;
983 2264 1730 2307 jetzt, da der Damm vollendet ist, wohnen die Arbeiter
969 2298 1750 2341 der staatlichen Porzellanfabrik und eine Anzahl von
969 2324 1752 2383 Chemikern, Elektrikern und Forstbeamten drin. Welch
971 2361 1733 2415 ein Unterschied zu den Baracken im Schatten der
969 2400 1733 2449 Brücke von Knoxville, zu den Kindern, die dort im
967 2439 1733 2484 Gerüst der Brücke spielen, zu den jungen Arbeits¬
969 2459 1730 2515 losen am Flußufer, zu den hungernden Farmern und
971 2501 1750 2557 den Webern und Spinnern der Baumwollfabrik von
969 2537 1607 2586 Knoxville, die in elenden Baracken hausen!\:p\
1011 2564 1733 2638 \p\"Sehen Sie", erklärte der Beamte, "ich habe den
972 2609 1735 2667 Norris-Damm und das Werk im Tennessee-Tal wach¬
967 2655 1728 2697 sen sehen. Ich war der Assistent von Mister Morgan.
972 2691 1727 2731 Er ist ein Menschenfreund. Dieses Werk ist keine auf
969 2719 1735 2768 Profit bedachte Unternehmung; sie ist staatlicher Dienst
972 2757 1735 2797 am Volk. Wo Privatgesellschaften die Unternehmer
969 2792 1737 2833 sind, da folgt natürlich der Strom dem Menschen. Wo
969 2826 1737 2868 sich Menschen ansammeln, wo sie in Städten leben
967 2863 1737 2907 und Geld ausgeben, da werden Leitungen gelegt, da
969 2899 1722 2941 gibt es 'Fortschritt' und Technisierung. Hier aber folgt
969 2927 1728 2975 der Mensch dem Strom. Wir haben Wasser und Was¬
969 2959 1737 3000 serkraft. Wir haben die Dämme gebaut, um gegen
967 2997 1728 3039 die Ueberschwemmungen zu kämpfen. Als wir die
969 3030 1723 3069 Dämme gebaut hatten, gab es Stromkraft. Jetzt ver¬
972 3063 1728 3107 wenden wir den Strom; wir bauen Fabriken, wir
969 3102 1728 3140 unterstützen die Bauern, wir schaffen Arbeit und Ver¬
969 3130 1725 3176 dienst. Das ist nicht Wohltätigkeit; das ist einfache
969 3171 1730 3217 menschliche Logik. Die Technik ist da, um der Mensch¬
969 3201 1737 3257 heit zu dienen. So ist es hier; so sollte es in ganz
969 3230 1170 3282 Amerika sein."\:p\
1008 3255 1728 3326 \p\Einige Wochen später wurde in der Bundeshaupt¬
967 3310 1728 3365 stadt Washington ein sensationeller Prozeß geführt.
969 3355 1728 3396 Neunzehn private Elektrizitäts-Gesellschaften hatten
969 3386 1727 3428 die Verwaltung des Tennessee-Tal-Werks und die
969 3421 1730 3460 amerikanische Regierung angeklagt wegen unlauterer
972 3455 1723 3497 Konkurrenz. Das Werk unterbiete die Preise des elek¬
969 3487 1723 3531 trischen Stroms, hieß es, und untergrabe damit die
969 3528 1728 3563 Grundlagen der Privatwirtschaft. Das Werk sei ein
969 3553 1730 3605 staatswirtschaftliches Unternehmen, und daher müsse
969 3594 1723 3633 der Staat als Unternehmer angeklagt werden. Der
969 3626 1750 3676 Staat gewann den Prozeß. Die Einwohner von Ten¬
969 3658 1730 3700 nessee beziehen weiter billigen Strom. Das Land, vor¬
969 3693 1730 3741 her einer der ärmsten Staaten Amerikas, blüht auf.
969 3729 1723 3766 Der Tennessee-Fluß ist besiegt. Im Frühjahr werden
969 3758 1723 3803 seine wilden Fluten gesammelt in den Stauseen, die
969 3797 1750 3837 dann das Land das ganze Jahr hindurch mit elektri¬
969 3830 1750 3869 schem Strom versorgen. An anderen Flüssen werden
969 3866 1750 3900 neue Dämme gebaut, die noch größer sind als der
969 3900 1750 3949 Norris-Damm. Aber das Werk im Tennessee-Tal
967 3932 1524 3984 bleibt ein Symbol des neuen Amerika.\:p\
