4279 7247
520 4569 978 4645 Baltisches Tagebuch
507 4634 987 4700 Von \g\Annemarie Clark\:g\
411 4688 1080 4735 Suomi — Land zwischen Ost und West
339 4729 1210 4787 \p\Finnland heißt heute Suomi, — und die Handels¬
289 4787 1210 4836 hochschule in Helsinki (nicht Helsingfors!) nennt sich
291 4825 1211 4862 Kauppakorkeakoulu. Ich bin solche Klänge und Ab¬
285 4856 1211 4895 sonderlichkeiten schon aus Estland gewohnt und wun¬
284 4895 1211 4939 dere mich über nichts. Aber daß man mir an der
285 4929 1211 4963 finnisch-russischen Grenze, — es ist eine einsame Sta¬
288 4961 1210 5001 tion in den großen Wäldern, — weder schweizerisches
285 5001 1212 5032 noch estnisches Geld, weder Rubel noch irgendeine
289 5033 1210 5073 andere Währung abnehmen will und nur die guten,
289 5062 1210 5102 alten amerikanischen Dollars akzeptiert, die ich nicht
289 5100 1210 5141 besitze, — das ist, scheint mir, so antiquiert und eigen¬
284 5129 1211 5184 sinnig-konservativ, wie sonst nur noch das Festhalten
289 5170 1210 5207 an der Goldwährung, — vergeblich versuche ich, diesen
289 5202 1210 5240 Standpunkt dem freundlichen finnischen Beamten klar
289 5238 1210 5276 zu machen, der hinter einem sauberen Schalterfenster¬
291 5271 1211 5315 chen sitzt und eben nur finnisch versteht. Eindringlich
289 5305 1210 5346 und laut, so, als liege das ganze Mißverständnis an
289 5337 1210 5375 seiner Schwerhörigkeit, wiederhole ich ihm: „Ich
284 5369 1211 5411 komme aus Leningrad. Ich habe Hunger. Ich möchte
289 5411 1210 5453 für gutes, schweizerisches Geld ein bißchen von Ihren
289 5445 1153 5479 guten Finnenkronen — oder heißt es Finnenmark? –
289 5478 1210 5513 kaufen. Nur ein bißchen brauche ich, nur so viel, um
289 5514 1210 5549 in Ihrem guten, sauberen, außerordentlich sauberen
289 5548 1210 5587 Bahnhofbuffet, gleich hier nebenan, ein Butterbrot
291 5585 1211 5616 und eine Tasse Kaffee zu bezahlen.“ — „Smörgaas¬
289 5615 1210 5655 brod“ versuche ich mich noch auf schwedisch. — Der
289 5649 1210 5689 Beamte lächelt. Es nützt nichts. Er ist unbestechlich.
289 5689 1210 5730 Er gibt kein Geld her. — Und zahlt gleich darauf zwei
283 5722 1210 5770 korpulenten, mit vielen Dollarscheinen bewaffneten
283 5757 1210 5789 amerikanischen Touristinnen genug aus, um das ganze
283 5790 1210 5830 Buffet aufzukaufen. Die Damen haben außerdem
289 5825 1210 5866 unter ihrem vielseitigen Gepäck, — Handtaschen aus
283 5857 1210 5899 Krokodil- und feinstem Schweinsleder, Plaidrollen,
283 5890 1210 5932 schottisch karierte Reisekissen, — zwei Proviantkörbe
289 5927 1210 5963 gefüllt mit den appetitlichst wirkenden Paketchen. Mein
289 5963 1210 6013 Mißgeschick amüsiert sie. „Sie werden ja einfach ver¬
285 5993 1211 6031 hungern, bevor wir nach Helsingfors kommen!“ rufen
285 6028 1211 6066 sie lustig aus. Es ist zumindestens aufreizend ... aber
273 6065 1211 6102 dann sagt neben mir jemand sehr freundlich: „Wie
283 6098 1210 6132 wäre es, wenn ich Ihnen einen halben Dollar leihen
279 6130 1211 6188 würde?“ — Und gleich darauf bin ich glücklicher Be¬
283 6167 1210 6217 sitzer von finnischen Butterbroten, schlürfe meinen
1223 4546 2149 4593 finnischen Kaffee und unterhalte mich mit einer klei¬
1220 4589 2148 4629 nen amerikanischen Lehrerin über dieses schöne Land
1223 4620 2149 4662 Suomi, mit dem sie mich für den Preis von fünfzig
1231 4654 2148 4709 Cents ausgesöhnt hat, und das außer Holz ja auch
1216 4694 2148 4733 vorzügliche Produkte wie Eier, Butter, Heringe und
1223 4724 2149 4771 Schweizerkäse exportiert. — [Die finnischen Wälder und
1207 4756 2148 4801 Seen, und die Bäche voll fetter, wohlschmeckender
1207 4798 2148 4832 Krebse, die man in langen Sommernächten mit Dill
1207 4831 2148 4876 und Aquavit verzehrte, — und die Schönheit und
1207 4862 2148 4906 melancholisch-heitere Pracht dieses kurzen, vergäng¬
1207 4892 2148 4932 lichen Sommers, den man mit Volkstänzen und Ge¬
1207 4936 2148 4971 sang schwärmerisch feierte, in der hellen Stadt Hel¬
1207 4968 2148 5006 singfors und auf den Gutshöfen weit draußen in den
1207 4999 2148 5046 Wäldern, — das ist eigentlich alles, was mir als Er¬
1207 5034 2148 5079 innerung an einen ersten Aufenthalt in Suomi vor
1207 5074 2148 5118 fünf Jahren geblieben ist[Anspielung auf ihre Finnland-Reise mit KM (genauer Zeitpunkt?), die dieser weiterverarbeitetin 'Flucht in den Norden)]. Jetzt erstaunt und beein¬
1205 5099 2148 5160 druckt mich diese Landschaft von eintönigem Reiz und
1207 5146 2113 5181 ihrem Zweifarbenspiel von blauem Wasser und grü¬
1207 5170 2122 5220 nem Walddunkel nicht mehr so sehr. In Estland habe
1207 5204 2116 5250 ich mich daran gewöhnt, und die weißen Nächte beglei¬
1207 5243 2148 5297 ten mich schon seit Wochen. In Tartu und Tallinn,
1207 5271 2148 5317 und selbst schon in Riga, hat man mir gesagt, daß
1205 5311 2147 5361 Suomi-Finnland zum Viererbund der Baltischen
1207 5351 2148 5396 Staaten gehört, — wie es auch, mit Litauen, Lettland
1207 5380 2149 5430 und Estland, hundert Jahre lang zum russischen
1207 5416 2148 5457 Zarenreich gehört und sich mit ihnen nach dem Welt¬
1220 5452 2148 5505 krieg zuerst gegen den Zaren, dann gegen die Bolsche¬
1207 5488 2113 5527 wisten erhoben und selbständig gemacht hat. Die Stu¬
1207 5513 2148 5566 denten Estlands [siehe Artikel über die Studenten Estlands] gar wollen die finnischen und die
1205 5547 2148 5606 ungarischen Kollegen zu engerer Zusammengehörigkeit
1207 5594 2113 5635 erziehen, — und dies nur, weil sie verwandte, näm¬
1207 5627 2148 5669 lich für die indoeuropäischen Zungen höchst befremd¬
1207 5654 2148 5694 liche und unerlernbare Sprachen sprechen! In Hel¬
1207 5695 2148 5748 sinki erst frage ich mich: gehört Finnland wirklich
1207 5731 2148 5787 zum Baltikum? Bin ich nicht schon aus der Sphäre
1205 5762 2148 5812 dieser nationalistischen, neugebackenen und eben erst
1207 5802 2148 5845 sich konsolidierenden Kleinstaaten hinübergeraten in
1205 5837 2113 5882 das heitere, vom Weltkrieg kaum berührte, fortschritt¬
1207 5858 2148 5907 liche, prosperierende und aufgeschlossene Skandi¬
1207 5907 2148 5940 navien? Man lehrt mich den Unterschied — und
1207 5938 2149 5986 Antagonismus — zwischen Finnen und Finnländern.
1207 5972 2101 6024 Ein schwedischer Bürger Finnlands ist, heute noch –
1207 6001 2148 6053 oder mehr denn je? — beleidigt, wenn man ihn statt
1207 6044 2148 6089 als „Finnländer“ als Finnen anspricht. Die Finnen
1207 6074 2148 6109 waren bis vor knapp zwei Jahrzehnten Bauern, die
1207 6107 2148 6167 sich Samstag abends in ihren Dampfbädern mit Bir¬
1205 6142 2148 6194 kenruten peitschten und weder lesen noch schreiben
1207 6182 2148 6241 konnten. Die Finnländer hingegen waren die Offiziere
2144 4558 3086 4599 und Gutsbesitzer, — manchmal auch gleichzeitig
2144 4599 3086 4632 Fabrikherren, wenn sie klug genug waren, inmitten
2144 4628 3086 4677 ihrer Wälder eine Papiermühle oder eine Sägerei zu
2144 4669 3086 4701 errichten. In den Städten waren sie die großen Kauf¬
2144 4702 3086 4738 leute und die Eigentümer der schönen, weißen Segel¬
2144 4735 3086 4788 jachten, die neben den plumpen Booten der finnischen
2144 4771 3086 4821 Inselfischer in den Buchten von Helsingfors und Abo
2144 4807 3086 4852 lagen. Sie, die Schweden, die „Finnländer“, waren
2144 4835 3086 4878 einst vom skandinavischen Ufer herübergekommen, um
2144 4872 3085 4923 die heidnischen und zurückgebliebenen Finnen zum
2144 4911 3086 4960 Christentum zu bekehren und zu Leibeigenen zu
2144 4939 3086 4986 machen, sie haben Kultur und Wohlstand gebracht, die
2144 4978 3086 5026 Städte gegründet, die schönen Herrenhäuser gebaut.
2144 5012 3086 5053 Ihre schwedische Sprache war die alleinige Schrift¬
2144 5047 3086 5084 sprache, das Finnische hingegen nur ein unverständ¬
2144 5079 3014 5123 liches Bauernidiom. Die Schweden spielten also, –
2144 5107 3087 5161 so möchte man schließen, — in Finnland die gleiche
2154 5147 3086 5197 Rolle wie die deutschen Ordensritter, Barone und
2162 5182 3086 5223 Hansekaufleute in Estland und Lettland. Aber dann,
2195 5220 3087 5267 während ich in einem exklusiv schwedischen Segel¬
2144 5248 3086 5308 klub zum Lunch eingeladen bin und mir zwischen
2144 5289 3086 5338 Smörgaasbrod, geräuchertem Fisch und Kaviar diese
2144 5311 3086 5361 beleibten und fröhlichen Finnländer anhöre, die sich
2144 5358 3086 5406 ohne viel Bitterkeit über den wachsenden Nationalis¬
2144 5388 3086 5432 mus und die Ueberheblichkeit der Finnen beklagen,
2143 5424 3086 5466 welche die Schweden aus ihren angestammten Stel¬
2144 5464 3086 5511 lungen verdrängen, die schwedische Sprache unter¬
2156 5493 3086 5547 drücken und überhaupt so frech geworden sind, daß
2144 5526 3086 5567 schlaue Leute ihre guten adligen oder bürgerlichen
2144 5568 3086 5616 Schwedennamen in gräßlich klingende finnische „über¬
2154 5600 3086 5642 setzen“, — während ich mir dies alles anhöre, er¬
2144 5633 3086 5673 innere ich mich an greise, verarmte baltische Barone
2144 5670 3086 5702 und Stiftfräuleins, denen ich etwa in Reval begegnet
2143 5696 3086 5757 bin, — erinnere mich an den tiefen Haß der Letten
2144 5734 3086 5777 gegen ihre einstigen Unterdrücker. Der Unterschied ist
2143 5773 3086 5830 deutlich, die historische Parallele nur bedingt gültig.
2144 5804 3086 5848 Die Schweden werden von den Finnen nicht gehaßt,
2183 5841 3086 5884 – sie werden nur sachte, aber entschlossen beiseite ge¬
2144 5870 3086 5906 drängt. Selbst die Agrarreform, diese erste und öko¬
2144 5905 3086 5959 nomisch grundlegende Folge der nationalen Revolu¬
2144 5945 3053 5985 tionen im Baltikum, hat in Finnland mit seiner
2156 5972 3086 6013 Landreserven, seinem wohlgeordneten und dem selb¬
2144 6018 3086 6057 ständigen Bauerntum schon ähnlichen Pächtersystem,
2144 6052 3086 6095 nicht zur Aufteilung des gesamten Grundbesitzes und
2143 6081 3086 6130 also nicht zur völligen Verarmung der bisherigen
2144 6121 3086 6168 Schicht von Großgrundbesitzern führen müssen. Die
2144 6147 3086 6207 reichsten Grundherren Suomis sind immer noch
2144 6186 3086 6238 Schweden, und schwedisches Kapital beherrscht noch
3081 4561 3997 4614 immer den größeren Teil der finnischen Industrie.
3082 4601 3997 4639 Während man aber drüben in den baltischen Nachbar¬
3082 4634 3998 4682 staaten aus Angst vor dem Kommunismus ebenso wie
3082 4674 3999 4713 vor der „bolschewistischen Gefahr“ die Linksparteien
3082 4710 3997 4748 unterdrückt, den jungen Parlamentarismus zugunsten
3082 4743 4005 4782 einer nationalistischen „Ein-Partei“-Diktatur vernichtet
3082 4780 3997 4816 oder doch suspendiert hat, war in Finnland ein so¬
3081 4810 3993 4862 lider Bauern- und Bürgerstand vorhanden, der nach
3082 4843 3997 4880 Freiheit, Selbständigkeit und Fortschritt strebend,
3082 4880 3993 4918 solche nationalistische Auswüchse wie die Lapo-Be¬
3082 4911 3997 4959 wegung bald überwand und nun eine zwar starke
3081 4958 3993 4998 national orientierte, aber doch durchaus demokratische
3082 4987 4005 5034 und sozial fortschrittliche Entwicklung verbürgt. In
3082 5017 3939 5065 Suomi regiert eine sozialdemokratische Mehrheit, –
3082 5057 3999 5094 wie in Schweden, wo man deshalb noch nicht einmal
3086 5085 3997 5126 die Monarchie zu beseitigen brauchte! Und aus
3082 5122 3993 5164 Schweden holt man sich auch die Fachleute, um etwa
3082 5159 3993 5203 die gewerkschaftliche Organisation der Arbeiterschaft
3082 5189 3999 5234 durchzuführen. Die exklusive Minorität der Finn¬
3081 5229 3997 5268 länder aber mag sich damit trösten, daß sie auch drü¬
3082 5256 3997 5301 ben im Mutterland die Vorzugsstellung nicht mehr
3081 5296 3993 5343 einnehmen würde, die man ihr in Suomi heute ge¬
3082 5336 3997 5372 nommen hat, — und sie tröstet sich auch: man unter¬
3082 5357 3998 5407 hält rege Beziehungen zu den Königlichen Segelklubs,
3082 5405 3993 5440 veranstaltet gemeinsame Regatten und Festessen und
3082 5431 3997 5478 schickt die jungen Leute an die schwedischen Universi¬
3082 5472 3999 5525 täten, damit sie neben der finnischen Sprache, die sie
3082 5500 3944 5560 ja lernen müssen, die schwedische nicht vergessen! –
3082 5545 3997 5581 Tröstlich ist es auch, daß jetzt, im Juni, der
3081 5579 3993 5625 Geburtstag des alten Generals Mannerheim mit soviel
3082 5613 3999 5649 Jubel gefeiert wird, — des „Befreiers“, der die ein¬
3082 5646 3990 5693 dringenden Bolschewisten besiegt hat, — und daß die¬
3082 5679 3998 5729 ser, von Deutschland mit einem besonderen Orden
3081 5713 3997 5761 ausgezeichnete General auch bei den Finnen den Ruf
3082 5749 3980 5794 eines Nationalhelden genießt! Und schließlich erzählte
3082 5781 3997 5825 mir ein alter Schwede, — es war schon spät und man
3082 5812 3994 5859 hatte ziemlich viel Krebse verzehrt und Aquavit dazu
3082 5857 3992 5902 getrunken, — daß man ja auch mit den russischen Nach¬
3081 5890 3997 5936 barn gute Geschäfte machen könne, selbst als Finn¬
3081 5919 3768 5969 länder. — ganz wie vor dem Weltkrieg!\:p\
3127 5956 3994 6001 \p\Gehört nun eigentlich Suomi zum Baltikum oder
3081 6001 3997 6034 zu Skandinavien, fragte ich mich vergeblich, — denn
3082 6023 3998 6073 die baltischen Staaten reklamieren es heftig für sich,
3082 6065 3998 6106 aber nicht nur die Finnländer winken verächtlich ab,
3082 6096 3997 6138 auch die finnischen Sozialdemokraten orientieren sich,
3082 6125 3997 6175 darüber besteht kein Zweifel, mehr nach dem Vorbild
3082 6160 3993 6206 Schwedens als etwa nach den kleinen Ländern im
3081 6197 3997 6250 Osten, deren autarkische Tendenzen ja auch nicht allzu\fml\\:p\
250 4586 1182 4630 \p\\fml\viel Hoffnung auf eine fruchtbare Zusammenarbeit
258 4624 1158 4662 geben, — eher werden sie eines Tages, mit ihren
250 4659 1182 4695 Holz, ihren Eiern, ihren zukünftigen Industrien, zu
256 4690 1182 4729 Konkurrenten werden. Am stärksten verbindet wohl
258 4722 1182 4764 die gemeinsame Furcht vor dem großen Nachbarn
249 4762 1161 4801 Rußland, — die Erinnerung an die Zarenzeit, an die
252 4794 1137 4828 nationale Befreiung. Also „Waffenbrüderschaft“, –
256 4828 1182 4870 aber die Finnen sind ein sehr ziviles Volk, auch darin
258 4863 1182 4901 gleichen sie den Schweden. Und fast möchte man sie,
256 4899 1182 4939 auch wenn es nicht genau den Tatsachen entspricht,
252 4935 1182 4978 jenen glücklichen europäischen Nationen zurechnen, die
258 4969 1159 5007 von Weltkrieg, Nachkriegszeit und Krise kaum berühr¬
262 5003 1182 5043 wurden und geeignet sind, uns permanenten Pessi¬
258 5037 1182 5079 misten eine andere, zu wenig beachtete „europäische
256 5072 677 5130 Möglichkeit“ aufzuzeigen!\:p\
