3906 5669
801 982 1909 1126 Wiedersehen mit Portugal
184 1126 943 1173 \p\— Es ist Portugals schönste Jahreszeit, — und
148 1171 943 1211 der Zufall meiner Reisen will es, dass ich in die¬
145 1207 945 1250 ses Land immer im Frühling gekommen bin, im
151 1249 943 1286 Februar, im März, im April und Mai, und dass ich
148 1280 945 1333 weder die grauen Tage seines Winters, noch die
145 1319 945 1367 heisse Sommerzeit kenne, wenn die Wiesen und
141 1359 943 1394 Fichten dürr und verbrannt, und die Gärten dur¬
141 1398 943 1456 stig sein sollen. Aber selbst dann, sagt man mir,
145 1435 945 1483 selbst in langen Winterwochen, bricht die Sonne
141 1475 943 1519 oft aus den Wolken, spiegelt sich auf der Silber¬
145 1510 945 1555 fläche des Tajo, und wirft sich, eine milde Flut,
145 1553 943 1591 über Hügel und Täler, — und selbst im tiefsten
141 1583 652 1637 Sommer sind die Meerwinde
145 1628 641 1675 frisch, und am Abend streicht
141 1660 631 1714 die Kühle belebend durch die
145 1699 634 1754 Gärten, Strassen und Felder.
159 1740 638 1796 — Der Zufall, oder meine Träg¬
141 1785 641 1825 heit, wollen es auch, dass ich
141 1820 644 1856 von Portugal nur einen kleinen
151 1852 640 1902 Teil kenne, — Lissabon, seine
141 1892 644 1934 Kapitale, die alle Reize und
145 1932 634 1975 Traditionen der europäischen
141 1964 671 2017 Städte in sich vereinigt, — die
141 2003 645 2053 Gärten und Burgen von Sintra,
145 2039 633 2083 die einem arabischen Traum
141 2077 634 2127 gleichen, — die herben Hügel
141 2109 634 2162 und Fichten über den eleganten
145 2153 644 2202 Anlagen von Estoril, — Felsen
141 2192 644 2233 und Forts an der Küste des
151 2231 645 2271 Tajo und seinen breit und heiter
145 2265 648 2315 dem Meer entgegenziehenden
145 2294 645 2344 Lauf, — und endlich im Land¬
141 2332 651 2379 inneren die weissen Dörfer und
135 2377 641 2420 alten Kapellen, die seigneuralen
135 2405 943 2466 Landhäuser der «Quintas», deren alte Garten¬
135 2443 943 2506 mauern Obsthaine, Gemüsebeete, Flieder und La¬
141 2489 943 2540 vendel umschliessen, die Segelmühlen auf allen
134 2518 943 2575 Anhöhen, die rötlichen Aecker, die Ochsenge¬
135 2571 943 2617 spanne vor dem Pflug, und vor den schweren, be¬
135 2597 943 2646 malten Booten der Fischer von Nazareth. — Nur
134 2649 943 2696 diesen kleinen Teil kenne ich, und mir scheint es
137 2675 924 2721 genug. Aber der Schweizer Maler Edmond Bille
135 2720 924 2760 sagte mir, als ich ihn kürzlich in seiner Quinta
135 2753 943 2801 da Fonte besuchte, — das grössere Portugal mit
135 2792 943 2838 all seinen Provinzen, von den wilden Bergen im
134 2836 943 2877 Norden bis zu den arabischen Städten, einsamen
141 2866 921 2916 Schafhirten und menschenleeren Weiten im Sü¬
148 2906 943 2959 den, — sei das schönste Land der Welt. — Wir —
141 2939 896 2982 drücken uns so aus, ohne Vergleiche zu ziehen,
135 2975 943 3021 denn auch die Schweiz ist, in unseren Herzen und
137 3006 945 3069 der Meinung vieler, das schönste Land, — und
145 3055 945 3097 auch Indien, und auch Afghanistan, and auch
145 3091 945 3135 Frankreich oder Ungarn. Einer meiner Freunde,
141 3131 943 3170 ein flämischer Matrose, liebte Island so sehr, dass
148 3159 943 3210 er es für das schönste Land der Welt erklärte:
145 3196 945 3245 und warum nicht? — Denn es gibt keine häss¬
148 3243 943 3279 lichen Landschaften, — ihre Kargheit mag ihre
145 3275 946 3322 Schönheit sein wie ihr Ueberfluss, ihre Lieblich¬
140 3314 943 3362 keit wie ihre einsame Grösse, und die Milde oder
145 3359 525 3406 die Gewalt ihrer Sonne.\:p\
171 3392 943 3443 \p\Aber es gibt Schönheiten, die uns vertrauter
956 1123 1750 1178 sind, und uns mehr ergreifen als andere. Ich habe
956 1171 1750 1227 es in der Fremde gelernt: so, wie fremde Nahrung
956 1217 1750 1256 uns verändert, und fremde Sitten, Kleider und
956 1250 1750 1286 Sprachen, — so sind wir, in sehr fremden Land¬
956 1280 1750 1337 schaften, nicht mehr ganz wir selber. Wir müssen
956 1326 1750 1365 uns, um uns wiederzufinden, an etwas Verwand¬
956 1363 1731 1421 tes und Vertrautes erinnern, so wie man in einen
956 1402 1725 1441 Spiegel schaut. Wenn wir, dort draussen, plötz¬
956 1439 1750 1478 lich unsere Muttersprache hören, dann wird in
956 1474 1750 1519 uns ein Echo laut, unsere innerste Rede wird wie¬
956 1515 1750 1568 der lebendig. Und oft habe ich, wenn ich mir sel¬
956 1553 1750 1598 ber ein wenig entfremdet schien, in mir die Erin¬
956 2403 1750 2464 nerung an ein heimatliches Land wachgerufen,
956 2453 1750 2501 dessen Wiesen und Bäume, dessen Dörfer und
956 2495 1750 2540 Höfe dessen Quellen und Berge, dessen alte Ge¬
956 2533 1750 2576 mäuer, Kirchtürme, Gärten, Brunnen, dessen
956 2569 1750 2630 Feldwege und Feldsegen ein Teil meines Erb-
956 2616 1750 2663 gutes waren, ein Teil Europas. Und zu den Län¬
956 2652 1750 2702 dern, an die ich dann am liebsten dachte, gehörte
960 2688 1101 2743 Portugal.\:p\
983 2727 1750 2786 \p\Vielleicht liegt es daran, dass es ein Küstenland
956 2774 1750 2827 ist, der äusserste Rand Europas, und dass man
956 2812 1750 2859 daher nach langen Abwesenheiten hier zum ersten¬
956 2855 1718 2899 mal wieder diese europäische Küste aus den
956 2894 1750 2934 Meer aufsteigen sah, — und wie stolz und heiter
956 2932 1750 2975 und glänzend! — Vielleicht auch denkt man
956 2971 1750 3021 daran, dass Portugal, dessen Geschichte fast ein
956 3008 1718 3061 Sinnbild des Lebens der europäischen Menschheit
956 3048 1751 3091 ist, bis heute vom Weltkrieg verschont blieb, so
956 3091 1750 3137 dass man hier alles noch wiederfindet, was in un¬
956 3133 1714 3170 seren anderen Ländern bedroht, oder schon zer¬
954 3175 1721 3225 stört ist. Hier bringt der europäische Frühling
956 3207 1750 3267 noch seinen ungeteilten Segen, und die Menschen
956 3245 1750 3305 empfangen ihn. Fischerboote schaukeln auf der
956 3292 1721 3341 milden Tajofläche, die Blütenbüsche öffnen sich
954 3334 1750 3374 und die rötlichen Aecker dampfen in der frischen,
956 3365 1750 3409 von der Sonne fast jäh erwärmten Luft. Der Him¬
956 3408 1725 3446 mel ist fröhlich, voll Bläue und ziehender Wolken,
1753 1127 2528 1193 und die Leute von Stadt und Land freuen sich an
1754 1178 2524 1225 ihm und den Osterwiesen, und werden auch fröh¬
1754 1213 2532 1272 lich. Der Pflug kommt zu seinem Recht, und das
1754 1251 2530 1300 Vieh zu seinen grünen Weiden, und die Abende
1754 1289 2522 1352 sind lang und hell und schimmern wie Sammet
1754 1333 2398 1390 und der Morgen bricht strahlend an...\:p\
1783 1367 2518 1416 \p\Ja, dieser Frühling ist das von allen Dichtern
1754 1390 2522 1453 besungene Wunder, und es gibt ihn nicht überall.
1754 1438 2532 1488 In anderen Teilen der Erde hat er keinen Namen
1754 1481 2526 1530 und vergeht als Regenzeit, als heisseste Zeit des
1754 1515 2521 1568 Jahres, oder ganz unbemerkt. Und wo die Jahres¬
1754 1554 2526 1601 zeiten fehlen, und man die Herbe des Winters
2039 1598 2518 1645 nicht munter ertragen muss
2033 1633 2512 1687 um die wiederkehrende Sanft¬
2033 1678 2522 1729 heit des Frühlings und der Blü¬
2039 1711 2515 1762 ten zu erleben, da fehlt uns
2036 1751 2322 1808 Europäern etwas.\:p\
2064 1786 2525 1841 \p\Daher wohl habe ich es nie
2033 1837 2518 1890 mit solcher Freude erlebt und
2033 1874 2522 1927 Portugal mit solcher Freude
2033 1916 2525 1968 begrüsst, als in diesem Jahr:
2033 1956 2518 2003 Unser Schiff kam aus Afrika
2033 1992 2525 2044 und aus in den Krieg verwickel¬
2036 2033 2522 2077 ten Ländern. Die Reise war
2033 2070 2522 2124 lang und voller Schwierigkei¬
2036 2115 2525 2170 ten. In der lähmenden Hitze,
2036 2155 2525 2199 während das Schiff sich seinen
2036 2196 2525 2242 Weg durch ein bleiernes Meer
2033 2240 2522 2282 erkämpfte und man wusste: es
2036 2272 2525 2323 ist Krieg und wir sind nichts,
2036 2316 2525 2366 der Gewalt des Krieges preis¬
1753 2291 2524 2412 gegeben wie der des Ozeans,
2036 2385 2532 2437 und die Zukunft ist düster und
1753 2414 2528 2481 ungewiss; da zweifelte man manchmal daran, dass
1754 2471 2522 2515 man jemals irgendeinen Hafen und gar das schöne
1754 2507 2526 2553 Portugal erreichen würde. Man versuchte vergeb¬
1753 2540 2526 2590 lich, sich an Vertrautes zu erinnern, an das Auf-
1754 2582 2526 2630 tauchen der Küste, an die zum Meer sich neigen¬
1754 2619 2526 2656 den Hügel, die den Lauf des Tajo bis zur mäch¬
1754 2655 2519 2699 tigen Mündung begleiten, an die arabische Burg
1754 2693 2524 2750 des Städtchens Cascais, an die smaragdgrünen
1754 2728 2528 2778 Ufer und roten Felder, die von weitem den An¬
1754 2769 2526 2808 kommenden begrüssen und an das weiss und an¬
1754 2804 2522 2845 mutig aus der Wasserbläue aufsteigende Lissabon.
1778 2840 2522 2884 Gab es dies alles wirklich? — Bestand es noch
1754 2881 2528 2931 wie einst? — War es jemals gewesen, oder ein
1754 2913 2530 2966 Traum, — den man nie mit dem Fuss betreten,
1754 2954 2279 3013 mit den Händen berühren würde?\:p\
1786 2986 2524 3035 \p\Aber eines Morgens beim Erwachen war die
1754 3036 2519 3080 Luft blau und mild und der Horizont nicht meh
1762 3068 2522 3112 unbegrenzt: ein in der Morgensonne leuchtender
1754 3100 2522 3155 Gebirgssaum lag vor unseren geblendeten Augen
1783 3149 2525 3188 — und schon glitten wir, wie von Festjubel um¬
1757 3182 2522 3222 geben, zwischen den Ufern des Tajo aufwärts
1754 3218 2522 3265 begleitet von Segeln, Rufen. Und Lissabon grüsste
1754 3258 2526 3298 von Zinnen und Türmen und warf uns sein Spie¬
1760 3298 2518 3344 gelbild zu, und wir grüssten zurück, und zu der
1754 3334 2528 3379 aus der Dämmerung in den Frühlingstag und
1754 3370 2367 3412 hellen Himmel emportauchenden Erde.\:p\
1989 3405 2522 3449 Annemarie Clarac-Schwarzenbach
645 1970 671 1995 \f\Skizze Hafen [von Eugen Früh]\:f\
