3957 5669
329 1147 881 1226 Die Wiederentdeckung
478 1222 732 1292 Amerikas
377 1298 821 1347 Von Dr. A. Clark-Schwarzenbach
308 1353 908 1406 III. Die amerikanische Landwirtschaft
260 1408 1019 1470 \p\In den \g\Südstaaten\:g\ der \g\Vereinigten Staaten\:g\
227 1459 983 1507 gehen die einstigen Baumwollplantagen zugrunde.
226 1494 1018 1543 Die neuen Preisstürze im Herbst 1937, die einer
230 1529 1020 1586 guten Ernte unmittelbar folgten, haben gezeigt, daß
227 1575 986 1614 der Baumwollhandel in Amerika nie mehr jene
227 1610 983 1651 Stellung erringen wird, die er einst besaß. Die
227 1645 986 1689 Plantagenbesitzer, die Pächter und die Baumwoll¬
227 1687 986 1729 pflücker sind dem Ruin preisgegeben, wenn die
227 1725 983 1768 Regierung nicht eingreift. Eine unvorstellbare Not
230 1760 986 1803 sucht den Süden heim. Die amerikanische Öffent¬
224 1799 980 1847 lichkeit ist sich der Existenz dieses ernsten Problems
224 1838 980 1877 erst während der letzten vier Jahre dank der Be¬
221 1873 992 1917 mühungen Roosevelts bewußt geworden, und selbst
224 1909 983 1962 dann noch wurde es in breiten Kreisen nicht ernst
227 1950 983 1991 genommen; man bezichtigte Roosevelt geradezu,
224 1987 986 2026 daß er das Problem "erfunden" habe und jedenfalls
224 2022 983 2065 die Notlage der Farmer übertreibe, um die enormen
230 2062 986 2109 Ausgaben für sein "Landhilfeprogramm" zu recht¬
230 2101 980 2144 fertigen. Naturkatastrophen, Überschwemmungen
224 2135 986 2183 und Sandstürme waren nötig, um die Öffentlichkeit
224 2174 980 2217 für die Frage der Landwirtschaft zu interessieren.
230 2213 984 2260 Heute spielt sie in den Debatten für und gegen Roose¬
223 2255 983 2297 velt eine wichtige Rolle. Tatsächlich hat kein Ereignis
221 2290 986 2331 deutlicher für die Notwendigkeit einer gründlichen
227 2325 986 2382 Reorganisation der amerikanischen Landwirtschaft
227 2360 977 2407 gesprochen als eben jene \g\Naturkatastrophen\:g\,
224 2408 1018 2449 unter deren Folgen nicht nur die direkt betroffenen
230 2438 1019 2482 Farmer, sondern die ganze Nation zu leiden hat.
233 2474 989 2519 Man beginnt zu begreifen, daß in Wirklichkeit nicht
227 2510 986 2556 die Naturkatastrophen, sondern die schlechte, unvor¬
227 2548 983 2599 sichtige Bewirtschaftung und skrupellose Ausnützung
227 2588 983 2638 der natürlichen Reichtümer des Landes schuld sind.\:p\ [space]
263 2629 987 2693 \p\Amerikas Reichtümer schienen einmal unerschöpflich
224 2686 986 2735 und wurden während drei Jahrhunderten amerikani¬
224 2724 983 2768 scher Pioniergeschichte von Siedlern, großen Pflan¬
230 2763 984 2804 zern, kleinen Bauern, Viehzüchtern, Holz- und
221 2800 977 2845 Getreidespekulanten gleich bedenkenlos ausgenützt.
227 2834 981 2882 Die Folgen machten sich zum Teil früh bemerkbar:
221 2875 980 2916 in Virginia und Maryland, ertragreichen Tabak¬
227 2913 977 2955 gegenden, waren viele Pflanzungen schon im 17.
230 2951 986 2992 Jahrhundert durch rücksichtslosen Anbau erschöpft.
233 2988 980 3032 Anders stand es mit den Wäldern, die ursprünglich
227 3014 1018 3073 die Hälfte des heutigen amerikanischen Farmlands
230 3066 984 3107 bedeckten. Natürlich fiel es weder den Siedlern noch
227 3105 984 3148 den später auftauchenden Holzhandelsgesellschaften
224 3140 974 3186 ein, daß man den Waldbestand schonen müsse. Heute
229 3175 984 3223 schwemmt das Wasser in den kahlgeschlagenen Ge¬
221 3211 1018 3256 bieten die Erde fort, und die Überschwemmungen
227 3250 981 3291 nehmen immer häufiger ungeheure Ausmaße an. In
230 3291 986 3339 den großen Flußgebieten des Missouri, Ohio und
227 3326 986 3369 Mississippi ist bereits ein Viertel des fruchtbaren
230 3371 983 3407 Bodens weggewaschen; der dadurch entstehende
230 3401 1019 3447 Schaden wird auf 400 Millionen Dollar im Jahr
230 3444 984 3484 geschätzt. Noch größeres Aufsehen erregten die durch
227 3468 1018 3534 die lang andauernde Trockenheit verursachten Sand¬
227 3515 1018 3555 stürme in den Gebieten des Mittelwestens, dem
230 3554 993 3593 Zentrum der amerikanischen Landwirtschaft. Dort
227 3590 1018 3652 hat die Besiedelung verhältnismäßig spät eingesetzt,
227 3628 986 3673 erst nach dem Befreiungskrieg, und sie nahm ihren
227 3666 986 3712 Fortgang während des ganzen 19. Jahrhunderts.
227 3710 983 3745 Durch ein Gesetz vom Jahr 1862 wurden jeder neu¬
227 3740 989 3782 eingewanderten Siedlerfamilie 160 Morgen Land
227 3781 993 3818 frei zuerkannt. Unkenntnis der Verhältnisse und
230 3814 980 3858 mangelnde Erfahrung sind schuld daran, daß sich
227 3852 998 3900 schon damals Farmer auf unproduktivem Boden
227 3894 989 3932 niederließen, auf Boden, der auch bei sorgfältiger
233 3930 989 3970 Bewirtschaftung die Siedler nicht ernähren kann.
229 3970 984 4004 Den letzten Anstoß erhielt der "Drang nach Westen"
227 4006 986 4043 durch den Weltkrieg, als die plötzliche Nachfrage nach
227 4048 983 4100 Brotgetreide und die damit verbundene Preis¬
227 4076 992 4129 steigerung Spekulanten veranlaßte, große, regen¬
233 4121 989 4161 arme Gebiete anzukaufen, die bisher nur als Weide¬
227 4160 989 4200 land gedient hatten und auch niemals hätten zu
230 4192 989 4236 anderen Zwecken verwendet werden dürfen. An
233 4227 989 4270 Stelle der ursprünglichen festen Grasflächen dehnten
233 4267 987 4312 sich nun riesige Weizenfelder aus; als aber nach
227 4303 992 4350 Kriegsschluß die Getreidepreise sanken und der
236 4342 990 4386 Anbau sich nicht mehr in gleichem Maße lohnte,
227 4377 989 4426 wurden die Äcker zum großen Teil brach liegen
236 4420 990 4467 gelassen: Die aufgerissene Erde trocknete aus.
239 4452 986 4502 Gleichzeitig machten sich in anderen Gebieten, in
236 4495 992 4541 denen ausschließlich Viehzucht getrieben worden war,
233 4524 992 4568 die Folgen einer zu starken Beweidung bemerkbar:
236 4569 990 4616 der Graswuchs wurde immer dünner; vormals
236 4602 1018 4664 reiche Grasflächen verwandelten sich langsam in
236 4645 575 4700 sandige Halbwüsten.\:p\ [space]
281 4689 1018 4741 \p\1931 setzten im Westen die ersten Staubstürme
236 4729 991 4779 ein; im Frühjahr 1934 erreichten sie das Ausmaß
236 4769 993 4819 einer Katastrophe. Auf den brachliegenden Feldern,
242 4809 1018 4850 auf den verdorbenen Grasflächen der zu stark be¬
242 4854 1018 4890 weideten Gebiete setzte der locker gewordene Boden
242 4880 1018 4928 dem Wind keinen Widerstand mehr entgegen; die
239 4918 1018 4969 oberste, fruchtbare Erdschicht "verbrannte" während
1021 881 1786 935 der langen Trockenheit und wurde als Sand und
1024 927 1774 981 Staub in gewaltigen Stürmen aufgehoben und auf
1014 967 1778 1022 andere, noch fruchtbare und bebaute Landstrecken
1018 1008 1777 1047 übertragen. Fast über Nacht fand sich anstelle von
1027 1044 1777 1082 Gras und jungen Saaten eine tote Wüste. Die Exi¬
1024 1074 1771 1126 stenz der Farmer war mit einem Schlag vernichtet;
1024 1117 1780 1157 viele Leute starben an Lungenentzündungen, die
1024 1157 1778 1200 durch die staubgesättigte Luft verursacht wurde. Die
1029 1195 1774 1239 Zahl der von nackter Not bedrohten Farmerfamilien
1024 1234 1780 1272 wuchs erschreckend, die Unterstützung durch die
1021 1270 1780 1317 lokalen Behörden, die Hilfsaktionen des Roten
1021 1309 1775 1354 Kreuzes erwiesen sich als unzulänglich; sie reichten
1020 1345 1762 1393 bestenfalls aus, um die Leute vor dem Verhungern
1030 1386 1771 1438 zu bewahren, ohne daß man damit ihre Lage ge¬
1014 1415 1228 1467 ändert hätte.\:p\ [space]
1069 1474 1780 1515 \p\Etwa ein Zehntel des amerikanischen Farmlandes
1014 1507 1774 1557 kann heute die darauf siedelnden Bauern nicht mehr
1014 1554 1778 1595 ernähren. Schon im Jahre 1930 verfügten eine
1024 1584 1771 1620 Million Farmerfamilien über ein zu kleines Ein¬
1030 1621 1777 1660 kommen, um sich selbständig erhalten zu können; in
1021 1658 1777 1697 kurzer Zeit wurde die "Farmerhilfe" zu einem
1024 1692 1778 1737 Sorgenkind der amerikanischen Regierung. Während
1024 1733 1774 1777 der ersten vierjährigen Amtsperiode Roosevelts ist
1024 1773 1771 1819 ein Programm ausgearbeitet worden, welches jetzt
1027 1812 1781 1849 zur Durchführung gelangt und auch von vorsichtigen
1024 1849 1774 1887 Beurteilern als erfolgversprechend betrachtet wird.
1027 1885 1771 1928 Die "Behörde für Umsiedlung" begann damit, un¬
1021 1927 1775 1965 produktives oder unbrauchbar gewordenes Land
1021 1961 1780 1997 anzukaufen, und das Parlament bewilligte ihr
1021 1997 1777 2042 einen Kredit von 46 Millionen Dollar. In den
1021 2037 1780 2086 Ebenen des Mittelwestens, um ein Beispiel heraus¬
1027 2073 1777 2112 zugreifen, wurde eine Million Morgen bereits ver¬
1030 2109 1769 2153 sandeten Getreidebodens angekauft, welcher syste¬
1030 2154 1780 2187 matisch wieder mit Gras bepflanzt und so in gutes
1027 2182 1781 2240 Weideland zurückverwandelt werden soll. Ähnlich
1021 2221 1768 2266 versucht man, ehemalige Waldgebiete wieder aufzu¬
1021 2255 1775 2304 forsten, um auf diese Weise die wachsende Zerstörung
1021 2301 1777 2336 durch Wasser aufzuhalten und gleichzeitig das Land
1021 2334 1780 2382 möglichst nutzbringend zu verwenden. Die zweite
1021 2375 1771 2418 Aufgabe besteht darin, die ihrer Existenz beraubten
1014 2409 1771 2454 verarmten und bedrohten Farmer aus den heim¬
1014 2443 1780 2488 gesuchten Gebieten zu entfernen, sie auf besserem
1024 2484 1780 2525 Grund und Boden neu anzusiedeln und sie so lange
1027 2524 1771 2567 zu unterstützen, bis sie die Möglichkeit haben, sich
1027 2564 1777 2609 selbständig zu erhalten. Die Regierung kauft ge¬
1021 2603 1771 2642 eignetes Land an, baut darauf, je nach den lokalen
1027 2635 1777 2682 Bedingungen, einzelne Bauernhöfe oder größere
1030 2669 1780 2711 Siedlungen und leiht den neuangesiedelten Bauern
1027 2711 1777 2754 Geld, um Vieh, Saatkorn und landwirtschaftliche
1021 2750 1780 2791 Maschinen anzuschaffen. Die Bedingungen für die
1030 2784 1774 2828 Rückzahlung des gewährten Kredits werden dem Ein¬
1021 2822 1805 2866 kommen des Bauern angepaßt, damit er nicht
1024 2861 1778 2906 wieder in Schulden gerät. Auch muß dafür gesorgt
1024 2897 1805 2939 werden, daß die alten Fehler sich nicht wiederholen.
1021 2933 1783 2977 Experten sind beauftragt, die Bauern zu beraten,
1026 2974 1781 3017 für welche Art der Bewirtschaftung ihr Land ge¬
1014 3007 1778 3054 eignet sei. Unproduktiver Boden wird von der Be¬
1024 3044 1805 3098 bauung ausgeschlossen und für andere Zwecke, wie
1030 3086 1669 3133 Ferienlager und Nationalparks, verwendet.\:p\ [space]
1081 3126 1786 3179 \p\Ein großer Teil des hier nur andeutungsweise
1021 3173 1777 3220 wiedergegebenen Programms gelangt erst seit Mai
1014 3215 1780 3263 1935 zur Durchführung, und doch wurden schon be¬
1024 3248 1780 3288 deutende Erfolge erzielt. Im "Staubbecken", dem
1030 3287 1786 3335 Dürregebiet des Mittelwestens, und in den vernach¬
1024 3322 1783 3367 läßigten, jetzt aber in rascher Umwälzung begriffenen
1030 3365 1780 3408 Südstaaten bedeutet der Wiederaufbau der Land¬
1014 3398 1774 3451 wirtschaft einen gesunden Ausgleich für die Indu¬
1027 3447 1781 3485 strialisierung mit ihren gefährlichen sozialen Folgen,
1014 3472 1783 3517 auf welche im letzten Artikel hingewiesen worden
1014 3511 1783 3553 ist. Die Regierung Roosevelt hat sich das große
1030 3561 1787 3604 Ziel gesteckt, im Mittelwesten und in den ver¬
1014 3583 1784 3635 armten Südstaaten einen freien, gesunden Bauern¬
1027 3626 1806 3677 stand zu gründen, die eigentliche Hoffnung jenes
1027 3664 1377 3723 ausgebeuteten Landes.\:p\
