3846 5669
745 1143 1873 1251 Zwischen den Kontinenten
175 1236 923 1306 \p\Seit gestern abend befinden sich die Reisenden
142 1305 922 1353 dieses kleinen portugiesischen Dampfers auf einer
148 1337 923 1374 schwer definierbaren Demarkationslinie, — weit
151 1372 923 1422 genug von der äussersten Westküste Europas ent¬
144 1410 923 1460 fernt, damit die Trennung vollzogen sei, zu nahe
148 1441 923 1491 vom afrikanischen Ufer, als dass der Eindruck
144 1484 923 1529 stark werden könnte, man sei im Bereich der Frei¬
144 1522 906 1569 heit der Meere. Die Frage wurde mehrmals laut,
141 1562 923 1607 ob die Insel Madeira, wo wir morgen anlegen wer¬
144 1593 923 1637 den, eigentlich zu Europa zu rechnen sei, oder zu
141 1630 923 1688 Afrika und man entschied nur, sie sei jedenfalls
144 1671 923 1721 portugiesisch [Portugal wird spätestens 1941 von Schwarzenbach als weiteres positivies Limes-Land beschrieben: Kein Krieg, (vermeintlich) keine Diktatur; die Schwelle zu bzw. von Europa ohne von der europäischen Katastrophe direkt betroffen zu sein]. Es wird also dort keine Passforma¬
148 1697 555 1761 litäten geben, und sogar
148 1742 560 1790 Post soll man aufgeben
151 1773 546 1833 dürfen. Das rief allge¬
146 1811 548 1868 meine Ueberraschung her¬
153 1852 555 1899 vor, denn in Lissabon hiess
148 1887 553 1937 es eben noch, einmal auf
151 1927 555 1965 dem Afrika-Dampfer ein¬
149 1962 552 2018 geschifft, sei man auch
141 1997 526 2052 schon abgeschnitten, –
148 2037 562 2090 auf unbestimmte, und also
148 2075 549 2124 vielleicht sehr lange Zeit
153 2114 546 2163 hinaus. Die Neuigkeit we-
151 2148 555 2196 gen Madeira hatte sogar
151 2186 555 2235 eine fast bestürzende Wir¬
141 2221 552 2270 kung, denn wie viele unter
148 2260 549 2301 uns haben sich gestern in
151 2293 615 2367 Lissabon von einem Stück
151 2331 593 2391 Leben, einem geliebten
149 2370 555 2421 Menschen, der Heimat,
141 2408 923 2448 einer letzten Hoffnung getrennt, und haben noch
144 2445 923 2488 kaum gelernt, den Abschiedsschmerz zu lindern
141 2487 923 2534 und zu ertragen. Aber das Schiff nahm seinen
144 2524 923 2579 Lauf, und als man heute beim Erwachen ringsum
142 2569 891 2617 nur die glänzende, bewegte Fläche des Ozeans sah,
141 2601 923 2642 fügte man sich leichter: es war keiner da, an den
144 2640 923 2691 man eine Klage hätte richten können, also schwieg
144 2678 923 2721 man, und das Leben ging doch weiter, so wie der
148 2716 925 2764 Tag Stunde um Stunde verrann. — Jetzt wird die
144 2753 923 2797 Reise morgen schon unterbrochen! — Wir werden
148 2794 899 2847 plötzlich frei sein, an Land zu gehen, Adressen
144 2833 923 2885 zu schreiben, uns an Freunde und gegen Feinde
141 2874 923 2915 zu wenden [an wen hat Schwarzenbach von Madeira aus geschrieben? Falls an die Manns, so ist der nächste Satz auch biographisch zu lesen: Die Hoffnung, dass sich das Verstummen während ihrer amerikanischen Krise 'aufhebt'], von denen wir allerdings keine Ant¬
151 2914 923 2953 wort erhalten werden, — aber sie werden sich,
139 2947 923 3008 in den fernen Orten, doch eines Tages an uns
144 2990 874 3030 erinnern: und so lange leben wir, nur so lange,
139 3025 923 3074 nur im Spiegel und Echo, welche die tötliche Iso¬
141 3068 446 3119 lierung aufheben.\:p\
165 3094 925 3158 \p\Es gibt Strecken und Zeiträume, da verliert die
148 3135 923 3187 Frage, wo man sich eigentlich befinde, ihre Be¬
144 3185 923 3227 deutung. Auf der Ueberfahrt zwischen Europa
148 3219 923 3261 und Amerika ist dies nicht der Fall, das Fähnchen
141 3256 923 3301 rückt auf der Verbindungslinie vor, die Uhr wird
151 3292 898 3336 täglich und regelmässig umgestellt, und der
141 3326 923 3382 Zweck der Reise kann nur sein, die Entfernung
919 1248 1707 1306 zwischen zwei zufällig durch einen Ozean von¬
919 1298 1707 1354 einander getrennten Erdteilen möglichst rasch und
918 1331 1706 1385 bequem zu überwinden. Was man auch über die
919 1367 1707 1412 tiefe Verschiedenheit der neuen und der alten Welt
919 1406 1707 1460 sagen möge, — die neue ist doch nur ein anderer
919 1448 1707 1495 Aspekt unserer alten, abendländischen Gesittung,
919 1482 1590 1524 und zählt als Indianerland nicht mehr. —\:p\
953 1502 1707 1562 \p\Ganz anders ist es, wenn einer den Schritt von
919 1560 1707 1600 Europa nach Asien hinein tut, es ist meistens
918 1593 1707 1644 wirklich nur ein Schritt, etwa vom europäischen
919 1633 1707 1681 Bosporus-Ufer an das anatolische, oder an irgend¬
919 1669 1707 1724 einer Stelle im grossen Russland, — da gibt es
919 2393 1706 2453 keine Scheide, der Balkan ist türkisch, Spanien
919 2439 1686 2490 maurisch, in Syrien stehen griechische Säulen
919 2481 1707 2534 und in Turkestan findet man Alexandermünzen, es
919 2521 1453 2574 ist alles eine einzige, unsere Welt.\:p\
953 2553 1707 2608 \p\Hier aber, — in diesem kleinen Meeresraum,
919 2595 1707 2643 einem Dreieck zwischen Madeira und zwei Erd¬
919 2636 1707 2677 teilen, — sind wir heute auf unserem neutralen
919 2674 1686 2722 Schiff im Niemandsland, haben keine Bestim¬
919 2712 1707 2757 mung, nur viele Möglichkeiten vor uns, und wis¬
919 2750 1626 2802 sen nur, woher wir kommen: von Lissabon.\:p\
953 2784 1679 2836 \p\Aber auch Lissabon bedeutete jedem der Rei
919 2829 1686 2873 senden etwas anderes. Für die Portugiesen, die in
919 2866 1707 2908 ihre Kolonien, nach Angola, oder Mozambique,
918 2908 1707 2952 gehen, um dort eine Stelle anzutreten oder Militär¬
919 2947 1707 2997 dienst zu tun oder auf ihre Plantage zurückkehren,
923 2982 1709 3032 ist Lissabon die Kapitale ihres Mutterlandes, die
919 3020 1707 3066 Stadt ihrer seefahrenden Ahnen, auf die sie stolz
923 3060 1709 3120 sind. Für sie ist diese Reise kein Abenteuer. Unter
918 3095 1707 3146 den Belgiern und Franzosen an Bord gibt es viele,
919 3135 1707 3191 die in Lissabon Wochen oder gar Monate lang
919 3174 1707 3225 gewartet haben, auf ein Visum oder einen Schiffs¬
919 3211 1707 3268 platz, — solche, denen das Geld ausging, und die
919 3250 1707 3305 von der Polizei in Gewahrsam genommen wurden,
942 3287 1707 3334 — andere, die als Flüchtlinge nach Portugal ka¬
919 3319 1707 3371 men, und nach einem Ausweg suchend, sich jetzt
1702 1264 2469 1315 zufällig an die afrikanischen Küsten verschlagen
1703 1301 2497 1337 lassen, — für sie ist Lissabon keine gute Erinne¬
1703 1337 2497 1385 rung, und sie waren wohl froh, als die Schiffstaue
1703 1369 2497 1419 gelöst wurden. Für andere wieder war der Augen¬
1703 1400 2497 1468 blick schwer, als die weisse Wand des Dampfers
1702 1451 2497 1500 sich plötzlich, unmerklich, von der Quaimauer
1714 1481 2495 1529 entfernte, — zuerst nur einen Schritt, man konnte
1703 1523 2497 1557 über die Reeling gebeugt, den Freunden am Ufer
1702 1552 2448 1603 noch etwas zurufen, ihre Augen noch erkennen, –
1703 1593 2497 1648 dann verschwanden sie, ein Gesicht in einer
1703 1630 2497 1689 schwarzen, dicht gedrängten Menschenmasse,
1703 1668 2497 1713 welche winkte und rief. Dann wurde der kleine
2066 1703 2495 1752 Quai aufgeschluckt in der
2061 1741 2463 1792 grossen Linie der Quais
2058 1779 2495 1826 von Lissabon, wir glitten
2061 1814 2497 1864 langsam, langsam den
2061 1848 2495 1904 breiten Tejo hinunter, und
2058 1887 2495 1948 die Stadt, in der man so¬
2058 1923 2495 1976 eben noch gelebt hatte, lag
2061 1959 2470 2011 nun vor uns in der Abend¬
2058 1994 2495 2047 sonne wie ein Bild, glän¬
2061 2035 2495 2090 zend und schon unerreich¬
2063 2068 2477 2127 bar, — dann kamen die
2058 2108 2473 2161 grünen Hügel, die Wind-
2058 2146 2469 2199 mühlen, die weissen Häu¬
2058 2183 2465 2234 ser von Estoril, — die
2059 2217 2467 2269 Bucht von Cascais, und die
2069 2256 2465 2301 Dunkelheit bedeckte gnä¬
2066 2291 2467 2345 dig die letzten Ufer Euro¬
2066 2334 2473 2380 pas, um uns den Abschied
2066 2366 2259 2414 zu ersparen.\:p\
1741 2396 2476 2446 \p\Und seither also verlor die Frage ihre Bedeu¬
1703 2410 2473 2483 tung, wo wir uns eigentlich befänden. Mag es
1703 2476 2477 2522 denn Funchal sein, wo wir nächstens anlegen, oder
1712 2518 2477 2555 schon die Cap Verdischen Inseln, mag es bis zum
1703 2550 2473 2600 nächsten Halt eine Woche dauern oder mehr,
1703 2586 2470 2643 nicht einmal der Kapitän weiss den genauen Fahr¬
1717 2626 2470 2666 plan voraus. Und viele Passagiere wissen ihren
1703 2657 2465 2700 Bestimmungsort nicht. Einige wollen nur irgend¬
1717 2700 2476 2739 wo in Sicherheit sein, und nehmen ihre Kinder mit
1703 2738 2470 2780 nach dem Kongo oder der Südafrikanischen Union,
1712 2774 2470 2818 wie sie früher mit ihnen in die Schweizer Berge
1714 2809 2473 2853 oder an einen holländischen Badeort gereist wären.
1723 2849 2474 2887 Andere wollen um jeden Preis dorthin gelangen,
1702 2878 2473 2930 wo heute gekämpft wird. Sie werden nötigenfalls
1703 2919 2473 2961 auf der nächsten Insel in einen Fischerkahn um¬
1703 2949 2476 3005 steigen, oder auch vier Wochen auf dem Schiff
1702 3001 2469 3042 bleiben, und sie schlafen im stickigen Massenlager
1703 3025 2480 3082 der dritten Klasse. Noch andere wollen nach
1703 3068 2470 3108 Hongkong, nach Japan, nach Australien, und hof¬
1703 3092 2473 3149 fen, in Lourenço Marques ein holländisches Schiff
1703 3139 2470 3182 zu finden. Die Weltkarte, die im Salon auf einen
1703 3177 2473 3218 riesigen Spiegel aufgemalt ist, wird jetzt eine sehr
1703 3206 2473 3261 deutliche, greifbare Vorstellung, obwohl wir uns
1703 3254 2483 3295 mit unserem winzigen Schiff, in welcher einsamen
1703 3285 2470 3327 Verlorenheit dem Rand der Kontinente entlang
1703 3319 1907 3372 bewegen!\:p\
1907 3321 2476 3370 Annemarie Clarac-Schwarzenbach.
863 1999 1009 2075 \f\Federzeichnung einer Szene an Deck, von dem aus (noch) die Küste sichtbar ist [von Eugen Früh]\:f\
