4252 5669
1685 4107 2503 4209 Paul Nizan: La Conspiration
1858 4176 2335 4240 Editions de la N. R. F. Paris
1334 4218 2122 4280 \p\Paul Nizan gehört bekanntlich der Redaktion
1300 4261 2122 4318 des kommunistischen Blattes «Ce Soir» an, —
1300 4303 2122 4358 trotzdem wurde sein neuester Roman von der
1300 4349 2122 4404 französischen Rechtspresse nicht nur gelobt, son¬
1300 4388 2122 4433 dern geradezu als eines der besten in den letzten
1300 4420 2099 4470 Jahren erschienenen französischen Bücher bezeich¬
1300 4463 2122 4509 net. Ein Parallelfall zum klerikalen Bernanos
1300 4498 2122 4550 lässt sich trotzdem nicht konstruieren, dessen
1300 4541 2122 4587 letztes Buch «Les Grands Cimetières sous la
1300 4578 2122 4626 Lune» wohl die bitterste Anklage gegen den
1300 4619 2122 4665 Kampf des Generals Franco und seiner Verbün¬
1300 4659 2124 4720 deten darstellt, und das von allen Antifascisten
1300 4700 2122 4748 mit ergriffener Begeisterung aufgenommen
1300 4739 2122 4784 wurde. Was uns dort so bewegte, war der Mut zur
1300 4773 2122 4822 Wahrheit, war der Inhalt der Anklage selbst, die
1313 4814 2122 4853 «gerechte Sache», die über alle Vorurteile und
1299 4854 2122 4895 Programme den Sieg davon trug. Man hätte von
1300 4895 2122 4939 Paul Nizan ein ebenso aktuelles und vor allem ein
1299 4931 2122 4977 kämpferisches Buch erwartet. Er hat es nicht ge¬
1299 4975 2122 5021 schrieben, — und wir sind weit davon entfernt,
1299 5010 2122 5055 ihm daraus einen Vorwurf zu machen. Der Dich¬
1299 5046 2122 5090 ter im Dienst einer festgelegten Weltanschauung
1299 5088 2124 5136 oder eines Parteiprogramms — das wäre nicht
1299 5124 2122 5177 besser als der Dichter als Sklave des totalitären
2117 4208 2945 4296 Staates. Etwas anderes ist die Forderung, dass
2117 4277 2948 4318 der Schriftsteller sich — ohne seinen Stoff be¬
2117 4310 2948 4369 wusst, sozusagen als Exempel, zu wählen, doch
2117 4351 2936 4415 in jedem Satz zu erkennen gebe, dass er sich be¬
2117 4380 2239 4440 kenne.\:p\
2160 4413 2939 4482 \p\Nizan schreibt über eine Gruppe von sehr jun¬
2117 4472 2900 4516 gen Freunden, die alle bis auf einen — Serge –
2117 4507 2941 4553 aus kapitalistisch-bourgeoisem Milieu stammen,
2117 4546 2936 4605 und sich, jeder auf seine Weise, gegen dieses Mi¬
2117 4583 2939 4642 lieu, gegen die Familie, gegen das traditionelle
2117 4631 2941 4674 «Erwachsen werden» in der bürgerlichen Welt auf¬
2117 4665 2941 4721 lehnen. Das Thema ist nicht ungewöhnlich. René
2117 4709 2948 4762 Crevel schrieb sein erstes Buch darüber, — jenes
2117 4743 2932 4789 unvergesslich eindrucksvolle und rührende Kna¬
2117 4789 2936 4835 benbuch «La Mort difficile». Gewiss, es war ein
2115 4812 2939 4874 unreifes Buch, — aber der Jüngling, der es
2117 4860 2941 4911 schrieb, war kein gewöhnlicher Revolutionär, von
2115 4888 2939 4952 dem man vorausahnt, er werde sich später fügen
2117 4939 2932 4993 und bekehren. Er gehörte den Surrealisten an, er
2117 4978 2932 5026 war gleichzeitig Kommunist, und an diesem Kon¬
2117 5019 2932 5056 flikt ging er zugrunde, — er nahm sich das Le¬
2117 5051 2941 5099 ben, noch bevor seine reine und trotzige Stirn ihren
2117 5094 2932 5138 knabenhaften Charme eingebüsst hatte. Crevel
2117 5131 2953 5189 hat die letzte Konsequenz aus seiner zornigen
2991 1095 3786 1150 Auflehnung gezogen. Auch die Hauptfigur der
2983 1146 3788 1192 «Conspiration», der junge Bernard Rosenthal, be¬
2999 1183 3786 1231 geht Selbstmord: nachdem er seinen eigenen, et¬
2983 1221 3788 1263 was kindischen Plan einer «Verschwörung» ver¬
2983 1260 3788 1304 gessen, die Kameraden verraten hat um einer
2983 1293 3788 1343 Liebe willen. Diese Episode — Bernards Liebe zu
2983 1343 3784 1384 seiner Schwägerin Catherine — ist dichterisch die
2983 1380 3784 1419 schönste des Buches und enthält so ergreifende
2983 1412 3788 1469 Sätze wie: «La joie est la chose la plus tragique
2983 1456 3788 1497 au monde, elle naît toujours du malheur qu’on do¬
2983 1490 3786 1538 mine» [ev. Übersetzung zitieren?]. Aber man zweifelt, während man sich in
2983 1536 3790 1582 das Phänomen zweier in abgründige Zärtlichkeit
2983 1573 3788 1618 versunkener Körper verliebt, an der Echtheit die¬
2983 1603 3793 1662 ser Zärtlichkeit. Die Liebe endet, die Familie
2983 1649 3788 1692 siegt. «Il est difficile de consentir au désespoir,
2983 1683 3788 1731 à la reconnaissance des choses finies», — und
2983 1722 3788 1775 Bernard «prend pour du désespoir l’impuissance
2983 1765 3788 1811 de l’orgueil». Catherine, die Frau seines Bruders,
2983 1805 3788 1848 war also nur das Objekt, an dem er seinen Hass
2983 1846 3788 1887 gegen das Bürgertum kundtat. Als er einsehen
2983 1885 3788 1926 musste, dass sein heftiger und noch ungeklärter
2983 1920 3779 1970 Stolz an der Mauer von Familienmoral, Konven¬
2983 1961 3788 2002 tion und Trägheit zerbrechen müsse, vergiftete er
2983 1998 3784 2039 sich: eine unverzeihliche Geste, keine tragische ...
2983 2036 3790 2078 Der Gegenspieler Bernards ist Serge, ein schüch¬
2983 2073 3781 2119 terner, von seiner düsteren Beamtenherkunft be¬
2983 2117 3781 2156 drückter Junge, der die reichen, mit der Revo¬
2983 2154 3788 2197 lution flirtenden Bürgersöhne gleichermassen
2983 2193 3788 2241 hasst und verehrt. Um es ihnen gleich zu tun, um
2983 2227 3784 2275 sie zu übertreffen, tritt er in die kommunistische
2983 2273 3784 2312 Partei ein. Aber er hält nicht stand. Er wurde ja
2983 2307 3790 2356 Kommunist, um seine Minderwertigkeitsgefühle
2983 2349 3781 2395 zu besiegen, — und er wird schliesslich Polizei¬
2987 2388 3783 2434 spitzel, Verräter, aus innerem Ungenügen. Dieser
2983 2431 3781 2473 aufsässige und unsichere Schwächling, dieser Ge¬
2983 2466 3790 2516 demütigte und Besiegte steht unserem Herzen
2983 2505 3779 2555 näher als alle anderen Figuren des Buches. Die
2983 2544 3779 2594 Kritik am Bürgertum durch die private «Affaire»
2982 2587 3781 2624 Rosenthals beeindruckt nicht, — sie ist selbstver¬
2983 2620 3783 2665 ständlich. Die psychologische Tragödie von Serge
2983 2659 3784 2707 hingegen ist zumindest menschlich echt und be¬
2983 2702 3781 2751 wegend. Und hier bietet sich dem Autoren auch
2983 2739 3779 2782 der Anlass, über die Kritik hinaus von den Din¬
2983 2773 3781 2824 gen zu reden, die er liebt. Man wird manchmal
2983 2817 3779 2868 an André Malraux erinnert, wenn Nizan von
2983 2852 3779 2904 Kommunismus spricht. Er scheut nicht vor einer
2983 2893 3775 2937 Kritik der Partei zurück, aber er bekennt sich
2983 2932 3784 2978 als Kommunist, zu einer mystischen Kraft der
2983 2973 3784 3019 männlichen Gemeinschaft, welche reiner und grös¬
2983 3008 3784 3054 ser ist als ihre Feinde. Da sagt ein junger Genosse
2983 3049 3784 3095 beispielsweise: «Avec qui puis-je vivre? Je peux
2983 3088 3781 3127 vivre avec les communistes ... Un communiste n’a
2983 3123 3784 3171 rien. Mais il veut être et faire ... Ce n'est pas
2983 3164 3775 3219 de petites vérités du jour, le jour que nous vivons,
2983 3208 3745 3251 mais d’un rapport total avec d’autres hommes».\:p\
3003 3244 3759 3285 \p\Diese Worte sind schön, sind unangreifbar, –
2983 3274 3775 3322 aber es bleibt bei den Worten. Keiner unter Rosen¬
2983 3320 3775 3366 thals Freunden dringt bis zu jenem starken, in
2983 3357 3781 3403 sich selbst erfüllten Leben vor, keiner wird
2983 3391 3772 3444 auch nur erwachsen. «A trente ans, c’est déjà fini
2983 3437 3775 3478 on s’arrange» ... aber die von Nizan gezeigte Ju¬
2983 3476 3775 3526 gend — diese Zwanzigjährigen von heute, liefern
2983 3513 3772 3561 keinen Beweis dafür, dass die Ideale ihres Alters
2983 3552 3775 3598 schon das verzehrende Feuer der Wahrheit in sich
2983 3591 3775 3635 bergen. Sie finden sich ab, oder sie sterben. Sie
2983 3630 3775 3685 sind besiegt durch eine wunderliche Mischung von
2983 3671 3775 3712 «Erwachsen sein» und «Bürgerlich sein». Ist das
2983 3710 3779 3758 heute noch wichtig, ist es auch nur interessant?
2983 3745 3779 3793 Und man frägt sich vergeblich, warum ein Dich¬
2983 3791 3775 3834 ter, der echte Töne kennt, der uns manchmal tief
2983 3821 3779 3868 zu berühren weiss, — der selbst sein Leben ge¬
2983 3862 3775 3907 wählt hat auf den Kampfplätzen des heutigen
2983 3899 3775 3947 Europas, — warum er über die Jugend seines Lan¬
2983 3940 3775 3988 des, — \g\unsere\:g\ Jugend, ein so tief resigniertes
2982 3974 3159 4025 Urteil fällt.\:p\
3480 3977 3779 4025 Annemarie Clark.
