4292 7073
692 4615 910 4686 Die Furt
464 4671 1143 4731 Von \g\Annemarie Schwarzenbach\:g\
408 4723 1263 4776 \p\An unserem Garten führt eine Karawanenstraße
355 4769 1264 4815 vorbei. Es ist eine alte, vielbegangene Straße und wir
355 4807 1264 4844 hören ununterbrochen die Glocken der Kamele, die
352 4844 1263 4884 Schreie der Esel und das Knarren der schweren Last¬
346 4876 1263 4919 wagen, die unserer Gartenmauer entlang ziehen. Die
357 4912 1244 4949 Straße führt von Teheran in die reiche Ebene von
361 4942 1264 4982 Veramin, die an [sic] die Kornkammer Teherans nennt,
355 4975 1264 5020 und von dort in die Halbwüste von den Kaspischen
364 5011 1263 5053 Toren. In Veramin gibt es große Kamelmärkte, und
346 5047 1263 5087 jetzt, im Herbst, kommen die Herden von den Gebir¬
352 5079 1263 5125 gen herunter und werden auf die Winterweiden in
346 5114 1263 5151 dem großen fruchtbaren Becken gebracht. Mitten hin¬
346 5146 1263 5191 durch führt die alte Straße. Sie besteht fast nur aus
357 5187 1239 5220 Steinen und aus den breit auseinandergezogenen
352 5220 1263 5247 Spuren der Wagen und Lasttiere. Wenn man vor un¬
349 5245 1264 5291 serem Tor steht, kann man Karawanen von weitem
352 5284 1263 5337 erkennen: sie sind eine langsam sich nähernde Wolke
357 5315 671 5372 aus gelbem Staub.\:p\
399 5335 1263 5405 \p\Zwischen unserem Grundstück und der Straße fließt
352 5395 1263 5431 ein breiter, flacher Bach. Gerade neben unserem Tor
349 5429 1264 5467 befindet sich eine besonders flache Stelle, die Furt.
352 5465 1263 5516 Und wir können hören, wie die Leute ihre Tiere mit
349 5496 1264 5545 lauten, aufgebrachten Rufen in den Fluß treiben, und
346 5530 1263 5562 wie das Wasser laut aufklatscht, wenn die Tiere über
352 5567 1263 5606 die Böschung hinuntergleiten. Die Kamele nähern sich
352 5600 1264 5636 in einem langen Zug, sie gehen in regelmäßigem Ab¬
349 5629 1264 5682 stand voneinander, und ein loses Seil verbindet sie
345 5683 1263 5718 alle. Aber sie stutzen sobald sie das Wasser erblicken,
346 5695 1263 5737 und im gleichen Augenblick setzt das Geschrei der Trei¬
346 5738 1263 5783 ber ein. Die Kamele strecken unruhig die Hälse, gehen
361 5768 1264 5819 rückwärts und drängen sich furchtsam aneinander.
354 5805 1235 5841 Die ganze Karawane gerät in Unordnung. Der Trei¬
355 5837 1264 5886 ber, der auf dem vordersten Tier reitet, versucht, es
349 5878 1264 5908 an der Leine herumzureißen und gegen das Wasser
352 5903 1263 5943 zu treiben. Er stößt mit den Fersen in die Flanken und
348 5940 1264 5987 beugt sich auf dem hohen Sattel vor und zurück. Und
349 5975 1264 6034 alle Treiber rufen und schreien und verhindern die
1277 4598 2184 4650 Kamele daran, rückwärts zu gehen und sich noch
1277 4643 1858 4681 mehr in die Leine zu verwickeln.\:p\
1332 4669 2184 4725 \p\Dann gelingt es plötzlich, das Leittier vorwärts zu
1276 4696 2184 4756 bringen. Es entschließt sich und geht leicht und wie¬
1260 4741 2184 4782 gend in den Fluß hinein, und das Wasser spritzt an
1260 4769 2184 4817 seinen Beinen empor. Der ganze Haufe löst sich jetzt
1260 4816 2169 4852 wie von selbst, die Kamele gehen hintereinander in
1260 4839 2184 4889 ihrer alten Reihenfolge und senke [sic] die langen Hälse,
1260 4882 2184 4930 um mit den Mäulern das kühle Wasser zu berühren.\:p\
1324 4918 2161 4967 \p\Mit den Eseln ist es viel einfacher. Sie kommen in
1260 4952 2163 5002 Rudeln an, weiße, graue und braune, und halten sich
1260 4995 2172 5038 so nahe zusammen, wie ihre breiten Lastsäcke es ihnen
1260 5020 2184 5062 erlauben. Manchmal tragen sie Heu oder Stroh, dann
1260 5062 2184 5102 verschwinden sie ganz zwischen den übermäßig großen
1260 5099 2184 5142 Bündeln. Sie gehen geduldig, in einem leichten Trab,
1259 5126 2184 5179 mit hängenden Ohren. Und ohne sich aufzuhalten tra¬
1260 5166 1791 5216 ben sie in das Wasser hinein.\:p\
1324 5184 2166 5240 \p\Nicht weit von hier, in der Mitte des Berghangs,
1260 5234 2184 5266 liegt ein Heiligtum, das von ein paar alten Mullahs
1260 5263 2184 5308 bewacht wird. Es liegt hoch über der Straße, und die
1260 5305 2184 5344 persischen Frauen pilgern dorthin und beten darum,
1279 5337 2184 5373 Kinder zu bekommen. Manchmal reiten sie an unserem
1260 5364 2184 5406 Garten vorbei: zehn oder zwanzig oder noch mehr
1260 5402 2184 5442 Frauen, in ihre Schadors gehüllt, fröhlich, auf sehr
1260 5441 2184 5481 kleinen Eseln, die sie mit dem langen schwarzen Tuch
1259 5467 2184 5515 bedecken. Und von Veramin her kommen, gegen
1260 5509 2163 5544 Abend, manchmal Hirten mit ihren Schafherden. Sie
1260 5541 2184 5575 spielen auf rohen Flöten immer dieselbe Weise, die
1260 5575 2184 5616 trostlose Musik dieses Landes. Die Schafe, von großen,
1260 5614 2184 5651 weißen Hunden zusammengejagt und vorwärts ge¬
1260 5648 2160 5685 trieben, lassen sich verstört wie eine einzige schwarze
1260 5682 2184 5721 Masse in den Fluß sinken, dort stehen sie und mit den
1260 5706 2184 5753 leichten Wellen geht auch durch die Herde eine leichte
1260 5744 2184 5787 Bewegung, dann heben sie sich wieder und werden
1260 5773 1864 5817 weiter getrieben. Blöken, Flötenton.\:p\
1322 5802 2184 5856 \p\Anders ist es des Nachts. Das Haus, in welchem
1260 5849 2160 5898 ich schlafe, liegt am Ende des großen Baumgartens
1260 5884 2184 5933 und nahe an der Mauer. Die Mauer ist hoch, gelb,
1260 5904 2184 5953 ausgestampftem [sic] Lehm. Drüben ist der Fluß und die
1260 5950 2184 5987 Straße. Und die Karawanen gehen unaufhörlich vor¬
1259 5979 2184 6038 über. Sie brechen, sobald es dunkel und kühl geworden
2190 4607 3111 4654 ist, aus den Khanen von Teheran auf, und kündigen
2204 4645 3109 4684 sich an mit Glocken. Es sind große Glocken, die einen
2191 4679 3109 4711 dumpfen, schweren, dröhnenden Ton haben. Wie magi¬
2191 4719 3097 4761 sche Instrumente, Zaubertrommeln und Gongs hängen
2192 4747 3109 4786 sie an den Flanken der Tiere und begleiten ihren
2192 4783 2897 4823 schleppenden, rhythmisch wiegenden Gang.\:p\
2255 4802 3109 4864 \p\Es ist, als liefe neben dem Fluß ein zweiter Fluß
2193 4845 3109 4891 her, aus Kamelleibern, wiegenden Höckern und dröh¬
2193 4885 3109 4937 nenden Glocken. Und das geht so die ganze Nacht...\:p\
