3843 5669
192 605 900 681 Amerikanische Rüstungsindustrie
310 687 896 753 A. C.-Sch. \g\New York\:g\, anfangs Februar
215 753 914 795 \p\Als im vorigen Weltkrieg die \g\Armee\:g\ der
176 795 914 838 \g\Vereinigten Staaten\:g\ entscheidend in sein
168 842 914 877 letztes Stadium eingriff, standen ihr die Arsenale,
174 871 914 916 Munitionsdepots, Waffen und Flugzeuge Frank¬
168 907 912 945 reichs und Englands zur Verfügung. Eine direkte
171 945 915 990 Bedrohung des amerikanischen Kontinents durch
168 983 914 1024 eine feindliche Invasion stand gar nicht zur Dis¬
168 1019 912 1065 kussion. Der Ferne Osten lag außerhalb der kriege¬
168 1056 912 1097 rischen Verwicklungen, und im Stillen Ozean
161 1087 914 1133 herrschte ein völliges Gleichgewicht zwischen Ja¬
162 1133 899 1173 pan, Frankreich mit Indochina, Niederländisch-
173 1167 911 1209 Indien, Großbritannien, welches hochwichtige
168 1207 912 1247 Punkte wie Hongkong und Singapur kontrollierte,
164 1242 909 1286 und den Vereinigten Staaten mit seinen Stütz¬
168 1278 908 1318 punkten auf Hawai und den Philippinen. Heute
165 1315 911 1360 ist die Lage der Vereinigten Staaten eine ganz
165 1349 911 1392 andere und bedeutend schlechtere. Im Stillen
162 1386 911 1439 Ozean ist Japan aktiv geworden, während Eng¬
162 1427 908 1465 land und Frankreich vorläufig außer Gefecht ge¬
164 1462 914 1501 setzt sind. Im Atlantischen Ozean wird die bri¬
168 1500 914 1542 tische Flotte als das einzige Bollwerk zwischen
156 1528 912 1583 den Achsenmächten und den Vereinigten Staaten
158 1574 911 1622 betrachtet. Der amerikanische Kontinent liegt wie
159 1608 905 1657 eine zwar gewaltige, aber nicht mehr unverletzt¬
162 1648 914 1691 bare Insel zwischen zwei Ozeanen, deren räum¬
156 1685 911 1728 liche Größe mit der technischen Entwicklung der
162 1722 911 1769 Flugzeuge immer mehr zusammenschrumpft. Die
165 1760 911 1805 Vereinigten Staaten können nicht mehr als neu¬
156 1794 890 1839 tral angesehen werden; sie sind zu einem nicht –
156 1828 915 1874 noch nicht – kriegführenden Land geworden, das
156 1870 915 1916 Großbritannien nach Möglichkeit unterstützt. Es
156 1909 911 1949 ist die Hauptaufgabe von Churchills neuem Bot¬
168 1948 899 1985 schafter in Washington, dem früheren Außenmini¬
162 1981 902 2029 ster Lord Halifax, mit der amerikanischen Regie¬
156 2023 915 2061 rung zusammenzuarbeiten, um von den Vereinig¬
156 2057 912 2105 ten Staaten in möglichst kurzer Frist die für Eng¬
168 2092 905 2138 lands Verteidigung lebenswichtige Unterstützung
168 2132 927 2172 zu erhalten. Churchill hat mehrmals erklärt, daß
162 2164 926 2208 England keine Armeen von Uebersee brauche, son¬
156 2205 905 2252 dern Kriegsmaterial und vor allem Flugzeuge.
156 2247 905 2281 Die Vereinigten Staaten müsse also ihre eigene
156 2274 905 2320 Landesverteidigung aufbauen und gleichzeitig als
156 2315 900 2352 Arsenal, Reparaturwerkstätte und Munitions¬
162 2352 906 2399 fabrik Englands dienen; Roosevelt wird diese
156 2392 902 2429 doppelte Aufgabe zu bewältigen haben, sobald er
159 2427 905 2473 vom Kongreß die dazu notwendigen Vollmachten
150 2463 359 2519 erhalten hat.\:p\
200 2501 905 2567 \p\Die erforderlichen Umstellungen für die Durch¬
162 2558 906 2608 führung des amerikanischen Rüstungsprogramms
162 2601 906 2642 sind natürlich gewaltig. Man stampft eine mo¬
156 2637 902 2683 derne Armee nicht aus dem Boden. Die militä¬
162 2670 902 2713 rische Ausbildung junger Männer einer Nation,
162 2710 914 2754 die nie die allgemeine Dienstpflicht gekannt hat,
171 2746 908 2794 die Beschaffung eines Offizierskorps, die Schulung
174 2786 905 2830 von Fliegern, technischen Experten, Krankenschwe¬
177 2819 902 2860 stern, der Bau von Kasernen, Lagern, Lazaretten,
162 2859 914 2901 Flugplätzen, das ist erst eine Hälfte der Aufgabe.
165 2897 907 2941 Die andere, und vielleicht schwierigere Hälfte, fällt
162 2930 908 2980 der Industrie zu. Als die Notwendigkeit der Auf¬
156 2971 902 3013 rüstung in Amerika allgemein anerkannt wurde
162 2999 906 3044 schuf man zuerst eine beratende Kommission für
153 3048 905 3081 die Landesverteidigung, welcher der frühere Präsi¬
152 3085 897 3124 dent der General Motor-Automobilfabriken, Wil¬
150 3117 926 3159 liam Knudsen, angehörte. Später wurde Knudsen
156 3158 908 3197 zum ersten Direktor des staatlichen Bureaus für
162 3195 906 3236 Produktions-Verwaltung ernannt, welches den an
153 3231 902 3270 Abkürzungen gewöhnten Amerikanern bereits als
159 3268 899 3315 "OPM" geläufig ist. Dieses Bureau schließt die
150 3306 905 3346 Kontrakte des Staates mit den Privatindustrien
150 3343 902 3382 ab, kontrolliert die mit dem Rüstungsprogramm
153 3378 899 3429 verbundene Produktion und vereinigt alle Fäden
153 3417 899 3459 in seiner Hand; ein riesiges Organisationsnetz
150 3456 909 3497 umspannt so alle rüstungstechnisch wichtigen Roh¬
153 3490 905 3532 stoffquellen, Industrieanlagen, Laboratorien und
156 3530 900 3568 Schiffswerften. Neben Knudsen als Direktor ge¬
150 3565 905 3604 hören dem Bureau die Minister für Armee und
156 3603 905 3641 Marine und als Vize-Direktor der Gewerkschafts¬
159 3640 908 3685 führer Hillmann an. Vor wenigen Jahren, wäh¬
156 3678 900 3722 rend des großen Streiks in der Automobilindu¬
150 3712 899 3758 strie, hätte man eine solche Zusammenarbeit des
156 3753 901 3798 früheren Großindustriellen Knudsen und des Ar¬
153 3791 902 3841 beiter-Organisators Hillmann nicht für möglich
159 3824 284 3882 gehalten.\:p\
192 3877 908 3941 \p\Das wichtigste Feld der Rüstungsindustrie ist
165 3914 896 3970 heute in den Vereinigten Staaten das der Flug¬
156 3965 926 4004 zeugproduktion. Wie ernst man es mit den Luft¬
150 3999 905 4043 rüstungen nimmt, zeigt das folgende Beispiel: Die
150 4042 906 4082 "Douglas Aircraft Company" in Kalifornien
153 4075 905 4117 wurde denunziert, mit der Lieferung der ersten, ihr
150 4107 926 4155 in Auftrag gegebenen 186 Sturzflugzeugen sechzig
150 4145 914 4198 Tage im Rückstand zu sein, während diesen sechzig
150 4192 899 4236 Tagen aber 24 Zivilflugzeuge hergestellt zu haben.
150 4225 896 4269 Der Fabrikant Donald Douglas verteidigte sich
150 4258 914 4306 mit dem Hinweis darauf, neben den staatlichen
150 4292 909 4341 Aufträgen für den Bau von 23 000 Militärflug¬
150 4337 905 4379 zeugen und den britischen Aufträgen für 14 000
150 4376 909 4416 bis Ende 1942 zu liefernde Flugzeuge seien die
153 4409 908 4454 Bestellungen an Zivilflugzeugen überhaupt kaum
153 4448 905 4489 erwähnenswert. Er drang aber mit dieser Mei¬
149 4486 899 4528 nung nicht durch. Schon im Dezember 1940 ver¬
159 4523 905 4566 zichteten die amerikanischen Fluglinien freiwillig
153 4561 905 4602 auf die Bestellung von allen nicht unbedingt er¬
156 4594 916 4650 forderlichen Apparaten. Ein anderes Beispiel
156 4635 905 4675 zeigt, wie rasch die Anpassung an die neue Rü¬
156 4671 926 4714 stungsproduktion vor sich geht: Die Allison-Fabrik
161 4707 906 4751 der General Motor Company begann letzten Som¬
156 4749 908 4795 mer mit dem Bau von Flugzeug-Motoren, lieferte
156 4783 905 4825 im Juli 73 Stück, im August 65, im September
175 4817 926 4873 223, im Oktober 286. Auch Verbesserungen und Er¬
956 552 1705 599 findungen werden ununterbrochen gemacht. Das
956 597 1708 640 in den Vought-Sikorsky-Werken konstruierte Flug¬
956 637 1703 685 zeug "F 4 U" gleicht den deutschen Stukas, macht
949 666 1705 710 über vierhundert Meilen pro Stunde und ist zur
956 704 1705 747 Zeit das schnellste Flugzeug der amerikanischen
956 737 1075 788 Armee.\:p\
1004 777 1705 841 \p\Inzwischen hat die Marine Mühe, den nötigen
956 824 1708 876 Raum in amerikanischen Werften zu finden, um
962 868 1708 908 ihr Schiffbau-Programm durchzuführen. Teilweise
950 909 1720 952 werden alte Werften renoviert, was weniger Geld
955 940 1720 990 und Zeit kostet, als neue Anlagen zu errichten.
959 974 1699 1023 So erhielt die alte, seit dem Weltkrieg fast gänz¬
950 1017 1719 1072 lich außer Gebrauch gesetzte Cramp-Werft in Phi¬
953 1050 1720 1090 ladelphia im Januar 1941 einen Kontrakt über
952 1090 1708 1125 113 822 000 Dollar für den Bau von sechs Kreu¬
956 1128 1706 1173 zern, dazu 9 500 000 Dollar für die Renovierung
955 1163 1708 1214 ihrer Werftanlagen. – Im ganzen umfaßt das
949 1197 1719 1249 Bauprogramm der Marine jetzt 17 Schlachtschiffe,
950 1231 1702 1283 48 Kreuzer, 166 Zerstörer. Die Armee steht vor
950 1274 1719 1327 ähnlichen Problemen. Während des Sommers
949 1316 1719 1365 1940 fragte Direktor Knudsen seinen früheren
949 1341 1709 1401 Konkurrenten, den Präsidenten der Chrysler-
950 1382 1705 1424 Werke, an, ob Chrysler für die Armee sogenannte
953 1419 1705 1462 "Medium-Tanks" bauen könne. Wenige Tage spä¬
950 1462 1705 1496 ter saßen 97 Chrysler-Angestellte, Zeichner und
950 1488 1699 1540 Techniker über Blaudrucken, Plänen und Entwür¬
950 1531 1705 1578 fen, die insgesamt 186 englische Pfund wogen, und
952 1575 1702 1612 am 15. August waren die Konstruktionspläne für
952 1605 1719 1652 den Tank, die dazu nötigen Werkstätten, Maschi¬
950 1646 1705 1693 nen, Werkzeuge und Materialien bis in alle De¬
950 1677 1719 1732 tails bereit. Der Kontrakt wurde am gleichen Tag
953 1716 1697 1762 perfekt. Die Chrysler Corporation übernahm die
953 1757 1720 1795 Errichtung eines Tank-Arsenals, dessen Kosten sich
952 1802 1708 1836 auf 20 Millionen belaufen, und nahm tausend
950 1830 1719 1873 25-Tonnen-Tanks zu je 33 500 Dollar in Auftrag.
950 1866 1702 1906 Inzwischen sind die Arbeiten im noch unvollende¬
953 1905 1697 1951 ten "Detoid Tank Arsenal" in vollem Gange. Ex¬
961 1941 1702 1990 perten glauben, der [sic?]Pobe-Tank werde schon Mitte
953 1980 1719 2017 Juli lieferbar sein, worauf dann innerhalb von
950 2015 1719 2053 44 Achtstunden-Tagen 220 Tanks gebaut werden
952 2044 1719 2103 könnten, welche zur vollständigen Ausrüstung der
953 2091 1700 2140 bestehenden zwei Panzerdivisionen erforderlich
940 2125 1719 2178 sind. Aber mittlerweile werden neue Divisionen
939 2166 1705 2203 ausgebildet, und die 5000 Spezialarbeiter sind der
950 2197 1699 2261 Ansicht, die 1000 Tanks des Chrysler-Kontraktes
953 2236 1368 2297 seien nur ein Anfang ...\:p\
1010 2276 1696 2336 \p\Direktor Knudsen schätzt, daß die britischen Auf¬
939 2322 1703 2370 träge rund 35 Prozent der Kapazität der ameri¬
943 2366 1705 2407 kanischen Rüstungsindustrie beanspruchen würden.
956 2400 1705 2451 Da England erklärt hat, seine Mittel seien er¬
941 2440 1705 2489 schöpft, gewinnt die Annahme oder Verwerfung
944 2478 1696 2523 des Hilfsvertrages durch den Kongreß in Washing¬
943 2511 1708 2564 ton immer entscheidendere Bedeutung: denn durch
944 2551 1700 2594 dieses Gesetz würde es dem Präsidenten ermöglicht,
944 2590 1708 2626 England die nötigen Kredite für seine Kriegs¬
944 2620 1458 2689 material-Einkäufe zu gewähren.\:p\
