<?xml version="1.0" encoding="UTF-8"?>
<validation-wrapper>
   <PcGts xmlns="http://schema.primaresearch.org/PAGE/gts/pagecontent/2013-07-15">
      <Metadata>
         <Creator>prov=READ-COOP:name=PyLaia@TranskribusPlatform:version=2.24.0:model_id=39995:lm=none:date=28_02_2025_17:41</Creator>
         <Created>2025-02-28T16:00:32.845+01:00</Created>
         <LastChange>2026-03-23T15:28:16.102+01:00</LastChange>
         <TranskribusMetadata docId="7165653"
                              pageId="92768285"
                              pageNr="1"
                              status="IN_PROGRESS"
                              userId="194245"
                              imgUrl="https://files.transkribus.eu/Get?fileType=view&amp;id=RUQHHHFXNXLTIDMNSYVMSSOX"
                              imageId="77530490"/>
      </Metadata>
      <Page imageFilename="smallform_0208_001.jpg"
            imageWidth="9500"
            imageHeight="6340">
         <TextRegion id="r" custom="readingOrder {index:0;}">
            <Coords points="3822,935 9196,935 9196,1683 3822,1683"/>
            <TextLine id="l" custom="readingOrder {index:0;}">
               <Coords points="3895,1467 9101,1430 9101,1400 3895,1437"/>
               <Baseline points="3895,1467 9101,1430"/>
               <TextEquiv>
                  <Unicode>Schweizer bekennen ...</Unicode>
               </TextEquiv>
            </TextLine>
            <TextLine id="r_tl_1" custom="readingOrder {index:1;}">
               <Coords points="3867,1653 9039,1647 9039,1538 8544,1531 8428,1473 8190,1557 7991,1493 7675,1531 7527,1480 7289,1544 7148,1505 7058,1544 6968,1505 6492,1531 6447,1486 6395,1518 6318,1480 6196,1531 5900,1480 5823,1531 5366,1448 4980,1531 4793,1473 4536,1525 4420,1480 4201,1544 4015,1480 3867,1531"/>
               <Baseline points="3904,1623 3946,1620 3990,1620 4035,1620 4080,1620 4125,1620 4169,1620 4214,1620 4259,1617 4304,1620 4349,1620 4393,1620 4438,1620 4483,1620 4528,1617 4572,1620 4617,1620 4662,1620 4707,1620 4752,1620 4796,1611 4841,1611 4886,1611 4931,1611 4975,1611 5020,1611 5065,1611 5110,1611 5154,1611 5199,1611 5244,1611 5289,1611 5334,1611 5378,1611 5423,1611 5468,1614 5513,1614 5557,1614 5602,1614 5647,1614 5692,1617 5737,1617 5781,1611 5826,1614 5871,1620 5916,1617 5960,1614 6005,1614 6050,1614 6095,1614 6140,1614 6184,1611 6229,1614 6274,1614 6319,1614 6363,1614 6408,1620 6453,1617 6498,1617 6542,1617 6587,1617 6632,1620 6677,1620 6722,1620 6766,1620 6811,1620 6856,1620 6901,1623 6945,1620 6990,1620 7035,1620 7080,1620 7125,1623 7169,1620 7214,1620 7259,1620 7304,1620 7348,1623 7393,1620 7438,1620 7483,1620 7528,1623 7572,1620 7617,1620 7662,1620 7707,1620 7751,1623 7796,1620 7841,1620 7886,1620 7930,1620 7975,1620 8020,1620 8065,1620 8110,1620 8154,1620 8199,1623 8244,1620 8289,1620 8333,1623 8378,1623 8423,1620 8468,1623 8513,1623 8557,1620 8602,1620 8647,1623 8692,1623 8736,1623 8781,1623 8826,1626 8871,1623 8915,1626 8960,1623 9005,1623 9050,1620"/>
               <TextEquiv>
                  <Unicode>Bildbericht von der ersten nationalen Tagung der Oxford-Gruppe im Comptoir Suisse in Lausanne am 17. und 18. April</Unicode>
               </TextEquiv>
            </TextLine>
            <TextEquiv>
               <Unicode/>
            </TextEquiv>
         </TextRegion>
         <TextRegion id="r_2" custom="readingOrder {index:1;}">
            <Coords points="3876,1711 6397,1711 6397,1949 3876,1949"/>
            <TextLine id="r_2_tl_1"
                      custom="readingOrder {index:0;} textStyle {offset:0;length:57;italic:true;}">
               <Coords points="3873,1840 6151,1853 6151,1705 5591,1718 5488,1641 5417,1705 5244,1731 4793,1692 4439,1756 4259,1673 4028,1737 3957,1686 3873,1711"/>
               <Baseline points="3907,1820 3931,1817 3975,1817 4020,1817 4065,1814 4110,1814 4155,1817 4199,1817 4244,1817 4289,1814 4334,1814 4378,1817 4423,1817 4468,1817 4513,1817 4557,1817 4602,1817 4647,1814 4692,1814 4737,1817 4781,1814 4826,1808 4871,1808 4916,1808 4960,1808 5005,1805 5050,1808 5095,1811 5140,1808 5184,1805 5229,1808 5274,1808 5319,1811 5363,1811 5408,1805 5453,1811 5498,1808 5543,1808 5587,1811 5632,1808 5677,1808 5722,1811 5766,1811 5811,1811 5856,1811 5901,1811 5945,1811 5990,1811 6035,1808 6080,1808 6125,1811 6169,1817"/>
               <TextEquiv>
                  <Unicode>Le Rassemblement national des groupes d'Oxford à Lausanne</Unicode>
               </TextEquiv>
            </TextLine>
            <TextLine id="r_2_tl_2" custom="readingOrder {index:1;}">
               <Coords points="5765,1943 5951,1943 6022,1924 6324,1937 6324,1859 6266,1840 6061,1840 6028,1866 5925,1846 5765,1859"/>
               <Baseline points="5802,1913 5847,1910 5892,1910 5937,1913 5981,1913 6026,1913 6071,1913 6116,1913 6160,1913 6205,1913 6250,1913 6295,1913 6340,1913"/>
               <TextEquiv>
                  <Unicode>\g\Photos Schuh-Prisma\:g\</Unicode>
               </TextEquiv>
            </TextLine>
            <TextEquiv>
               <Unicode/>
            </TextEquiv>
         </TextRegion>
         <TextRegion id="r_3" custom="readingOrder {index:2;}">
            <Coords points="3897,1969 4732,1969 4732,4160 3897,4160"/>
            <TextLine id="r_3_tl_1" custom="readingOrder {index:0;}">
               <Coords points="3873,2033 4677,2046 4677,1969 4619,1956 3873,1962"/>
               <Baseline points="3910,2023 3955,2020 3999,2020 4044,2020 4089,2023 4134,2023 4178,2023 4223,2023 4268,2023 4313,2023 4358,2023 4402,2023 4447,2023 4492,2023 4537,2023 4581,2023 4626,2023 4671,2026 4695,2026"/>
               <TextEquiv>
                  <Unicode>\p\10 000 Menschen sind zu dieser</Unicode>
               </TextEquiv>
            </TextLine>
            <TextLine id="r_3_tl_2" custom="readingOrder {index:1;}">
               <Coords points="3867,2097 4671,2091 4671,2027 3867,2033"/>
               <Baseline points="3904,2077 3949,2077 3993,2077 4038,2077 4083,2077 4128,2077 4172,2077 4217,2077 4262,2077 4307,2077 4352,2077 4396,2077 4441,2077 4486,2077 4531,2077 4575,2077 4620,2077 4665,2080 4689,2089"/>
               <TextEquiv>
                  <Unicode>monströsen Massenversammlung</Unicode>
               </TextEquiv>
            </TextLine>
            <TextLine id="r_3_tl_3" custom="readingOrder {index:2;}">
               <Coords points="3867,2149 4446,2136 4504,2162 4568,2136 4664,2142 4664,2091 4594,2085 3867,2091"/>
               <Baseline points="3904,2134 3922,2131 3966,2131 4011,2131 4056,2131 4101,2131 4146,2131 4190,2131 4235,2131 4280,2131 4325,2131 4369,2131 4414,2131 4459,2131 4504,2131 4549,2131 4593,2131 4638,2131 4683,2131"/>
               <TextEquiv>
                  <Unicode>aus allen Landesteilen nach Lau¬</Unicode>
               </TextEquiv>
            </TextLine>
            <TextLine id="r_3_tl_4" custom="readingOrder {index:3;}">
               <Coords points="3860,2200 4658,2200 4658,2142 4619,2136 3860,2142"/>
               <Baseline points="3898,2187 3916,2187 3961,2184 4005,2184 4050,2187 4095,2184 4140,2184 4184,2184 4229,2184 4274,2184 4319,2184 4363,2184 4408,2184 4453,2184 4498,2187 4543,2184 4587,2184 4632,2184 4677,2184"/>
               <TextEquiv>
                  <Unicode>sanne gereist. Extrazüge, Nacht¬</Unicode>
               </TextEquiv>
            </TextLine>
            <TextLine id="r_3_tl_5" custom="readingOrder {index:4;}">
               <Coords points="3867,2252 4671,2265 4671,2194 4529,2181 3867,2194"/>
               <Baseline points="3904,2238 3949,2238 3993,2238 4038,2238 4083,2238 4128,2238 4172,2238 4217,2238 4262,2238 4307,2238 4352,2238 4396,2241 4441,2244 4486,2238 4531,2238 4575,2241 4620,2238 4665,2238 4686,2241"/>
               <TextEquiv>
                  <Unicode>quartiere, Verpflegung — für alles</Unicode>
               </TextEquiv>
            </TextLine>
            <TextLine id="r_3_tl_6" custom="readingOrder {index:5;}">
               <Coords points="3873,2303 4028,2323 4201,2297 4671,2310 4671,2252 4581,2245 3873,2252"/>
               <Baseline points="3910,2292 3955,2292 3999,2295 4044,2295 4089,2292 4134,2292 4178,2292 4223,2295 4268,2292 4313,2292 4358,2292 4402,2292 4447,2292 4492,2292 4537,2292 4581,2292 4626,2292 4671,2292 4686,2292"/>
               <TextEquiv>
                  <Unicode>war gesorgt, und alles rollte sich</Unicode>
               </TextEquiv>
            </TextLine>
            <TextLine id="r_3_tl_7" custom="readingOrder {index:6;}">
               <Coords points="3873,2368 4040,2348 4671,2361 4671,2303 4607,2297 3873,2303"/>
               <Baseline points="3910,2346 3955,2346 3999,2346 4044,2346 4089,2346 4134,2346 4178,2346 4223,2346 4268,2346 4313,2346 4358,2346 4402,2346 4447,2346 4492,2346 4537,2346 4581,2346 4626,2346 4671,2346 4677,2349"/>
               <TextEquiv>
                  <Unicode>ruhig, ohne Aufregung oder Zwi¬</Unicode>
               </TextEquiv>
            </TextLine>
            <TextLine id="r_3_tl_8" custom="readingOrder {index:7;}">
               <Coords points="3867,2413 4664,2419 4664,2355 3867,2355"/>
               <Baseline points="3904,2399 3949,2396 3993,2396 4038,2399 4083,2399 4128,2399 4172,2396 4217,2402 4262,2402 4307,2399 4352,2399 4396,2399 4441,2399 4486,2399 4531,2399 4575,2399 4620,2399 4665,2399 4683,2399"/>
               <TextEquiv>
                  <Unicode>schenfälle ab —, eine bewunderns¬</Unicode>
               </TextEquiv>
            </TextLine>
            <TextLine id="r_3_tl_9" custom="readingOrder {index:8;}">
               <Coords points="3873,2471 4002,2477 4034,2451 4130,2490 4246,2464 4298,2483 4677,2464 4677,2413 4053,2393 3873,2413"/>
               <Baseline points="3910,2453 3955,2450 3999,2450 4044,2453 4089,2450 4134,2453 4178,2453 4223,2453 4268,2453 4313,2453 4358,2453 4402,2453 4447,2453 4492,2453 4537,2453 4581,2453 4626,2453 4671,2453 4695,2456"/>
               <TextEquiv>
                  <Unicode>werte Organisation, die sich, wie</Unicode>
               </TextEquiv>
            </TextLine>
            <TextLine id="r_3_tl_10" custom="readingOrder {index:9;}">
               <Coords points="3873,2516 4677,2522 4677,2464 4613,2451 3873,2464"/>
               <Baseline points="3910,2507 3955,2504 3999,2504 4044,2504 4089,2504 4134,2504 4178,2504 4223,2504 4268,2507 4313,2507 4358,2507 4402,2507 4447,2507 4492,2507 4537,2507 4581,2507 4626,2507 4671,2510 4695,2513"/>
               <TextEquiv>
                  <Unicode>versichert wurde, fast von selbst,</Unicode>
               </TextEquiv>
            </TextLine>
            <TextLine id="r_3_tl_11" custom="readingOrder {index:10;}">
               <Coords points="3873,2574 4677,2580 4677,2522 4600,2509 3873,2516"/>
               <Baseline points="3907,2558 3952,2558 3996,2558 4041,2561 4086,2558 4131,2558 4175,2558 4220,2561 4265,2558 4310,2558 4355,2561 4399,2561 4444,2564 4489,2564 4534,2561 4578,2561 4623,2561 4668,2561 4695,2564"/>
               <TextEquiv>
                  <Unicode>dank Gottes Weisung, ergeben</Unicode>
               </TextEquiv>
            </TextLine>
            <TextLine id="r_3_tl_12" custom="readingOrder {index:11;}">
               <Coords points="3860,2625 4677,2625 4677,2574 4253,2554 3860,2574"/>
               <Baseline points="3898,2614 3943,2611 3987,2611 4032,2614 4077,2611 4122,2611 4166,2614 4211,2614 4256,2611 4301,2611 4346,2614 4390,2614 4435,2614 4480,2614 4525,2614 4569,2614 4614,2614 4659,2614 4695,2614"/>
               <TextEquiv>
                  <Unicode>hatte. Der gute Wille von 10 000</Unicode>
               </TextEquiv>
            </TextLine>
            <TextLine id="r_3_tl_13" custom="readingOrder {index:12;}">
               <Coords points="3873,2676 4671,2689 4671,2625 3873,2612"/>
               <Baseline points="3910,2668 3955,2665 3999,2665 4044,2665 4089,2665 4134,2665 4178,2665 4223,2668 4268,2665 4313,2668 4358,2665 4402,2665 4447,2665 4492,2665 4537,2668 4581,2668 4626,2668 4671,2668 4683,2668"/>
               <TextEquiv>
                  <Unicode>Teilnehmern war des Rätsels Lö¬</Unicode>
               </TextEquiv>
            </TextLine>
            <TextLine id="r_3_tl_14" custom="readingOrder {index:13;}">
               <Coords points="3867,2734 4677,2741 4677,2683 4600,2670 3867,2670"/>
               <Baseline points="3901,2719 3946,2719 3990,2722 4035,2719 4080,2719 4125,2719 4169,2719 4214,2719 4259,2719 4304,2719 4349,2719 4393,2722 4438,2722 4483,2722 4528,2722 4572,2722 4617,2722 4662,2722 4695,2722"/>
               <TextEquiv>
                  <Unicode>sung — Teilnehmern jeden Alters</Unicode>
               </TextEquiv>
            </TextLine>
            <TextLine id="r_3_tl_15" custom="readingOrder {index:14;}">
               <Coords points="3860,2786 4671,2792 4671,2734 4632,2728 3860,2728"/>
               <Baseline points="3898,2773 3943,2773 3987,2773 4032,2773 4077,2773 4122,2773 4166,2773 4211,2773 4256,2775 4301,2778 4346,2775 4390,2773 4435,2775 4480,2775 4525,2775 4569,2775 4614,2775 4659,2775 4689,2778"/>
               <TextEquiv>
                  <Unicode>und Charakters, jeden Standes,</Unicode>
               </TextEquiv>
            </TextLine>
            <TextLine id="r_3_tl_16" custom="readingOrder {index:15;}">
               <Coords points="3867,2850 4188,2831 4549,2857 4594,2831 4671,2837 4671,2786 4607,2779 3867,2792"/>
               <Baseline points="3904,2832 3925,2826 3969,2826 4014,2826 4059,2826 4104,2826 4149,2826 4193,2826 4238,2826 4283,2826 4328,2826 4372,2826 4417,2826 4462,2826 4507,2826 4552,2826 4596,2829 4641,2829 4686,2829"/>
               <TextEquiv>
                  <Unicode>jeder sozialen Klasse. Obwohl von</Unicode>
               </TextEquiv>
            </TextLine>
            <TextLine id="r_3_tl_17" custom="readingOrder {index:16;}">
               <Coords points="3867,2895 4523,2908 4562,2882 4600,2908 4677,2902 4677,2844 4555,2831 3867,2837"/>
               <Baseline points="3901,2880 3946,2880 3990,2880 4035,2880 4080,2880 4125,2880 4169,2880 4214,2880 4259,2883 4304,2883 4349,2880 4393,2880 4438,2880 4483,2880 4528,2880 4572,2883 4617,2883 4662,2883 4692,2886"/>
               <TextEquiv>
                  <Unicode>den nationalen Problemen nicht</Unicode>
               </TextEquiv>
            </TextLine>
            <TextLine id="r_3_tl_18" custom="readingOrder {index:17;}">
               <Coords points="3873,2940 4671,2953 4671,2895 4562,2882 3873,2895"/>
               <Baseline points="3907,2934 3952,2934 3996,2931 4041,2931 4086,2934 4131,2934 4175,2934 4220,2934 4265,2934 4310,2934 4355,2934 4399,2934 4444,2937 4489,2937 4534,2937 4578,2937 4623,2937 4668,2937 4686,2937"/>
               <TextEquiv>
                  <Unicode>wirklich die Rede war, wurde das</Unicode>
               </TextEquiv>
            </TextLine>
            <TextLine id="r_3_tl_19" custom="readingOrder {index:18;}">
               <Coords points="3860,3005 4002,2992 4040,3024 4085,2992 4188,3024 4362,2992 4516,3017 4587,2992 4671,3005 4671,2947 4607,2940 3860,2934"/>
               <Baseline points="3898,2987 3943,2987 3987,2987 4032,2987 4077,2987 4122,2987 4166,2987 4211,2987 4256,2987 4301,2987 4346,2987 4390,2990 4435,2990 4480,2987 4525,2990 4569,2990 4614,2990 4659,2990 4686,2993"/>
               <TextEquiv>
                  <Unicode>Beiwort «national» gerechtfertigt</Unicode>
               </TextEquiv>
            </TextLine>
            <TextLine id="r_3_tl_20" custom="readingOrder {index:19;}">
               <Coords points="3867,3056 4143,3062 4176,3037 4664,3062 4664,2992 3867,2998"/>
               <Baseline points="3904,3041 3949,3038 3993,3038 4038,3041 4083,3041 4128,3041 4172,3041 4217,3041 4262,3041 4307,3041 4352,3041 4396,3041 4441,3041 4486,3041 4531,3044 4575,3041 4620,3041 4665,3044 4674,3044"/>
               <TextEquiv>
                  <Unicode>durch den erstaunlichen Quer¬</Unicode>
               </TextEquiv>
            </TextLine>
            <TextLine id="r_3_tl_21" custom="readingOrder {index:20;}">
               <Coords points="3860,3108 4671,3120 4671,3056 4574,3043 3860,3050"/>
               <Baseline points="3898,3095 3943,3092 3987,3092 4032,3092 4077,3092 4122,3092 4166,3092 4211,3095 4256,3095 4301,3095 4346,3095 4390,3095 4435,3095 4480,3098 4525,3095 4569,3095 4614,3095 4659,3095 4686,3101"/>
               <TextEquiv>
                  <Unicode>schnitt durch unser Volk, den diese</Unicode>
               </TextEquiv>
            </TextLine>
            <TextLine id="r_3_tl_22" custom="readingOrder {index:21;}">
               <Coords points="3873,3165 4671,3159 4671,3108 3873,3101"/>
               <Baseline points="3910,3149 3955,3146 3999,3146 4044,3146 4089,3146 4134,3146 4178,3149 4223,3152 4268,3149 4313,3149 4358,3149 4402,3149 4447,3149 4492,3149 4537,3149 4581,3149 4626,3149 4671,3152 4683,3155"/>
               <TextEquiv>
                  <Unicode>Versammlung bot. Und in der</Unicode>
               </TextEquiv>
            </TextLine>
            <TextLine id="r_3_tl_23" custom="readingOrder {index:22;}">
               <Coords points="3867,3217 4652,3217 4652,3159 4600,3146 3867,3153"/>
               <Baseline points="3901,3202 3946,3199 3990,3199 4035,3199 4080,3199 4125,3199 4169,3199 4214,3202 4259,3202 4304,3202 4349,3202 4393,3202 4438,3202 4483,3202 4528,3202 4572,3202 4617,3202 4662,3202 4668,3205"/>
               <TextEquiv>
                  <Unicode>nicht endenden Reihe von Beken¬</Unicode>
               </TextEquiv>
            </TextLine>
            <TextLine id="r_3_tl_24" custom="readingOrder {index:23;}">
               <Coords points="3860,3275 4594,3275 4658,3268 4658,3217 3854,3210"/>
               <Baseline points="3898,3256 3943,3253 3987,3253 4032,3253 4077,3256 4122,3253 4166,3253 4211,3256 4256,3256 4301,3256 4346,3256 4390,3256 4435,3256 4480,3256 4525,3256 4569,3256 4614,3256 4659,3256 4677,3262"/>
               <TextEquiv>
                  <Unicode>nenden und Zeugen, die unbefan¬</Unicode>
               </TextEquiv>
            </TextLine>
            <TextLine id="r_3_tl_25" custom="readingOrder {index:24;}">
               <Coords points="3867,3333 4002,3339 4034,3313 4111,3346 4214,3313 4323,3346 4362,3313 4491,3313 4542,3339 4581,3313 4671,3326 4671,3268 4613,3262 3867,3268"/>
               <Baseline points="3901,3316 3946,3310 3990,3310 4035,3307 4080,3310 4125,3307 4169,3310 4214,3310 4259,3310 4304,3310 4349,3310 4393,3310 4438,3310 4483,3310 4528,3310 4572,3310 4617,3310 4662,3313 4689,3319"/>
               <TextEquiv>
                  <Unicode>gen vor dem Lautsprecher standen,</Unicode>
               </TextEquiv>
            </TextLine>
            <TextLine id="r_3_tl_26" custom="readingOrder {index:25;}">
               <Coords points="3867,3378 4549,3365 4574,3391 4664,3384 4664,3320 4587,3313 3867,3320"/>
               <Baseline points="3901,3361 3946,3361 3990,3361 4035,3361 4080,3361 4125,3364 4169,3361 4214,3361 4259,3364 4304,3364 4349,3364 4393,3364 4438,3364 4483,3364 4528,3364 4572,3364 4617,3364 4662,3364 4683,3369"/>
               <TextEquiv>
                  <Unicode>um der riesigen Familie ihrer</Unicode>
               </TextEquiv>
            </TextLine>
            <TextLine id="r_3_tl_27" custom="readingOrder {index:26;}">
               <Coords points="3860,3416 4664,3436 4664,3365 3860,3371"/>
               <Baseline points="3898,3414 3943,3414 3987,3414 4032,3414 4077,3414 4122,3414 4166,3414 4211,3414 4256,3414 4301,3417 4346,3417 4390,3417 4435,3417 4480,3417 4525,3417 4569,3417 4614,3417 4659,3417 4680,3420"/>
               <TextEquiv>
                  <Unicode>Freunde von ihrem Erlebnis, ihrer</Unicode>
               </TextEquiv>
            </TextLine>
            <TextLine id="r_3_tl_28" custom="readingOrder {index:27;}">
               <Coords points="3867,3481 4664,3487 4664,3429 4574,3416 3867,3416"/>
               <Baseline points="3904,3471 3949,3468 3993,3468 4038,3468 4083,3468 4128,3468 4172,3468 4217,3468 4262,3468 4307,3468 4352,3471 4396,3468 4441,3471 4486,3471 4531,3471 4575,3471 4620,3471 4665,3471 4680,3471"/>
               <TextEquiv>
                  <Unicode>Umkehr und Bekehrung, und von</Unicode>
               </TextEquiv>
            </TextLine>
            <TextLine id="r_3_tl_29" custom="readingOrder {index:28;}">
               <Coords points="3860,3539 3982,3519 4304,3551 4407,3526 4671,3545 4671,3481 4600,3474 3860,3481"/>
               <Baseline points="3898,3522 3943,3519 3987,3522 4032,3522 4077,3522 4122,3522 4166,3522 4211,3522 4256,3522 4301,3522 4346,3522 4390,3525 4435,3522 4480,3522 4525,3525 4569,3525 4614,3522 4659,3525 4689,3528"/>
               <TextEquiv>
                  <Unicode>der neuen Freudigkeit ihres Lebens</Unicode>
               </TextEquiv>
            </TextLine>
            <TextLine id="r_3_tl_30" custom="readingOrder {index:29;}">
               <Coords points="3860,3590 4664,3596 4664,3539 4555,3519 3860,3532"/>
               <Baseline points="3898,3575 3943,3572 3987,3572 4032,3575 4077,3572 4122,3575 4166,3575 4211,3575 4256,3575 4301,3575 4346,3575 4390,3575 4435,3575 4480,3575 4525,3575 4569,3578 4614,3578 4659,3578 4680,3578"/>
               <TextEquiv>
                  <Unicode>zu berichten, sah und hörte man</Unicode>
               </TextEquiv>
            </TextLine>
            <TextLine id="r_3_tl_31" custom="readingOrder {index:30;}">
               <Coords points="3860,3629 3963,3654 3989,3629 4105,3654 4652,3648 4658,3577 3854,3584"/>
               <Baseline points="3898,3626 3943,3626 3987,3629 4032,3626 4077,3626 4122,3626 4166,3629 4211,3629 4256,3629 4301,3629 4346,3629 4390,3629 4435,3629 4480,3629 4525,3629 4569,3632 4614,3629 4659,3632 4680,3635"/>
               <TextEquiv>
                  <Unicode>die Schicksale von Müttern und</Unicode>
               </TextEquiv>
            </TextLine>
            <TextLine id="r_3_tl_32" custom="readingOrder {index:31;}">
               <Coords points="3860,3693 4658,3706 4658,3642 4587,3635 3860,3629"/>
               <Baseline points="3898,3683 3943,3680 3987,3680 4032,3680 4077,3683 4122,3683 4166,3683 4211,3683 4256,3683 4301,3683 4346,3683 4390,3683 4435,3683 4480,3683 4525,3683 4569,3683 4614,3683 4659,3686 4677,3689"/>
               <TextEquiv>
                  <Unicode>Kindern, Ehegatten und Freunden</Unicode>
               </TextEquiv>
            </TextLine>
            <TextLine id="r_3_tl_33" custom="readingOrder {index:32;}">
               <Coords points="3867,3751 4664,3757 4664,3693 3867,3693"/>
               <Baseline points="3901,3734 3946,3734 3990,3734 4035,3734 4080,3737 4125,3737 4169,3734 4214,3734 4259,3737 4304,3737 4349,3737 4393,3737 4438,3740 4483,3740 4528,3737 4572,3737 4617,3740 4662,3740 4680,3743"/>
               <TextEquiv>
                  <Unicode>Lehrern und Schülern, Pfarrern</Unicode>
               </TextEquiv>
            </TextLine>
            <TextLine id="r_3_tl_34" custom="readingOrder {index:33;}">
               <Coords points="3860,3802 4658,3809 4658,3751 4600,3738 3860,3744"/>
               <Baseline points="3898,3790 3943,3787 3987,3787 4032,3787 4077,3790 4122,3790 4166,3790 4211,3787 4256,3790 4301,3787 4346,3790 4390,3790 4435,3790 4480,3790 4525,3790 4569,3790 4614,3790 4659,3793 4668,3796"/>
               <TextEquiv>
                  <Unicode>und zahm gewordenen Kommuni¬</Unicode>
               </TextEquiv>
            </TextLine>
            <TextLine id="r_3_tl_35" custom="readingOrder {index:34;}">
               <Coords points="3860,3854 4658,3860 4658,3802 3860,3802"/>
               <Baseline points="3897,3844 3937,3841 3981,3844 4026,3841 4071,3841 4116,3841 4160,3841 4205,3844 4250,3844 4295,3844 4340,3844 4384,3844 4429,3844 4474,3844 4519,3844 4563,3844 4608,3847 4653,3847 4677,3850"/>
               <TextEquiv>
                  <Unicode>sten, Arbeitgebern und Arbeiterrn,</Unicode>
               </TextEquiv>
            </TextLine>
            <TextLine id="r_3_tl_36" custom="readingOrder {index:35;}">
               <Coords points="3867,3912 4652,3918 4652,3847 3867,3847"/>
               <Baseline points="3904,3895 3949,3895 3993,3895 4038,3895 4083,3895 4128,3895 4172,3895 4217,3895 4262,3898 4307,3898 4352,3898 4396,3898 4441,3898 4486,3898 4531,3898 4575,3898 4620,3898 4665,3901"/>
               <TextEquiv>
                  <Unicode>Nachbarn in den engen Wohnun¬</Unicode>
               </TextEquiv>
            </TextLine>
            <TextLine id="r_3_tl_37" custom="readingOrder {index:36;}">
               <Coords points="3860,3982 3995,3950 4664,3970 4664,3912 3950,3892 3860,3912"/>
               <Baseline points="3898,3958 3919,3952 3963,3949 4008,3949 4053,3949 4098,3949 4143,3949 4187,3949 4232,3949 4277,3949 4322,3949 4366,3949 4411,3952 4456,3952 4501,3952 4546,3952 4590,3952 4635,3952 4680,3955"/>
               <TextEquiv>
                  <Unicode>gen von Mietskasernen — eine</Unicode>
               </TextEquiv>
            </TextLine>
            <TextLine id="r_3_tl_38" custom="readingOrder {index:37;}">
               <Coords points="3860,4021 4664,4021 4664,3963 3860,3957"/>
               <Baseline points="3898,4002 3943,4002 3987,4002 4032,4002 4077,4002 4122,4002 4166,4002 4211,4002 4256,4002 4301,4002 4346,4002 4390,4002 4435,4005 4480,4005 4525,4005 4569,4005 4614,4005 4659,4005 4680,4008"/>
               <TextEquiv>
                  <Unicode>Blitzlichtaufnahme des Alltags, wie</Unicode>
               </TextEquiv>
            </TextLine>
            <TextLine id="r_3_tl_39" custom="readingOrder {index:38;}">
               <Coords points="3860,4073 4664,4079 4664,4015 4600,4008 3860,4015"/>
               <Baseline points="3897,4056 3940,4056 3984,4056 4029,4056 4074,4056 4119,4056 4163,4056 4208,4056 4253,4056 4298,4056 4343,4056 4387,4056 4432,4056 4477,4059 4522,4059 4566,4059 4611,4059 4656,4059 4683,4062"/>
               <TextEquiv>
                  <Unicode>er sich sonst hinter den Mauern</Unicode>
               </TextEquiv>
            </TextLine>
            <TextLine id="r_3_tl_40" custom="readingOrder {index:39;}">
               <Coords points="3860,4143 3918,4137 3925,4143 3957,4137 3963,4143 3970,4137 4040,4143 4060,4130 4079,4130 4079,4060 3970,4066 3957,4053 3944,4066 3860,4066"/>
               <Baseline points="3898,4110 3943,4110 3987,4110 4032,4110 4077,4113 4092,4113"/>
               <TextEquiv>
                  <Unicode>verbirgt.\:p\</Unicode>
               </TextEquiv>
            </TextLine>
            <TextLine id="r_3_tl_41"
                      custom="readingOrder {index:40;} textStyle {offset:3;length:15;italic:true;}">
               <Coords points="4214,4130 4330,4137 4343,4124 4375,4150 4401,4137 4420,4150 4446,4130 4471,4150 4491,4130 4529,4143 4562,4130 4594,4150 4664,4130 4664,4073 4343,4066 4214,4079"/>
               <Baseline points="4250,4122 4295,4119 4340,4113 4384,4113 4429,4113 4474,4113 4519,4113 4563,4116 4608,4116 4653,4116 4683,4122"/>
               <TextEquiv>
                  <Unicode>\p\Annemarie Clark.\:p\</Unicode>
               </TextEquiv>
            </TextLine>
            <TextEquiv>
               <Unicode/>
            </TextEquiv>
         </TextRegion>
         <TextRegion id="r_7" custom="readingOrder {index:3;}">
            <Coords points="141,55 3781,55 3781,2822 141,2822"/>
            <TextLine id="l_99" custom="readingOrder {index:0;}">
               <Coords points="2278,2357 2632,2350 2632,2320 2277,2327"/>
               <Baseline points="2278,2357 2632,2350"/>
               <TextEquiv>
                  <Unicode>\f\5 Mitglieder der Oxford-Gruppe des Quartier du Bachet de Pesay vor Mikrophonen\:f\</Unicode>
               </TextEquiv>
            </TextLine>
            <TextEquiv>
               <Unicode/>
            </TextEquiv>
         </TextRegion>
         <TextRegion id="r_12" custom="readingOrder {index:4;}">
            <Coords points="2450,2830 3786,2830 3786,4002 2450,4002"/>
            <TextLine id="r_12_tl_1" custom="readingOrder {index:0;}">
               <Coords points="2606,2914 3571,2927 3571,2844 3461,2831 2606,2844"/>
               <Baseline points="2638,2901 2683,2898 2728,2898 2773,2898 2817,2898 2862,2895 2907,2895 2952,2895 2996,2898 3041,2898 3086,2895 3131,2898 3175,2898 3220,2895 3265,2895 3310,2895 3355,2898 3399,2898 3444,2898 3489,2898 3534,2898 3578,2901 3590,2904"/>
               <TextEquiv>
                  <Unicode>\fp\Das Quartier du Bachet de Pesay</Unicode>
               </TextEquiv>
            </TextLine>
            <TextLine id="r_12_tl_2" custom="readingOrder {index:1;}">
               <Coords points="2451,2985 3751,2985 3751,2914 3667,2908 2451,2914"/>
               <Baseline points="2489,2975 2534,2975 2578,2975 2623,2975 2668,2975 2713,2975 2758,2975 2802,2975 2847,2975 2892,2975 2937,2975 2981,2972 3026,2972 3071,2972 3116,2972 3161,2972 3205,2975 3250,2975 3295,2975 3340,2972 3384,2975 3429,2972 3474,2972 3519,2975 3564,2975 3608,2975 3653,2975 3698,2975 3743,2975 3769,2978"/>
               <TextEquiv>
                  <Unicode>ist ein proletarischer Häuserblock in der Genfer Vorstadt.</Unicode>
               </TextEquiv>
            </TextLine>
            <TextLine id="r_12_tl_3" custom="readingOrder {index:2;}">
               <Coords points="2458,3043 3751,3043 3751,2966 2458,2960"/>
               <Baseline points="2492,3023 2510,3023 2555,3020 2599,3023 2644,3023 2689,3023 2734,3023 2778,3023 2823,3023 2868,3023 2913,3023 2958,3023 3002,3023 3047,3023 3092,3023 3137,3023 3181,3023 3226,3023 3271,3026 3316,3026 3361,3023 3405,3023 3450,3023 3495,3023 3540,3023 3584,3023 3629,3023 3674,3023 3719,3023 3764,3020"/>
               <TextEquiv>
                  <Unicode>Etwa hundert Familien wohnen dort, — es gibt in den Mau¬</Unicode>
               </TextEquiv>
            </TextLine>
            <TextLine id="r_12_tl_4" custom="readingOrder {index:3;}">
               <Coords points="2464,3082 3744,3082 3744,3030 3513,3017 2464,3030"/>
               <Baseline points="2501,3071 2504,3071 2549,3071 2593,3071 2638,3071 2683,3071 2728,3071 2773,3071 2817,3071 2862,3071 2907,3071 2952,3071 2996,3071 3041,3071 3086,3071 3131,3068 3175,3071 3220,3071 3265,3071 3310,3071 3355,3071 3399,3071 3444,3071 3489,3071 3534,3071 3578,3071 3623,3071 3668,3071 3713,3071 3758,3068"/>
               <TextEquiv>
                  <Unicode>ern der Bachet viel Streit und Mißgunst, Armut, Familien¬</Unicode>
               </TextEquiv>
            </TextLine>
            <TextLine id="r_12_tl_5" custom="readingOrder {index:4;}">
               <Coords points="2464,3140 3751,3140 3751,3062 2464,3082"/>
               <Baseline points="2498,3122 2510,3119 2555,3119 2599,3119 2644,3119 2689,3119 2734,3119 2778,3119 2823,3119 2868,3119 2913,3119 2958,3119 3002,3119 3047,3119 3092,3119 3137,3119 3181,3119 3226,3119 3271,3119 3316,3119 3361,3119 3405,3119 3450,3119 3495,3119 3540,3119 3584,3119 3629,3119 3674,3119 3719,3119 3764,3119"/>
               <TextEquiv>
                  <Unicode>zwiste, Arbeitslosigkeit ... eine Summe von schwerem Men¬</Unicode>
               </TextEquiv>
            </TextLine>
            <TextLine id="r_12_tl_6" custom="readingOrder {index:5;}">
               <Coords points="2451,3185 3751,3191 3751,3127 3642,3120 2451,3127"/>
               <Baseline points="2489,3167 2534,3167 2578,3167 2623,3167 2668,3164 2713,3167 2758,3167 2802,3167 2847,3167 2892,3167 2937,3167 2981,3167 3026,3167 3071,3167 3116,3167 3161,3167 3205,3167 3250,3167 3295,3167 3340,3167 3384,3167 3429,3167 3474,3167 3519,3167 3564,3167 3608,3167 3653,3167 3698,3167 3743,3167 3764,3172"/>
               <TextEquiv>
                  <Unicode>schenschicksal. Und es gibt dort auch eine Oxford-Gruppe</Unicode>
               </TextEquiv>
            </TextLine>
            <TextLine id="r_12_tl_7" custom="readingOrder {index:6;}">
               <Coords points="2451,3236 3744,3223 3744,3165 2451,3172"/>
               <Baseline points="2489,3214 2534,3214 2578,3214 2623,3214 2668,3214 2713,3214 2758,3214 2802,3214 2847,3214 2892,3214 2937,3214 2981,3214 3026,3214 3071,3214 3116,3214 3161,3214 3205,3214 3250,3214 3295,3214 3340,3214 3384,3214 3429,3214 3474,3214 3519,3214 3564,3214 3608,3214 3653,3214 3698,3214 3743,3214 3761,3214"/>
               <TextEquiv>
                  <Unicode>die eine Equipe von fünf «Zeugen» an den Lautsprecher</Unicode>
               </TextEquiv>
            </TextLine>
            <TextLine id="r_12_tl_8" custom="readingOrder {index:7;}">
               <Coords points="2451,3268 3751,3281 3751,3223 2451,3223"/>
               <Baseline points="2489,3265 2513,3262 2558,3259 2602,3262 2647,3262 2692,3262 2737,3262 2781,3262 2826,3262 2871,3262 2916,3262 2961,3262 3005,3262 3050,3262 3095,3262 3140,3262 3184,3262 3229,3262 3274,3262 3319,3262 3364,3262 3408,3262 3453,3262 3498,3262 3543,3262 3587,3262 3632,3262 3677,3262 3722,3262 3766,3262"/>
               <TextEquiv>
                  <Unicode>nach Lausanne entsandt hat. Von links nach rechts: André</Unicode>
               </TextEquiv>
            </TextLine>
            <TextLine id="r_12_tl_9" custom="readingOrder {index:8;}">
               <Coords points="2464,3326 3757,3320 3757,3255 2464,3268"/>
               <Baseline points="2498,3310 2543,3310 2587,3310 2632,3310 2677,3310 2722,3310 2767,3310 2811,3310 2856,3310 2901,3310 2946,3310 2990,3310 3035,3310 3080,3310 3125,3310 3170,3310 3214,3310 3259,3310 3304,3310 3349,3310 3393,3310 3438,3310 3483,3310 3528,3310 3572,3310 3617,3310 3662,3310 3707,3313 3752,3310 3775,3316"/>
               <TextEquiv>
                  <Unicode>Ferrero ist Chemiker. Er liebte früher die Arbeiter nicht, sie</Unicode>
               </TextEquiv>
            </TextLine>
            <TextLine id="r_12_tl_10" custom="readingOrder {index:9;}">
               <Coords points="2471,3365 3751,3378 3751,3313 2471,3320"/>
               <Baseline points="2504,3361 2549,3358 2593,3358 2638,3358 2683,3358 2728,3358 2773,3358 2817,3358 2862,3361 2907,3358 2952,3358 2996,3358 3041,3358 3086,3358 3131,3358 3175,3358 3220,3358 3265,3358 3310,3358 3355,3358 3399,3358 3444,3358 3489,3358 3534,3358 3578,3358 3623,3358 3668,3361 3713,3358 3758,3361 3769,3364"/>
               <TextEquiv>
                  <Unicode>waren ihm fremd, er fürchtete sie. Heute aber sind sie, die</Unicode>
               </TextEquiv>
            </TextLine>
            <TextLine id="r_12_tl_11" custom="readingOrder {index:10;}">
               <Coords points="2451,3410 3751,3423 3751,3352 2451,3365"/>
               <Baseline points="2489,3408 2534,3405 2578,3405 2623,3405 2668,3405 2713,3405 2758,3405 2802,3405 2847,3405 2892,3405 2937,3405 2981,3405 3026,3405 3071,3405 3116,3405 3161,3405 3205,3405 3250,3405 3295,3405 3340,3405 3384,3405 3429,3405 3474,3405 3519,3405 3564,3405 3608,3408 3653,3408 3698,3405 3743,3408 3764,3408"/>
               <TextEquiv>
                  <Unicode>Bewohner des Bachet, seine besten Freunde. Monsieur Junod</Unicode>
               </TextEquiv>
            </TextLine>
            <TextLine id="r_12_tl_12" custom="readingOrder {index:11;}">
               <Coords points="2451,3468 3751,3474 3751,3416 3629,3403 2451,3403"/>
               <Baseline points="2489,3456 2534,3453 2578,3453 2623,3453 2668,3453 2713,3453 2758,3453 2802,3453 2847,3453 2892,3453 2937,3453 2981,3456 3026,3456 3071,3456 3116,3453 3161,3453 3205,3453 3250,3456 3295,3453 3340,3453 3384,3453 3429,3453 3474,3453 3519,3453 3564,3456 3608,3456 3653,3456 3698,3456 3743,3456 3764,3459"/>
               <TextEquiv>
                  <Unicode>ist von Beruf Magaziner, er hat eine Tochter von 10 Jahren.</Unicode>
               </TextEquiv>
            </TextLine>
            <TextLine id="r_12_tl_13" custom="readingOrder {index:12;}">
               <Coords points="2451,3506 3738,3519 3738,3461 3506,3448 2451,3461"/>
               <Baseline points="2489,3504 2534,3501 2578,3504 2623,3504 2668,3504 2713,3501 2758,3504 2802,3501 2847,3504 2892,3504 2937,3501 2981,3501 3026,3504 3071,3504 3116,3504 3161,3504 3205,3504 3250,3504 3295,3504 3340,3501 3384,3501 3429,3504 3474,3504 3519,3504 3564,3504 3608,3504 3653,3504 3698,3501 3743,3504 3752,3504"/>
               <TextEquiv>
                  <Unicode>Er ist es, der den Anstoß gegeben, die ersten Freunde gewor¬</Unicode>
               </TextEquiv>
            </TextLine>
            <TextLine id="r_12_tl_14" custom="readingOrder {index:13;}">
               <Coords points="2451,3571 3751,3564 3751,3513 3648,3506 2451,3513"/>
               <Baseline points="2489,3552 2534,3549 2578,3552 2623,3552 2668,3552 2713,3552 2758,3549 2802,3552 2847,3549 2892,3552 2937,3552 2981,3555 3026,3552 3071,3549 3116,3552 3161,3552 3205,3552 3250,3552 3295,3549 3340,3552 3384,3555 3429,3552 3474,3552 3519,3552 3564,3552 3608,3552 3653,3552 3698,3552 3743,3552 3766,3555"/>
               <TextEquiv>
                  <Unicode>ben hat. Frau Rochat gehört zu ihnen, — ihr Mann ist</Unicode>
               </TextEquiv>
            </TextLine>
            <TextLine id="r_12_tl_15" custom="readingOrder {index:14;}">
               <Coords points="2451,3603 3744,3616 3744,3551 2451,3558"/>
               <Baseline points="2489,3599 2534,3599 2578,3596 2623,3599 2668,3599 2713,3602 2758,3599 2802,3599 2847,3599 2892,3599 2937,3599 2981,3599 3026,3596 3071,3599 3116,3599 3161,3599 3205,3599 3250,3602 3295,3599 3340,3599 3384,3599 3429,3599 3474,3599 3519,3599 3564,3599 3608,3599 3653,3599 3698,3599 3743,3599 3758,3602"/>
               <TextEquiv>
                  <Unicode>arbeitslos, — als sie, durch Armut gezwungen, in das übel¬</Unicode>
               </TextEquiv>
            </TextLine>
            <TextLine id="r_12_tl_16" custom="readingOrder {index:15;}">
               <Coords points="2451,3667 3751,3661 3751,3603 3648,3596 2451,3603"/>
               <Baseline points="2489,3650 2534,3647 2578,3647 2623,3647 2668,3647 2713,3647 2758,3647 2802,3647 2847,3647 2892,3647 2937,3647 2981,3647 3026,3647 3071,3647 3116,3644 3161,3647 3205,3647 3250,3647 3295,3647 3340,3647 3384,3647 3429,3647 3474,3647 3519,3647 3564,3647 3608,3647 3653,3647 3698,3647 3743,3647 3769,3653"/>
               <TextEquiv>
                  <Unicode>beleumdete Bachet ziehen mußten, genierte sie sich, diese</Unicode>
               </TextEquiv>
            </TextLine>
            <TextLine id="r_12_tl_17" custom="readingOrder {index:16;}">
               <Coords points="2451,3712 3744,3719 3744,3654 3687,3648 2451,3654"/>
               <Baseline points="2489,3695 2534,3692 2578,3692 2623,3695 2668,3695 2713,3695 2758,3695 2802,3692 2847,3692 2892,3695 2937,3695 2981,3692 3026,3692 3071,3695 3116,3695 3161,3692 3205,3695 3250,3695 3295,3695 3340,3695 3384,3695 3429,3695 3474,3695 3519,3695 3564,3695 3608,3695 3653,3695 3698,3695 3743,3695 3761,3701"/>
               <TextEquiv>
                  <Unicode>Adresse zu nennen. Heute ist sie stolz, daß sie zur Equipe</Unicode>
               </TextEquiv>
            </TextLine>
            <TextLine id="r_12_tl_18" custom="readingOrder {index:17;}">
               <Coords points="2451,3751 3744,3764 3744,3699 2451,3693"/>
               <Baseline points="2489,3743 2534,3743 2578,3743 2623,3743 2668,3743 2713,3746 2758,3743 2802,3743 2847,3743 2892,3746 2937,3743 2981,3743 3026,3743 3071,3743 3116,3743 3161,3743 3205,3743 3250,3743 3295,3743 3340,3743 3384,3743 3429,3743 3474,3743 3519,3743 3564,3743 3608,3743 3653,3743 3698,3743 3743,3746 3758,3746"/>
               <TextEquiv>
                  <Unicode>des Bachet gehört. Jeltsch ist Bauarbeiter, 35 Jahre alt, ver¬</Unicode>
               </TextEquiv>
            </TextLine>
            <TextLine id="r_12_tl_19" custom="readingOrder {index:18;}">
               <Coords points="2451,3802 3751,3809 3751,3751 3661,3738 2451,3751"/>
               <Baseline points="2489,3793 2534,3790 2578,3790 2623,3790 2668,3793 2713,3790 2758,3790 2802,3790 2847,3790 2892,3790 2937,3790 2981,3793 3026,3790 3071,3790 3116,3790 3161,3790 3205,3790 3250,3793 3295,3793 3340,3790 3384,3790 3429,3790 3474,3790 3519,3790 3564,3790 3608,3790 3653,3790 3698,3790 3743,3790 3769,3796"/>
               <TextEquiv>
                  <Unicode>heiratet. Er hat früher getrunken, — man kann sich bei</Unicode>
               </TextEquiv>
            </TextLine>
            <TextLine id="r_12_tl_20" custom="readingOrder {index:19;}">
               <Coords points="2458,3860 3744,3854 3744,3796 3693,3789 2458,3802"/>
               <Baseline points="2492,3841 2537,3838 2581,3838 2626,3838 2671,3838 2716,3841 2761,3838 2805,3838 2850,3838 2895,3838 2940,3838 2984,3841 3029,3838 3074,3838 3119,3838 3164,3838 3208,3838 3253,3838 3298,3838 3343,3838 3387,3838 3432,3838 3477,3838 3522,3838 3566,3838 3611,3838 3656,3838 3701,3838 3746,3841 3761,3844"/>
               <TextEquiv>
                  <Unicode>seiner Frau erkundigen, wie es damals um sein Familienleben</Unicode>
               </TextEquiv>
            </TextLine>
            <TextLine id="r_12_tl_21" custom="readingOrder {index:20;}">
               <Coords points="2451,3899 3744,3905 3744,3847 3693,3841 2451,3841"/>
               <Baseline points="2489,3889 2534,3886 2578,3886 2623,3886 2668,3886 2713,3886 2758,3889 2802,3886 2847,3886 2892,3886 2937,3886 2981,3889 3026,3886 3071,3886 3116,3886 3161,3886 3205,3889 3250,3886 3295,3886 3340,3889 3384,3886 3429,3889 3474,3886 3519,3886 3564,3886 3608,3886 3653,3886 3698,3889 3743,3889 3761,3889"/>
               <TextEquiv>
                  <Unicode>und um den Haushalt stand. Er kam zu keiner Mahlzeit</Unicode>
               </TextEquiv>
            </TextLine>
            <TextLine id="r_12_tl_22" custom="readingOrder {index:21;}">
               <Coords points="2458,3957 3744,3950 3744,3886 2458,3899"/>
               <Baseline points="2492,3943 2537,3937 2581,3937 2626,3934 2671,3937 2716,3937 2761,3934 2805,3937 2850,3934 2895,3934 2940,3934 2984,3937 3029,3937 3074,3934 3119,3937 3164,3934 3208,3934 3253,3934 3298,3937 3343,3934 3387,3934 3432,3937 3477,3934 3522,3937 3566,3937 3611,3937 3656,3937 3701,3937 3746,3943 3761,3943"/>
               <TextEquiv>
                  <Unicode>pünktlich nach Hause. Eines Nachts, auf dem Heimweg</Unicode>
               </TextEquiv>
            </TextLine>
            <TextLine id="r_12_tl_23" custom="readingOrder {index:22;}">
               <Coords points="2451,3995 3751,4002 3751,3931 2451,3937"/>
               <Baseline points="2489,3984 2534,3981 2578,3981 2623,3984 2668,3984 2713,3981 2758,3981 2802,3981 2847,3984 2892,3981 2937,3981 2981,3981 3026,3981 3071,3981 3116,3981 3161,3981 3205,3981 3250,3981 3295,3981 3340,3981 3384,3981 3429,3981 3474,3984 3519,3984 3564,3984 3608,3981 3653,3984 3698,3981 3743,3984 3764,3990"/>
               <TextEquiv>
                  <Unicode>wurde er beinahe von einem Auto überfahren, — aber Gott</Unicode>
               </TextEquiv>
            </TextLine>
            <TextEquiv>
               <Unicode/>
            </TextEquiv>
         </TextRegion>
         <TextRegion id="r_17" custom="readingOrder {index:5;}">
            <Coords points="496,3998 3791,3998 3791,4149 496,4149"/>
            <TextLine id="r_17_tl_1" custom="readingOrder {index:0;}">
               <Coords points="463,4034 3751,4040 3751,3976 463,3970"/>
               <Baseline points="501,4029 546,4026 591,4026 635,4026 680,4026 725,4026 770,4026 814,4026 859,4026 904,4026 949,4026 993,4026 1038,4026 1083,4026 1128,4026 1173,4026 1217,4026 1262,4026 1307,4026 1352,4026 1396,4026 1441,4029 1486,4026 1531,4026 1576,4026 1620,4026 1665,4029 1710,4029 1755,4026 1799,4029 1844,4026 1889,4026 1934,4029 1979,4029 2023,4029 2068,4029 2113,4029 2158,4029 2202,4029 2247,4029 2292,4026 2337,4026 2381,4026 2426,4029 2471,4029 2516,4029 2561,4032 2605,4032 2650,4032 2695,4029 2740,4029 2784,4029 2829,4029 2874,4029 2919,4029 2964,4029 3008,4032 3053,4029 3098,4029 3143,4032 3187,4029 3232,4029 3277,4032 3322,4032 3367,4032 3411,4029 3456,4029 3501,4032 3546,4029 3590,4029 3635,4032 3680,4032 3725,4032 3764,4038"/>
               <TextEquiv>
                  <Unicode>zupfte ihn im richtigen Augenblick am Aermel, - und dies wurde auch der Augenblick seiner Bekehrung. Er ließ seine beiden Söhne taufen, trat der Oxford-Gruppe</Unicode>
               </TextEquiv>
            </TextLine>
            <TextLine id="r_17_tl_2" custom="readingOrder {index:1;}">
               <Coords points="463,4085 3751,4092 3751,4040 3699,4034 463,4028"/>
               <Baseline points="501,4074 546,4074 591,4074 635,4074 680,4074 725,4074 770,4074 814,4074 859,4074 904,4074 949,4074 993,4074 1038,4074 1083,4077 1128,4074 1173,4074 1217,4074 1262,4077 1307,4074 1352,4074 1396,4077 1441,4077 1486,4074 1531,4074 1576,4074 1620,4077 1665,4077 1710,4077 1755,4077 1799,4077 1844,4077 1889,4080 1934,4077 1979,4077 2023,4077 2068,4077 2113,4077 2158,4077 2202,4077 2247,4077 2292,4077 2337,4077 2381,4077 2426,4077 2471,4077 2516,4080 2561,4080 2605,4077 2650,4077 2695,4077 2740,4077 2784,4077 2829,4077 2874,4077 2919,4077 2964,4077 3008,4080 3053,4080 3098,4080 3143,4080 3187,4080 3232,4077 3277,4080 3322,4077 3367,4080 3411,4080 3456,4080 3501,4077 3546,4080 3590,4080 3635,4080 3680,4080 3725,4080 3769,4083"/>
               <TextEquiv>
                  <Unicode>bei, und gab das Trinken auf. Der alte Herr Martin war 32 Jahre lang Pfarrer, — er wohnt im feinen Quartier der Eaux Vives, wo man von der Existenz des Bachet</Unicode>
               </TextEquiv>
            </TextLine>
            <TextLine id="r_17_tl_3" custom="readingOrder {index:2;}">
               <Coords points="463,4150 3751,4163 3751,4085 3545,4079 463,4079"/>
               <Baseline points="501,4122 546,4122 591,4122 635,4122 680,4125 725,4122 770,4122 814,4125 859,4122 904,4125 949,4125 993,4122 1038,4125 1083,4125 1128,4125 1173,4125 1217,4125 1262,4125 1307,4125 1352,4125 1396,4125 1441,4125 1486,4125 1531,4125 1576,4125 1620,4125 1665,4125 1710,4125 1755,4125 1799,4125 1844,4125 1889,4125 1934,4131 1979,4125 2023,4125 2068,4125 2113,4125 2158,4125 2202,4125 2247,4128 2292,4125 2337,4125 2381,4125 2426,4128 2471,4128 2516,4128 2561,4128 2605,4128 2650,4128 2695,4128 2740,4128 2784,4128 2829,4128 2874,4128 2919,4128 2964,4128 3008,4128 3053,4128 3098,4128 3143,4128 3187,4128 3232,4128 3277,4128 3322,4131 3367,4128 3411,4128 3456,4128 3501,4128 3546,4131 3590,4128 3635,4128 3680,4128 3725,4131 3764,4134"/>
               <TextEquiv>
                  <Unicode>de Pesay wenig ahnt. Aber sein Freund Junod hat ihn dort hingeführt, – und heute ist er eine Art von Adoptivonkel der Equipe, und legt mit ihnen Zeugnis ab.\:fp\</Unicode>
               </TextEquiv>
            </TextLine>
            <TextEquiv>
               <Unicode/>
            </TextEquiv>
         </TextRegion>
         <TextRegion id="r_22" custom="readingOrder {index:6;}">
            <Coords points="509,4163 1822,4163 1822,4824 509,4824"/>
            <TextLine id="r_22_tl_1"
                      custom="readingOrder {index:0;} textStyle {offset:4;length:58;italic:true;}">
               <Coords points="476,4214 1769,4208 1769,4156 1686,4150 476,4150"/>
               <Baseline points="509,4196 549,4196 594,4193 638,4193 683,4193 728,4193 773,4193 817,4196 862,4193 907,4193 952,4193 996,4193 1041,4196 1086,4196 1131,4193 1176,4196 1220,4196 1265,4196 1310,4196 1355,4196 1399,4196 1444,4196 1489,4193 1534,4193 1579,4196 1623,4193 1668,4196 1713,4196 1758,4196 1787,4199"/>
               <TextEquiv>
                  <Unicode>\fp\Le quartier du Bachet de Pesay, à Genève, habite nombre de</Unicode>
               </TextEquiv>
            </TextLine>
            <TextLine id="r_22_tl_2"
                      custom="readingOrder {index:1;} textStyle {offset:0;length:63;italic:true;}">
               <Coords points="476,4253 1763,4259 1763,4176 476,4208"/>
               <Baseline points="510,4247 555,4241 599,4241 644,4241 689,4244 734,4241 779,4244 823,4244 868,4244 913,4244 958,4244 1002,4244 1047,4244 1092,4244 1137,4244 1182,4244 1226,4244 1271,4244 1316,4244 1361,4244 1405,4244 1450,4244 1495,4244 1540,4244 1585,4244 1629,4247 1674,4244 1719,4244 1764,4244 1782,4247"/>
               <TextEquiv>
                  <Unicode>pauvres gens. Les difficultés matérielles, le chômage, l'alcoo¬</Unicode>
               </TextEquiv>
            </TextLine>
            <TextLine id="r_22_tl_3"
                      custom="readingOrder {index:2;} textStyle {offset:0;length:59;italic:true;}">
               <Coords points="476,4304 1776,4304 1776,4253 1628,4246 476,4246"/>
               <Baseline points="509,4291 546,4289 591,4289 635,4292 680,4292 725,4292 770,4292 814,4292 859,4292 904,4292 949,4292 993,4292 1038,4292 1083,4292 1128,4292 1173,4292 1217,4292 1262,4292 1307,4292 1352,4292 1396,4292 1441,4292 1486,4292 1531,4292 1576,4292 1620,4292 1665,4292 1710,4292 1755,4292 1790,4298"/>
               <TextEquiv>
                  <Unicode>lisme engendrent un mauvais état d'esprit. Entre locataires</Unicode>
               </TextEquiv>
            </TextLine>
            <TextLine id="r_22_tl_4"
                      custom="readingOrder {index:3;} textStyle {offset:0;length:63;italic:true;}">
               <Coords points="476,4356 1776,4356 1776,4298 1731,4291 476,4298"/>
               <Baseline points="509,4342 549,4340 594,4340 638,4337 683,4340 728,4340 773,4340 817,4340 862,4340 907,4340 952,4340 996,4340 1041,4340 1086,4340 1131,4340 1176,4340 1220,4340 1265,4340 1310,4343 1355,4340 1399,4340 1444,4340 1489,4340 1534,4340 1579,4340 1623,4343 1668,4340 1713,4340 1758,4340 1790,4343"/>
               <TextEquiv>
                  <Unicode>les relations étaient tendues. Mais où sévissaient les disputes</Unicode>
               </TextEquiv>
            </TextLine>
            <TextLine id="r_22_tl_5"
                      custom="readingOrder {index:4;} textStyle {offset:0;length:59;italic:true;}">
               <Coords points="476,4407 1776,4407 1776,4343 1731,4336 476,4349"/>
               <Baseline points="510,4390 555,4387 599,4387 644,4387 689,4387 734,4387 779,4387 823,4387 868,4387 913,4387 958,4387 1002,4387 1047,4387 1092,4387 1137,4387 1182,4387 1226,4390 1271,4387 1316,4390 1361,4390 1405,4387 1450,4387 1495,4390 1540,4390 1585,4387 1629,4387 1674,4390 1719,4387 1764,4390 1790,4390"/>
               <TextEquiv>
                  <Unicode>et les haines, une "Equipe" d'Oxford a changé l'atmosphère.</Unicode>
               </TextEquiv>
            </TextLine>
            <TextLine id="r_22_tl_6"
                      custom="readingOrder {index:5;} textStyle {offset:0;length:57;italic:true;}">
               <Coords points="476,4452 1776,4465 1776,4381 476,4394"/>
               <Baseline points="509,4438 546,4435 591,4435 635,4435 680,4435 725,4435 770,4435 814,4435 859,4435 904,4435 949,4435 993,4435 1038,4435 1083,4435 1128,4435 1173,4435 1217,4438 1262,4435 1307,4438 1352,4435 1396,4435 1441,4435 1486,4435 1531,4438 1576,4435 1620,4438 1665,4438 1710,4435 1755,4438 1790,4441"/>
               <TextEquiv>
                  <Unicode>Aujourd'hui tous les habitants de cet immeuble ne forment</Unicode>
               </TextEquiv>
            </TextLine>
            <TextLine id="r_22_tl_7"
                      custom="readingOrder {index:6;} textStyle {offset:0;length:58;italic:true;}">
               <Coords points="476,4504 1769,4504 1769,4446 1628,4439 476,4446"/>
               <Baseline points="509,4489 552,4483 596,4486 641,4483 686,4483 731,4483 776,4486 820,4486 865,4483 910,4486 955,4486 999,4486 1044,4483 1089,4486 1134,4486 1179,4486 1223,4486 1268,4486 1313,4486 1358,4486 1402,4486 1447,4486 1492,4486 1537,4486 1582,4486 1626,4486 1671,4486 1716,4486 1761,4483 1787,4489"/>
               <TextEquiv>
                  <Unicode>plus qu'une grande famille. Cinq d'entre eux ont été délé¬</Unicode>
               </TextEquiv>
            </TextLine>
            <TextLine id="r_22_tl_8"
                      custom="readingOrder {index:7;} textStyle {offset:0;length:58;italic:true;}">
               <Coords points="476,4555 1776,4542 1776,4484 476,4497"/>
               <Baseline points="509,4536 549,4534 594,4534 638,4534 683,4534 728,4531 773,4531 817,4531 862,4534 907,4531 952,4534 996,4534 1041,4534 1086,4531 1131,4531 1176,4534 1220,4534 1265,4534 1310,4534 1355,4534 1399,4534 1444,4534 1489,4534 1534,4534 1579,4534 1623,4534 1668,4534 1713,4531 1758,4534 1790,4537"/>
               <TextEquiv>
                  <Unicode>gués à Lausanne pour apporter leur témoignage. De gauche à</Unicode>
               </TextEquiv>
            </TextLine>
            <TextLine id="r_22_tl_9"
                      custom="readingOrder {index:8;} textStyle {offset:0;length:59;italic:true;}">
               <Coords points="476,4600 1769,4594 1769,4542 1634,4529 476,4536"/>
               <Baseline points="509,4581 549,4578 594,4578 638,4581 683,4578 728,4578 773,4581 817,4578 862,4578 907,4581 952,4581 996,4581 1041,4581 1086,4581 1131,4581 1176,4581 1220,4581 1265,4584 1310,4584 1355,4581 1399,4581 1444,4581 1489,4581 1534,4581 1579,4581 1623,4581 1668,4581 1713,4581 1758,4581 1787,4581"/>
               <TextEquiv>
                  <Unicode>droite: MM. André Ferrero, chimiste, Junod, magasinier. Ma¬</Unicode>
               </TextEquiv>
            </TextLine>
            <TextLine id="r_22_tl_10"
                      custom="readingOrder {index:9;} textStyle {offset:0;length:54;italic:true;}">
               <Coords points="476,4639 1769,4645 1769,4587 1628,4568 476,4587"/>
               <Baseline points="509,4629 552,4626 596,4626 641,4629 686,4626 731,4629 776,4629 820,4629 865,4629 910,4629 955,4629 999,4629 1044,4629 1089,4629 1134,4629 1179,4629 1223,4629 1268,4629 1313,4632 1358,4632 1402,4632 1447,4629 1492,4629 1537,4629 1582,4629 1626,4629 1671,4629 1716,4629 1761,4629 1787,4632"/>
               <TextEquiv>
                  <Unicode>dame Rochat, M. Jeltsch, maçon, et le pasteur des Eaux</Unicode>
               </TextEquiv>
            </TextLine>
            <TextLine id="r_22_tl_11"
                      custom="readingOrder {index:10;} textStyle {offset:0;length:55;italic:true;}">
               <Coords points="476,4690 1776,4690 1776,4626 476,4632"/>
               <Baseline points="509,4677 552,4677 596,4677 641,4677 686,4677 731,4677 776,4677 820,4677 865,4677 910,4677 955,4677 999,4677 1044,4677 1089,4677 1134,4677 1179,4677 1223,4677 1268,4677 1313,4677 1358,4677 1402,4680 1447,4677 1492,4680 1537,4677 1582,4677 1626,4680 1671,4677 1716,4677 1761,4677 1790,4680"/>
               <TextEquiv>
                  <Unicode>Vives, M. Martin. C'est Monsieur Junod qui, aidé par le</Unicode>
               </TextEquiv>
            </TextLine>
            <TextLine id="r_22_tl_12"
                      custom="readingOrder {index:11;} textStyle {offset:0;length:61;italic:true;}">
               <Coords points="476,4748 1776,4748 1776,4684 1731,4677 476,4690"/>
               <Baseline points="509,4730 552,4725 596,4725 641,4725 686,4725 731,4725 776,4725 820,4725 865,4725 910,4725 955,4725 999,4725 1044,4725 1089,4725 1134,4725 1179,4728 1223,4728 1268,4728 1313,4725 1358,4728 1402,4728 1447,4731 1492,4731 1537,4728 1582,4728 1626,4728 1671,4728 1716,4725 1761,4725 1793,4731"/>
               <TextEquiv>
                  <Unicode>pasteur Martin ("oncle adoptif" de l'Equipe), accomplit cette</Unicode>
               </TextEquiv>
            </TextLine>
            <TextLine id="r_22_tl_13"
                      custom="readingOrder {index:12;} textStyle {offset:0;length:35;italic:true;}">
               <Coords points="476,4806 1216,4800 1216,4729 476,4735"/>
               <Baseline points="509,4780 513,4778 558,4775 602,4772 647,4775 692,4775 737,4772 782,4775 826,4775 871,4775 916,4775 961,4775 1005,4775 1050,4775 1095,4775 1140,4775 1185,4775 1229,4775"/>
               <TextEquiv>
                  <Unicode>grande œuvre de solidarité sociale.\:fp\</Unicode>
               </TextEquiv>
            </TextLine>
            <TextEquiv>
               <Unicode/>
            </TextEquiv>
         </TextRegion>
         <TextRegion id="r_28" custom="readingOrder {index:7;}">
            <Coords points="495,2625 2434,2625 2434,3817 495,3817"/>
            <TextLine id="l_8" custom="readingOrder {index:0;}">
               <Coords points="1136,3635 1363,3635 1363,3605 1136,3605"/>
               <Baseline points="1136,3635 1363,3635"/>
               <TextEquiv>
                  <Unicode>\f\Gruppenbild der Oxford-Gruppe aus dem Quartier du Bachet de Pesay\:f\</Unicode>
               </TextEquiv>
            </TextLine>
            <TextEquiv>
               <Unicode/>
            </TextEquiv>
         </TextRegion>
         <TextRegion id="r_29" custom="readingOrder {index:8;}">
            <Coords points="934,3782 1913,3782 1913,3923 934,3923"/>
            <TextLine id="r_29_tl_1" custom="readingOrder {index:0;}">
               <Coords points="920,3854 1885,3847 1885,3783 1737,3783 1711,3757 920,3783"/>
               <Baseline points="955,3826 999,3826 1044,3826 1089,3823 1134,3823 1179,3823 1223,3823 1268,3823 1313,3823 1358,3826 1402,3826 1447,3826 1492,3826 1537,3826 1582,3826 1626,3823 1671,3826 1716,3826 1761,3823 1805,3823 1850,3823 1895,3829 1898,3829"/>
               <TextEquiv>
                  <Unicode>\fp\Die Oxford-Gruppe aus dem großen Mietshaus.\:fp\</Unicode>
               </TextEquiv>
            </TextLine>
            <TextLine id="r_29_tl_2"
                      custom="readingOrder {index:1;} textStyle {offset:4;length:29;italic:true;}">
               <Coords points="1100,3925 1718,3918 1718,3847 1673,3841 1100,3841"/>
               <Baseline points="1137,3901 1149,3898 1193,3898 1238,3898 1283,3895 1328,3895 1373,3895 1417,3898 1462,3898 1507,3898 1552,3895 1596,3895 1641,3895 1686,3898 1731,3898"/>
               <TextEquiv>
                  <Unicode>\fp\Les locataires de l'immeuble.\:fp\</Unicode>
               </TextEquiv>
            </TextLine>
            <TextEquiv>
               <Unicode/>
            </TextEquiv>
         </TextRegion>
         <TextRegion id="r_54" custom="readingOrder {index:9;}">
            <Coords points="1894,4209 4789,4209 4789,5914 1894,5914"/>
            <TextLine id="l_12" custom="readingOrder {index:0;}">
               <Coords points="2149,5296 2404,5290 2403,5260 2148,5266"/>
               <Baseline points="2149,5296 2404,5290"/>
               <TextEquiv>
                  <Unicode>\f\5 Freunde einer Oxford-Gruppe aus Basel\:f\</Unicode>
               </TextEquiv>
            </TextLine>
            <TextEquiv>
               <Unicode/>
            </TextEquiv>
         </TextRegion>
         <TextRegion id="r_59" custom="readingOrder {index:10;}">
            <Coords points="477,4991 1820,4991 1820,5914 477,5914"/>
            <TextLine id="r_59_tl_1" custom="readingOrder {index:0;}">
               <Coords points="457,5063 1769,5070 1769,4986 457,4993"/>
               <Baseline points="495,5053 522,5050 567,5050 611,5050 656,5050 701,5050 746,5050 791,5050 835,5050 880,5050 925,5050 970,5050 1014,5050 1059,5050 1104,5050 1149,5050 1193,5050 1238,5050 1283,5050 1328,5050 1373,5050 1417,5050 1462,5050 1507,5050 1552,5050 1596,5050 1641,5050 1686,5050 1731,5050 1776,5050"/>
               <TextEquiv>
                  <Unicode>\fp\Die fünf Freunde aus Basel: Sie stehen in einer Reihe neben¬</Unicode>
               </TextEquiv>
            </TextLine>
            <TextLine id="r_59_tl_2" custom="readingOrder {index:1;}">
               <Coords points="463,5121 1776,5108 1776,5050 1724,5044 463,5057"/>
               <Baseline points="498,5101 543,5098 588,5098 632,5098 677,5101 722,5098 767,5098 811,5098 856,5098 901,5098 946,5098 990,5098 1035,5098 1080,5098 1125,5098 1170,5098 1214,5098 1259,5098 1304,5098 1349,5098 1393,5098 1438,5098 1483,5101 1528,5098 1573,5098 1617,5098 1662,5098 1707,5098 1752,5098 1790,5101"/>
               <TextEquiv>
                  <Unicode>einander, ein Architekt, zwei Geschäftsleute, ein Chemiker,</Unicode>
               </TextEquiv>
            </TextLine>
            <TextLine id="r_59_tl_3" custom="readingOrder {index:2;}">
               <Coords points="463,5160 1776,5166 1776,5102 463,5108"/>
               <Baseline points="498,5149 543,5146 588,5146 632,5146 677,5146 722,5146 767,5146 811,5146 856,5146 901,5146 946,5146 990,5146 1035,5146 1080,5146 1125,5146 1170,5146 1214,5146 1259,5146 1304,5146 1349,5146 1393,5146 1438,5146 1483,5146 1528,5146 1573,5146 1617,5146 1662,5146 1707,5146 1752,5146 1790,5149"/>
               <TextEquiv>
                  <Unicode>ein Bureauvorsteher. Einer von ihnen ist durch den Kontakt</Unicode>
               </TextEquiv>
            </TextLine>
            <TextLine id="r_59_tl_4" custom="readingOrder {index:3;}">
               <Coords points="457,5218 1769,5218 1769,5153 457,5153"/>
               <Baseline points="495,5196 528,5196 573,5196 617,5193 662,5196 707,5196 752,5196 796,5193 841,5193 886,5196 931,5196 976,5196 1020,5193 1065,5193 1110,5196 1155,5196 1199,5193 1244,5193 1289,5196 1334,5193 1379,5193 1423,5193 1468,5196 1513,5196 1558,5193 1602,5193 1647,5193 1692,5196 1737,5199 1782,5193"/>
               <TextEquiv>
                  <Unicode>mit Oxford wieder gläubiger, praktizierender Katholik ge¬</Unicode>
               </TextEquiv>
            </TextLine>
            <TextLine id="r_59_tl_5" custom="readingOrder {index:4;}">
               <Coords points="476,5256 1776,5256 1776,5186 476,5205"/>
               <Baseline points="513,5247 537,5241 582,5244 626,5244 671,5244 716,5244 761,5244 805,5244 850,5244 895,5241 940,5244 985,5244 1029,5244 1074,5244 1119,5241 1164,5241 1208,5244 1253,5241 1298,5244 1343,5244 1387,5241 1432,5241 1477,5241 1522,5244 1567,5244 1611,5244 1656,5244 1701,5244 1746,5244 1790,5244"/>
               <TextEquiv>
                  <Unicode>worden. Ein anderer, der früher mit seinen Kameraden nur</Unicode>
               </TextEquiv>
            </TextLine>
            <TextLine id="r_59_tl_6" custom="readingOrder {index:5;}">
               <Coords points="463,5308 1776,5308 1776,5250 463,5250"/>
               <Baseline points="501,5292 546,5292 591,5292 635,5292 680,5292 725,5292 770,5292 814,5292 859,5292 904,5292 949,5289 993,5289 1038,5292 1083,5292 1128,5292 1173,5292 1217,5292 1262,5292 1307,5292 1352,5292 1396,5292 1441,5292 1486,5292 1531,5292 1576,5292 1620,5292 1665,5292 1710,5292 1755,5289 1787,5295"/>
               <TextEquiv>
                  <Unicode>durch den Sport verbunden war, kennt jetzt eine neue freund¬</Unicode>
               </TextEquiv>
            </TextLine>
            <TextLine id="r_59_tl_7" custom="readingOrder {index:6;}">
               <Coords points="457,5353 1776,5353 1776,5295 457,5301"/>
               <Baseline points="495,5343 537,5340 582,5340 626,5340 671,5340 716,5340 761,5340 805,5340 850,5340 895,5340 940,5340 985,5340 1029,5340 1074,5340 1119,5340 1164,5337 1208,5340 1253,5340 1298,5340 1343,5340 1387,5340 1432,5340 1477,5340 1522,5340 1567,5340 1611,5340 1656,5340 1701,5340 1746,5340 1790,5340"/>
               <TextEquiv>
                  <Unicode>schaftliche Verbundenheit durch Gott. Jeden Morgen um</Unicode>
               </TextEquiv>
            </TextLine>
            <TextLine id="r_59_tl_8" custom="readingOrder {index:7;}">
               <Coords points="470,5404 1769,5411 1769,5346 1711,5340 470,5346"/>
               <Baseline points="504,5387 549,5387 594,5387 638,5387 683,5387 728,5387 773,5387 817,5387 862,5387 907,5387 952,5387 996,5387 1041,5387 1086,5384 1131,5387 1176,5387 1220,5387 1265,5387 1310,5384 1355,5387 1399,5387 1444,5387 1489,5387 1534,5387 1579,5387 1623,5387 1668,5387 1713,5387 1758,5387 1787,5390"/>
               <TextEquiv>
                  <Unicode>6 Uhr 30 treffen sich die fünf Freunde, besprechen mitein¬</Unicode>
               </TextEquiv>
            </TextLine>
            <TextLine id="r_59_tl_9" custom="readingOrder {index:8;}">
               <Coords points="457,5449 1776,5449 1776,5391 457,5398"/>
               <Baseline points="495,5438 540,5435 585,5435 629,5435 674,5435 719,5435 764,5435 808,5435 853,5435 898,5435 943,5435 988,5435 1032,5435 1077,5435 1122,5435 1167,5435 1211,5435 1256,5432 1301,5435 1346,5435 1390,5435 1435,5435 1480,5435 1525,5435 1570,5435 1614,5435 1659,5435 1704,5435 1749,5438 1793,5438"/>
               <TextEquiv>
                  <Unicode>ander ihre Fehler, befreien sich, und befreien so neue Kräfte</Unicode>
               </TextEquiv>
            </TextLine>
            <TextLine id="r_59_tl_10" custom="readingOrder {index:9;}">
               <Coords points="457,5501 1769,5501 1769,5437 1718,5430 457,5443"/>
               <Baseline points="495,5486 540,5483 585,5483 629,5483 674,5483 719,5483 764,5483 808,5483 853,5483 898,5483 943,5483 988,5483 1032,5483 1077,5483 1122,5480 1167,5483 1211,5483 1256,5483 1301,5483 1346,5483 1390,5483 1435,5483 1480,5483 1525,5483 1570,5483 1614,5483 1659,5483 1704,5483 1749,5486 1784,5489"/>
               <TextEquiv>
                  <Unicode>auch für das Berufsleben, «— und das soll nicht nur dem Geschäft,</Unicode>
               </TextEquiv>
            </TextLine>
            <TextLine id="r_59_tl_11" custom="readingOrder {index:10;}">
               <Coords points="457,5552 1769,5552 1769,5488 457,5494"/>
               <Baseline points="495,5534 540,5531 585,5531 629,5531 674,5534 719,5531 764,5534 808,5531 853,5531 898,5534 943,5531 988,5534 1032,5531 1077,5531 1122,5531 1167,5531 1211,5531 1256,5531 1301,5531 1346,5531 1390,5534 1435,5534 1480,5534 1525,5531 1570,5534 1614,5534 1659,5534 1704,5534 1749,5534 1782,5534"/>
               <TextEquiv>
                  <Unicode>sondern der Stadt Basel und unserem Land zugute kommen!"\:fp\</Unicode>
               </TextEquiv>
            </TextLine>
            <TextLine id="r_59_tl_12"
                      custom="readingOrder {index:11;} textStyle {offset:4;length:56;italic:true;}">
               <Coords points="470,5617 1782,5623 1782,5559 1705,5552 470,5559"/>
               <Baseline points="504,5605 549,5602 594,5605 638,5602 683,5605 728,5605 773,5605 817,5605 862,5602 907,5605 952,5605 996,5602 1041,5602 1086,5602 1131,5605 1176,5602 1220,5605 1265,5602 1310,5605 1355,5602 1399,5602 1444,5602 1489,5605 1534,5605 1579,5605 1623,5605 1668,5605 1713,5605 1758,5605 1793,5608"/>
               <TextEquiv>
                  <Unicode>\fp\Un architecte, deux commerçants, un chimiste, un chef de</Unicode>
               </TextEquiv>
            </TextLine>
            <TextLine id="r_59_tl_13"
                      custom="readingOrder {index:12;} textStyle {offset:0;length:59;italic:true;}">
               <Coords points="457,5675 1769,5675 1769,5610 457,5604"/>
               <Baseline points="495,5653 540,5650 585,5650 629,5653 674,5653 719,5653 764,5653 808,5653 853,5653 898,5653 943,5653 988,5653 1032,5650 1077,5650 1122,5650 1167,5650 1211,5650 1256,5653 1301,5650 1346,5650 1390,5650 1435,5653 1480,5653 1525,5653 1570,5653 1614,5653 1659,5653 1704,5653 1749,5653 1779,5659"/>
               <TextEquiv>
                  <Unicode>bureau. Ces cinq amis, tous Bâlois, commencent chaque jour¬</Unicode>
               </TextEquiv>
            </TextLine>
            <TextLine id="r_59_tl_14"
                      custom="readingOrder {index:13;} textStyle {offset:0;length:60;italic:true;}">
               <Coords points="463,5713 1763,5713 1763,5662 1705,5655 463,5662"/>
               <Baseline points="501,5704 546,5701 591,5701 635,5701 680,5701 725,5701 770,5701 814,5701 859,5701 904,5701 949,5701 993,5701 1038,5701 1083,5701 1128,5701 1173,5701 1217,5701 1262,5701 1307,5701 1352,5701 1396,5701 1441,5701 1486,5704 1531,5701 1576,5701 1620,5704 1665,5704 1710,5701 1755,5701 1779,5707"/>
               <TextEquiv>
                  <Unicode>née de travail par se réunir à 6 heures ½ pour faire en com¬</Unicode>
               </TextEquiv>
            </TextLine>
            <TextLine id="r_59_tl_15"
                      custom="readingOrder {index:14;} textStyle {offset:0;length:55;italic:true;}">
               <Coords points="463,5765 1776,5765 1776,5707 1499,5694 463,5707"/>
               <Baseline points="501,5751 546,5748 591,5748 635,5748 680,5748 725,5751 770,5748 814,5748 859,5748 904,5751 949,5751 993,5748 1038,5748 1083,5748 1128,5748 1173,5748 1217,5748 1262,5748 1307,5748 1352,5748 1396,5748 1441,5751 1486,5751 1531,5751 1576,5751 1620,5751 1665,5751 1710,5751 1755,5751 1790,5751"/>
               <TextEquiv>
                  <Unicode>mun leur examen de conscience et leurs spartages». L'un</Unicode>
               </TextEquiv>
            </TextLine>
            <TextLine id="r_59_tl_16"
                      custom="readingOrder {index:15;} textStyle {offset:0;length:63;italic:true;}">
               <Coords points="470,5816 1782,5829 1782,5758 1673,5745 470,5758"/>
               <Baseline points="504,5799 549,5796 594,5796 638,5799 683,5799 728,5799 773,5796 817,5799 862,5796 907,5799 952,5799 996,5796 1041,5799 1086,5799 1131,5796 1176,5796 1220,5796 1265,5799 1310,5799 1355,5799 1399,5799 1444,5799 1489,5799 1534,5799 1579,5799 1623,5802 1668,5802 1713,5799 1758,5799 1790,5799"/>
               <TextEquiv>
                  <Unicode>d'eux qui, jusqu'ici, n'était catholique que de nom a, grâce au</Unicode>
               </TextEquiv>
            </TextLine>
            <TextLine id="r_59_tl_17"
                      custom="readingOrder {index:16;} textStyle {offset:0;length:36;italic:true;}">
               <Coords points="470,5868 1312,5868 1312,5803 1229,5790 470,5810"/>
               <Baseline points="504,5850 522,5847 567,5847 611,5847 656,5847 701,5847 746,5847 791,5847 835,5847 880,5847 925,5847 970,5847 1014,5847 1059,5847 1104,5847 1149,5847 1193,5847 1238,5847 1283,5847 1328,5847"/>
               <TextEquiv>
                  <Unicode>Mouvement d'Oxford, retrouvé la Foi.\:fp\</Unicode>
               </TextEquiv>
            </TextLine>
            <TextEquiv>
               <Unicode/>
            </TextEquiv>
         </TextRegion>
         <TextRegion id="r_64" custom="readingOrder {index:11;}">
            <Coords points="4777,1998 6366,1998 6366,3610 4777,3610"/>
            <TextLine id="r_64_tl_1" custom="readingOrder {index:0;}">
               <Coords points="5134,2599 5166,2599 5173,2593 5198,2599 5218,2586 5237,2586 5198,2374 5166,2380 5166,2387 5141,2387 5134,2380 5096,2387"/>
               <Baseline points="5163,2581 5208,2590 5253,2596 5259,2599"/>
               <TextEquiv>
                  <Unicode>\f\Portraitaufnahmen einer Tochter und ihrer Mutter, die der Oxford-Gruppe angehören\:f\</Unicode>
               </TextEquiv>
            </TextLine>
            <TextEquiv>
               <Unicode/>
            </TextEquiv>
         </TextRegion>
         <TextRegion id="r_69" custom="readingOrder {index:12;}">
            <Coords points="5215,3632 5937,3632 5937,3793 5215,3793"/>
            <TextLine id="r_69_tl_1" custom="readingOrder {index:0;}">
               <Coords points="5186,3712 5900,3712 5900,3622 5861,3616 5810,3642 5771,3622 5186,3622"/>
               <Baseline points="5223,3686 5268,3686 5313,3683 5357,3683 5402,3683 5447,3686 5492,3683 5537,3683 5581,3686 5626,3686 5671,3683 5716,3686 5760,3686 5805,3689 5850,3689 5895,3689 5913,3689"/>
               <TextEquiv>
                  <Unicode>\fp\Tochter und Mutter ...</Unicode>
               </TextEquiv>
            </TextLine>
            <TextLine id="r_69_tl_2"
                      custom="readingOrder {index:1;} textStyle {offset:0;length:20;italic:true;}">
               <Coords points="5301,3796 5778,3796 5778,3712 5507,3725 5482,3706 5417,3719 5301,3706"/>
               <Baseline points="5337,3772 5381,3772 5426,3772 5471,3772 5516,3772 5560,3772 5605,3772 5650,3772 5695,3772 5740,3772 5784,3775 5796,3772"/>
               <TextEquiv>
                  <Unicode>La fille et sa mère.</Unicode>
               </TextEquiv>
            </TextLine>
            <TextEquiv>
               <Unicode/>
            </TextEquiv>
         </TextRegion>
         <TextRegion id="r_70" custom="readingOrder {index:13;}">
            <Coords points="4843,3810 5470,3810 5470,5887 4843,5887"/>
            <TextLine id="r_70_tl_1" custom="readingOrder {index:0;}">
               <Coords points="4832,3867 4948,3880 4980,3854 5108,3873 5437,3860 5437,3796 5089,3783 5063,3802 5025,3783 4993,3802 4832,3783"/>
               <Baseline points="4868,3853 4913,3850 4957,3850 5002,3850 5047,3850 5092,3850 5137,3850 5181,3850 5226,3850 5271,3850 5316,3850 5360,3850 5405,3850 5444,3853"/>
               <TextEquiv>
                  <Unicode>Hedy M., Handelsschülerin</Unicode>
               </TextEquiv>
            </TextLine>
            <TextLine id="r_70_tl_2" custom="readingOrder {index:1;}">
               <Coords points="4825,3918 4935,3912 4999,3931 5018,3912 5089,3925 5108,3905 5186,3931 5256,3899 5340,3925 5430,3905 5430,3854 4915,3841 4825,3860"/>
               <Baseline points="4862,3901 4907,3898 4952,3898 4996,3898 5041,3898 5086,3898 5131,3898 5175,3898 5220,3898 5265,3898 5310,3898 5354,3898 5399,3901 5438,3901"/>
               <TextEquiv>
                  <Unicode>aus Zürich: «Mein Vater ist</Unicode>
               </TextEquiv>
            </TextLine>
            <TextLine id="r_70_tl_3" custom="readingOrder {index:2;}">
               <Coords points="4832,3970 4986,3944 5050,3970 5089,3950 5192,3950 5237,3970 5404,3950 5404,3905 5327,3892 4896,3892 4877,3912 4832,3912"/>
               <Baseline points="4868,3958 4886,3949 4931,3946 4975,3946 5020,3946 5065,3946 5110,3946 5154,3946 5199,3946 5244,3946 5289,3946 5334,3949 5378,3946 5423,3949"/>
               <TextEquiv>
                  <Unicode>Jude. Ich bin völlig reli¬</Unicode>
               </TextEquiv>
            </TextLine>
            <TextLine id="r_70_tl_4" custom="readingOrder {index:3;}">
               <Coords points="4825,4015 4909,4002 4980,4021 5025,3995 5108,4021 5134,4002 5430,4008 5430,3950 4909,3937 4877,3963 4825,3963"/>
               <Baseline points="4862,4002 4904,3993 4949,3993 4993,3993 5038,3996 5083,3993 5128,3993 5172,3996 5217,3993 5262,3996 5307,3996 5351,3993 5396,3996 5441,3999"/>
               <TextEquiv>
                  <Unicode>gionslos erzogen worden.</Unicode>
               </TextEquiv>
            </TextLine>
            <TextLine id="r_70_tl_5" custom="readingOrder {index:4;}">
               <Coords points="4832,4053 4980,4047 5005,4066 5108,4047 5186,4073 5205,4053 5346,4066 5417,4047 5417,4002 4832,4002"/>
               <Baseline points="4865,4044 4910,4041 4954,4041 4999,4041 5044,4041 5089,4041 5134,4041 5178,4041 5223,4044 5268,4044 5313,4044 5357,4044 5402,4044 5432,4044"/>
               <TextEquiv>
                  <Unicode>Aber eines Tages spürten</Unicode>
               </TextEquiv>
            </TextLine>
            <TextLine id="r_70_tl_6" custom="readingOrder {index:5;}">
               <Coords points="4832,4105 5424,4105 5424,4047 4832,4040"/>
               <Baseline points="4868,4089 4913,4089 4957,4089 5002,4092 5047,4089 5092,4089 5137,4089 5181,4092 5226,4089 5271,4092 5316,4092 5360,4092 5405,4089 5441,4095"/>
               <TextEquiv>
                  <Unicode>wir in unserer Klasse, daß</Unicode>
               </TextEquiv>
            </TextLine>
            <TextLine id="r_70_tl_7" custom="readingOrder {index:6;}">
               <Coords points="4825,4143 5417,4150 5417,4098 5353,4092 4825,4098"/>
               <Baseline points="4862,4140 4907,4137 4952,4137 4996,4137 5041,4137 5086,4137 5131,4137 5175,4137 5220,4137 5265,4137 5310,4137 5354,4140 5399,4140 5435,4143"/>
               <TextEquiv>
                  <Unicode>eine geheimnisvolle Macht an</Unicode>
               </TextEquiv>
            </TextLine>
            <TextLine id="r_70_tl_8" custom="readingOrder {index:7;}">
               <Coords points="4838,4195 5424,4201 5424,4143 4838,4143"/>
               <Baseline points="4871,4187 4916,4184 4960,4184 5005,4184 5050,4184 5095,4184 5140,4184 5184,4184 5229,4184 5274,4184 5319,4184 5363,4184 5408,4187 5441,4190"/>
               <TextEquiv>
                  <Unicode>Werke war, uns umzuwandeln</Unicode>
               </TextEquiv>
            </TextLine>
            <TextLine id="r_70_tl_9" custom="readingOrder {index:8;}">
               <Coords points="4825,4253 5430,4253 5430,4195 5366,4188 4825,4188"/>
               <Baseline points="4862,4235 4907,4232 4952,4235 4996,4235 5041,4235 5086,4235 5131,4232 5175,4232 5220,4232 5265,4232 5310,4232 5354,4235 5399,4235 5438,4238"/>
               <TextEquiv>
                  <Unicode>Sie ging von einem Lehrer aus,</Unicode>
               </TextEquiv>
            </TextLine>
            <TextLine id="r_70_tl_10" custom="readingOrder {index:9;}">
               <Coords points="4825,4304 4922,4298 4948,4317 4973,4298 5121,4285 5205,4304 5430,4298 5430,4240 4825,4233"/>
               <Baseline points="4862,4283 4907,4280 4952,4280 4996,4280 5041,4283 5086,4280 5131,4280 5175,4283 5220,4283 5265,4283 5310,4283 5354,4283 5399,4283 5441,4286"/>
               <TextEquiv>
                  <Unicode>der zur Gruppe gehörte und</Unicode>
               </TextEquiv>
            </TextLine>
            <TextLine id="r_70_tl_11" custom="readingOrder {index:10;}">
               <Coords points="4832,4343 4948,4336 5012,4362 5050,4336 5141,4362 5424,4343 5424,4291 4832,4291"/>
               <Baseline points="4865,4331 4910,4328 4954,4331 4999,4331 5044,4331 5089,4331 5134,4328 5178,4331 5223,4331 5268,4331 5313,4331 5357,4331 5402,4331 5441,4334"/>
               <TextEquiv>
                  <Unicode>uns sein Erlebnis mitteilen</Unicode>
               </TextEquiv>
            </TextLine>
            <TextLine id="r_70_tl_12" custom="readingOrder {index:11;}">
               <Coords points="4825,4394 5417,4394 5417,4336 4825,4330"/>
               <Baseline points="4862,4381 4907,4378 4952,4378 4996,4378 5041,4378 5086,4378 5131,4378 5175,4378 5220,4378 5265,4378 5310,4378 5354,4378 5399,4378 5435,4381"/>
               <TextEquiv>
                  <Unicode>konnte, obwohl lange nicht</Unicode>
               </TextEquiv>
            </TextLine>
            <TextLine id="r_70_tl_13" custom="readingOrder {index:12;}">
               <Coords points="4825,4446 4960,4446 4993,4426 5121,4452 5218,4433 5404,4439 5404,4381 4825,4388"/>
               <Baseline points="4862,4429 4907,4426 4952,4426 4996,4426 5041,4426 5086,4426 5131,4426 5175,4426 5220,4426 5265,4426 5310,4426 5354,4426 5399,4426 5420,4429"/>
               <TextEquiv>
                  <Unicode>direkt von Oxford oder sol¬</Unicode>
               </TextEquiv>
            </TextLine>
            <TextLine id="r_70_tl_14" custom="readingOrder {index:13;}">
               <Coords points="4825,4491 5417,4491 5417,4433 4825,4433"/>
               <Baseline points="4862,4477 4907,4474 4952,4474 4996,4474 5041,4474 5086,4474 5131,4474 5175,4474 5220,4474 5265,4474 5310,4474 5354,4474 5399,4474 5435,4477"/>
               <TextEquiv>
                  <Unicode>chen Sachen die Rede war.</Unicode>
               </TextEquiv>
            </TextLine>
            <TextLine id="r_70_tl_15" custom="readingOrder {index:14;}">
               <Coords points="4825,4536 5005,4542 5038,4523 5096,4549 5153,4529 5231,4529 5250,4549 5314,4529 5417,4542 5417,4471 4825,4484"/>
               <Baseline points="4862,4525 4907,4522 4952,4522 4996,4522 5041,4522 5086,4522 5131,4522 5175,4522 5220,4525 5265,4522 5310,4525 5354,4522 5399,4522 5435,4525"/>
               <TextEquiv>
                  <Unicode>Endlich kam es zu einer</Unicode>
               </TextEquiv>
            </TextLine>
            <TextLine id="r_70_tl_16" custom="readingOrder {index:15;}">
               <Coords points="4825,4581 4896,4574 4980,4600 5083,4574 5276,4574 5327,4594 5417,4581 5417,4516 4825,4529"/>
               <Baseline points="4859,4572 4904,4569 4949,4569 4993,4569 5038,4569 5083,4572 5128,4569 5172,4569 5217,4572 5262,4569 5307,4569 5351,4569 5396,4569 5435,4575"/>
               <TextEquiv>
                  <Unicode>Aussprache mit meinem</Unicode>
               </TextEquiv>
            </TextLine>
            <TextLine id="r_70_tl_17" custom="readingOrder {index:16;}">
               <Coords points="4845,4632 4935,4639 5005,4619 5031,4639 5096,4639 5115,4619 5192,4639 5218,4619 5295,4645 5417,4639 5417,4574 4845,4581"/>
               <Baseline points="4877,4620 4922,4617 4966,4617 5011,4617 5056,4617 5101,4617 5146,4617 5190,4617 5235,4617 5280,4617 5325,4620 5369,4617 5414,4620 5435,4623"/>
               <TextEquiv>
                  <Unicode>Vater, und der Weg zun</Unicode>
               </TextEquiv>
            </TextLine>
            <TextLine id="r_70_tl_18" custom="readingOrder {index:17;}">
               <Coords points="4832,4684 5121,4671 5198,4697 5231,4671 5417,4677 5417,4626 5372,4619 4832,4626"/>
               <Baseline points="4868,4665 4913,4665 4957,4665 5002,4662 5047,4665 5092,4665 5137,4665 5181,4665 5226,4665 5271,4665 5316,4665 5360,4665 5405,4665 5435,4671"/>
               <TextEquiv>
                  <Unicode>christlichen Glauben wurde</Unicode>
               </TextEquiv>
            </TextLine>
            <TextLine id="r_70_tl_19" custom="readingOrder {index:18;}">
               <Coords points="4825,4722 4999,4716 5025,4742 5057,4722 5089,4742 5128,4716 5417,4716 5417,4671 4928,4658 4825,4677"/>
               <Baseline points="4862,4716 4907,4713 4952,4713 4996,4713 5041,4713 5086,4713 5131,4713 5175,4713 5220,4713 5265,4713 5310,4713 5354,4713 5399,4713 5432,4719"/>
               <TextEquiv>
                  <Unicode>mir freigegeben. Ich werde</Unicode>
               </TextEquiv>
            </TextLine>
            <TextLine id="r_70_tl_20" custom="readingOrder {index:19;}">
               <Coords points="4825,4774 4967,4787 5005,4767 5096,4774 5115,4793 5147,4774 5417,4774 5417,4710 4825,4722"/>
               <Baseline points="4862,4763 4895,4760 4940,4760 4984,4760 5029,4760 5074,4760 5119,4760 5163,4760 5208,4760 5253,4760 5298,4760 5343,4760 5387,4760 5432,4760"/>
               <TextEquiv>
                  <Unicode>ihm dafür immer dankbar</Unicode>
               </TextEquiv>
            </TextLine>
            <TextLine id="r_70_tl_21" custom="readingOrder {index:20;}">
               <Coords points="4825,4825 5417,4825 5417,4767 4825,4767"/>
               <Baseline points="4859,4811 4904,4808 4949,4808 4993,4808 5038,4808 5083,4808 5128,4808 5172,4808 5217,4808 5262,4808 5307,4808 5351,4808 5396,4808 5435,4814"/>
               <TextEquiv>
                  <Unicode>sein. Dann durfte ich die</Unicode>
               </TextEquiv>
            </TextLine>
            <TextLine id="r_70_tl_22" custom="readingOrder {index:21;}">
               <Coords points="4832,4870 5160,4877 5179,4857 5237,4857 5263,4877 5327,4870 5346,4890 5417,4877 5417,4812 4832,4819"/>
               <Baseline points="4865,4859 4910,4856 4954,4856 4999,4856 5044,4856 5089,4856 5134,4856 5178,4859 5223,4856 5268,4856 5313,4856 5357,4856 5402,4859 5435,4862"/>
               <TextEquiv>
                  <Unicode>Taufe erleben, — und nun</Unicode>
               </TextEquiv>
            </TextLine>
            <TextLine id="r_70_tl_23" custom="readingOrder {index:22;}">
               <Coords points="4819,4922 5424,4922 5424,4838 5353,4864 4903,4851 4819,4870"/>
               <Baseline points="4856,4910 4901,4904 4946,4904 4990,4904 5035,4904 5080,4907 5125,4907 5169,4907 5214,4904 5259,4904 5304,4907 5349,4907 5393,4907 5432,4910"/>
               <TextEquiv>
                  <Unicode>möchte ich in meiner Klasse</Unicode>
               </TextEquiv>
            </TextLine>
            <TextLine id="r_70_tl_24" custom="readingOrder {index:23;}">
               <Coords points="4825,4967 5404,4973 5404,4915 4825,4915"/>
               <Baseline points="4862,4957 4886,4954 4931,4954 4975,4954 5020,4954 5065,4954 5110,4954 5154,4954 5199,4952 5244,4954 5289,4954 5334,4954 5378,4954 5423,4954"/>
               <TextEquiv>
                  <Unicode>weitergeben, was mir ge¬</Unicode>
               </TextEquiv>
            </TextLine>
            <TextLine id="r_70_tl_25" custom="readingOrder {index:24;}">
               <Coords points="4819,5018 5005,5031 5083,5005 5102,5025 5340,5031 5359,5012 5411,5031 5411,4954 4819,4960"/>
               <Baseline points="4853,5005 4892,5002 4937,5002 4981,5002 5026,5002 5071,5002 5116,5005 5160,5002 5205,5002 5250,5002 5295,5002 5340,5002 5384,5002 5429,5002"/>
               <TextEquiv>
                  <Unicode>schehen ist. Heute sind wir</Unicode>
               </TextEquiv>
            </TextLine>
            <TextLine id="r_70_tl_26" custom="readingOrder {index:25;}">
               <Coords points="4819,5070 5153,5076 5153,5012 4909,4999 4877,5012 4819,5012"/>
               <Baseline points="4853,5053 4859,5053 4904,5050 4949,5050 4993,5050 5038,5050 5083,5053 5128,5053 5172,5050"/>
               <TextEquiv>
                  <Unicode>schon fünf ..."\:fp\</Unicode>
               </TextEquiv>
            </TextLine>
            <TextLine id="r_70_tl_27"
                      custom="readingOrder {index:26;} textStyle {offset:4;length:21;italic:true;}">
               <Coords points="4819,5141 4935,5134 4960,5153 4980,5134 5128,5128 5166,5147 5192,5128 5424,5128 5424,5063 5321,5083 5250,5057 5218,5076 5057,5070 5005,5089 4954,5070 4819,5076"/>
               <Baseline points="4856,5125 4895,5122 4940,5122 4984,5128 5029,5125 5074,5125 5119,5125 5163,5122 5208,5122 5253,5125 5298,5122 5343,5122 5387,5122 5432,5122"/>
               <TextEquiv>
                  <Unicode>\fp\Hedy M., Zurich. «Mon</Unicode>
               </TextEquiv>
            </TextLine>
            <TextLine id="r_70_tl_28"
                      custom="readingOrder {index:27;} textStyle {offset:0;length:28;italic:true;}">
               <Coords points="4832,5198 4903,5179 5128,5192 5153,5173 5173,5192 5340,5173 5404,5186 5404,5128 4832,5134"/>
               <Baseline points="4865,5178 4880,5172 4925,5172 4969,5172 5014,5172 5059,5172 5104,5172 5149,5175 5193,5172 5238,5172 5283,5172 5328,5172 5372,5169 5417,5172"/>
               <TextEquiv>
                  <Unicode>père est juif. J'ai été éle¬</Unicode>
               </TextEquiv>
            </TextLine>
            <TextLine id="r_70_tl_29"
                      custom="readingOrder {index:28;} textStyle {offset:0;length:29;italic:true;}">
               <Coords points="4825,5231 5417,5237 5417,5179 4825,5173"/>
               <Baseline points="4862,5220 4907,5220 4952,5220 4996,5220 5041,5220 5086,5220 5131,5220 5175,5220 5220,5220 5265,5220 5310,5220 5354,5220 5399,5220 5432,5220"/>
               <TextEquiv>
                  <Unicode>vée sans principes religieux.</Unicode>
               </TextEquiv>
            </TextLine>
            <TextLine id="r_70_tl_30"
                      custom="readingOrder {index:29;} textStyle {offset:0;length:26;italic:true;}">
               <Coords points="4819,5282 5089,5289 5115,5269 5147,5295 5173,5276 5398,5289 5398,5224 4819,5224"/>
               <Baseline points="4853,5268 4898,5268 4943,5268 4987,5268 5032,5268 5077,5268 5122,5268 5166,5268 5211,5268 5256,5268 5301,5268 5346,5268 5390,5268 5417,5268"/>
               <TextEquiv>
                  <Unicode>L'exemple d'un de mes maî¬</Unicode>
               </TextEquiv>
            </TextLine>
            <TextLine id="r_70_tl_31"
                      custom="readingOrder {index:30;} textStyle {offset:0;length:26;italic:true;}">
               <Coords points="4825,5327 5417,5327 5417,5276 4825,5276"/>
               <Baseline points="4859,5316 4904,5316 4949,5316 4993,5316 5038,5316 5083,5316 5128,5316 5172,5316 5217,5316 5262,5316 5307,5316 5351,5316 5396,5316 5435,5319"/>
               <TextEquiv>
                  <Unicode>tres à l'école de commerce</Unicode>
               </TextEquiv>
            </TextLine>
            <TextLine id="r_70_tl_32"
                      custom="readingOrder {index:31;} textStyle {offset:0;length:28;italic:true;}">
               <Coords points="4819,5379 4896,5366 5083,5385 5108,5366 5153,5385 5424,5385 5424,5321 4819,5321"/>
               <Baseline points="4853,5363 4898,5363 4943,5360 4987,5363 5032,5363 5077,5363 5122,5363 5166,5363 5211,5363 5256,5363 5301,5363 5346,5363 5390,5363 5432,5366"/>
               <TextEquiv>
                  <Unicode>m'inspira le désir d'une vie</Unicode>
               </TextEquiv>
            </TextLine>
            <TextLine id="r_70_tl_33"
                      custom="readingOrder {index:32;} textStyle {offset:0;length:31;italic:true;}">
               <Coords points="4825,5430 5417,5430 5417,5359 4825,5372"/>
               <Baseline points="4859,5417 4895,5411 4940,5411 4984,5411 5029,5411 5074,5411 5119,5411 5163,5414 5208,5414 5253,5414 5298,5414 5343,5414 5387,5414 5432,5414"/>
               <TextEquiv>
                  <Unicode>plus spirituelle. J'en fis part</Unicode>
               </TextEquiv>
            </TextLine>
            <TextLine id="r_70_tl_34"
                      custom="readingOrder {index:33;} textStyle {offset:0;length:27;italic:true;}">
               <Coords points="4819,5475 5076,5469 5115,5488 5424,5469 5424,5417 4819,5417"/>
               <Baseline points="4853,5459 4898,5459 4943,5459 4987,5459 5032,5459 5077,5459 5122,5459 5166,5462 5211,5462 5256,5462 5301,5462 5346,5462 5390,5462 5432,5465"/>
               <TextEquiv>
                  <Unicode>à mon père, qui ne s'opposa</Unicode>
               </TextEquiv>
            </TextLine>
            <TextLine id="r_70_tl_35"
                      custom="readingOrder {index:34;} textStyle {offset:0;length:24;italic:true;}">
               <Coords points="4825,5527 4973,5507 5076,5533 5108,5507 5141,5527 5417,5520 5417,5469 5340,5462 4825,5469"/>
               <Baseline points="4862,5513 4907,5507 4952,5507 4996,5507 5041,5507 5086,5507 5131,5510 5175,5510 5220,5510 5265,5510 5310,5510 5354,5510 5399,5510 5432,5513"/>
               <TextEquiv>
                  <Unicode>point à ce que je devins</Unicode>
               </TextEquiv>
            </TextLine>
            <TextLine id="r_70_tl_36"
                      custom="readingOrder {index:35;} textStyle {offset:0;length:28;italic:true;}">
               <Coords points="4825,5565 5404,5578 5404,5514 4825,5507"/>
               <Baseline points="4859,5554 4904,5554 4949,5554 4993,5554 5038,5554 5083,5557 5128,5554 5172,5557 5217,5557 5262,5557 5307,5557 5351,5557 5396,5557 5420,5557"/>
               <TextEquiv>
                  <Unicode>chrétienne. Je lui en garde¬</Unicode>
               </TextEquiv>
            </TextLine>
            <TextLine id="r_70_tl_37"
                      custom="readingOrder {index:36;} textStyle {offset:0;length:27;italic:true;}">
               <Coords points="4819,5623 5398,5617 5398,5565 4819,5565"/>
               <Baseline points="4856,5605 4901,5602 4946,5602 4990,5602 5035,5602 5080,5602 5125,5602 5169,5602 5214,5605 5259,5605 5304,5605 5349,5605 5393,5605 5417,5608"/>
               <TextEquiv>
                  <Unicode>rai toujours une grande re¬</Unicode>
               </TextEquiv>
            </TextLine>
            <TextLine id="r_70_tl_38"
                      custom="readingOrder {index:37;} textStyle {offset:0;length:26;italic:true;}">
               <Coords points="4819,5668 5398,5668 5398,5617 5334,5610 4819,5610"/>
               <Baseline points="4853,5653 4898,5650 4943,5650 4987,5650 5032,5650 5077,5650 5122,5653 5166,5653 5211,5653 5256,5653 5301,5653 5346,5656 5390,5653 5417,5653"/>
               <TextEquiv>
                  <Unicode>connaissance. Je veux pro¬</Unicode>
               </TextEquiv>
            </TextLine>
            <TextLine id="r_70_tl_39"
                      custom="readingOrder {index:38;} textStyle {offset:0;length:28;italic:true;}">
               <Coords points="4819,5720 5057,5720 5076,5700 5096,5720 5179,5726 5398,5720 5398,5662 5346,5655 5012,5662 4903,5642 4819,5662"/>
               <Baseline points="4856,5707 4880,5701 4925,5698 4969,5698 5014,5701 5059,5701 5104,5698 5149,5701 5193,5701 5238,5701 5283,5701 5328,5704 5372,5701 5417,5704"/>
               <TextEquiv>
                  <Unicode>fiter de ce qui m'a été don¬</Unicode>
               </TextEquiv>
            </TextLine>
            <TextLine id="r_70_tl_40"
                      custom="readingOrder {index:39;} textStyle {offset:0;length:26;italic:true;}">
               <Coords points="4819,5758 4986,5752 5018,5771 5050,5745 5179,5745 5198,5765 5411,5765 5411,5707 4819,5707"/>
               <Baseline points="4853,5748 4898,5748 4943,5748 4987,5748 5032,5745 5077,5748 5122,5745 5166,5748 5211,5748 5256,5748 5301,5748 5346,5748 5390,5748 5426,5751"/>
               <TextEquiv>
                  <Unicode>né et en faire part autour</Unicode>
               </TextEquiv>
            </TextLine>
            <TextLine id="r_70_tl_41"
                      custom="readingOrder {index:40;} textStyle {offset:0;length:27;italic:true;}">
               <Coords points="4819,5816 5025,5797 5160,5823 5404,5823 5404,5758 5295,5745 4819,5758"/>
               <Baseline points="4856,5799 4901,5796 4946,5796 4990,5796 5035,5796 5080,5796 5125,5796 5169,5796 5214,5796 5259,5796 5304,5799 5349,5799 5393,5796 5420,5802"/>
               <TextEquiv>
                  <Unicode>de moi, à l'école nous som¬</Unicode>
               </TextEquiv>
            </TextLine>
            <TextLine id="r_70_tl_42"
                      custom="readingOrder {index:41;} textStyle {offset:0;length:17;italic:true;}">
               <Coords points="4819,5874 5179,5874 5179,5790 5128,5784 5108,5803 4999,5803 4986,5790 4948,5790 4935,5803 4819,5803"/>
               <Baseline points="4856,5847 4880,5844 4925,5844 4969,5844 5014,5844 5059,5847 5104,5844 5149,5847 5193,5844"/>
               <TextEquiv>
                  <Unicode>mes déjà cinq..."\:fp\</Unicode>
               </TextEquiv>
            </TextLine>
            <TextEquiv>
               <Unicode/>
            </TextEquiv>
         </TextRegion>
         <TextRegion id="r_71" custom="readingOrder {index:14;}">
            <Coords points="5704,3810 6237,3810 6237,5470 5704,5470"/>
            <TextLine id="r_71_tl_1" custom="readingOrder {index:0;}">
               <Coords points="5668,3860 5983,3880 6035,3854 6093,3880 6189,3860 6189,3796 6144,3802 6125,3783 6016,3802 6003,3789 5668,3802"/>
               <Baseline points="5704,3856 5743,3853 5787,3853 5832,3853 5877,3853 5922,3853 5966,3853 6011,3856 6056,3856 6101,3856 6145,3856 6190,3859 6205,3862"/>
               <TextEquiv>
                  <Unicode>\fp\Hedys Mutter: «Unser</Unicode>
               </TextEquiv>
            </TextLine>
            <TextLine id="r_71_tl_2" custom="readingOrder {index:1;}">
               <Coords points="5668,3912 5726,3905 5861,3931 6009,3905 6054,3937 6106,3912 6183,3918 6183,3854 5668,3860"/>
               <Baseline points="5704,3903 5743,3901 5787,3901 5832,3901 5877,3901 5922,3901 5966,3901 6011,3904 6056,3904 6101,3904 6145,3904 6190,3907 6196,3910"/>
               <TextEquiv>
                  <Unicode>Familienleben ist sehr</Unicode>
               </TextEquiv>
            </TextLine>
            <TextLine id="r_71_tl_3" custom="readingOrder {index:2;}">
               <Coords points="5668,3957 6189,3970 6189,3899 5668,3912"/>
               <Baseline points="5704,3951 5743,3949 5787,3949 5832,3952 5877,3952 5922,3949 5966,3952 6011,3952 6056,3952 6101,3952 6145,3952 6190,3955 6205,3958"/>
               <TextEquiv>
                  <Unicode>schön, obwohl mein</Unicode>
               </TextEquiv>
            </TextLine>
            <TextLine id="r_71_tl_4" custom="readingOrder {index:3;}">
               <Coords points="5668,4008 5797,4008 5835,4028 5958,3995 6067,4021 6189,4015 6189,3957 5668,3957"/>
               <Baseline points="5704,3999 5740,3996 5784,3996 5829,3999 5874,3996 5919,3996 5963,3999 6008,3999 6053,3999 6098,3999 6142,3999 6187,3999 6205,4005"/>
               <TextEquiv>
                  <Unicode>Mann Jude ist. Es ist</Unicode>
               </TextEquiv>
            </TextLine>
            <TextLine id="r_71_tl_5" custom="readingOrder {index:4;}">
               <Coords points="5668,4060 6183,4060 6183,4002 5745,3995 5668,4008"/>
               <Baseline points="5704,4047 5743,4044 5787,4044 5832,4044 5877,4044 5922,4044 5966,4047 6011,4047 6056,4047 6101,4047 6145,4047 6190,4050 6202,4047"/>
               <TextEquiv>
                  <Unicode>unser Kind, das etwas</Unicode>
               </TextEquiv>
            </TextLine>
            <TextLine id="r_71_tl_6" custom="readingOrder {index:5;}">
               <Coords points="5668,4105 5971,4111 6009,4098 6080,4118 6176,4118 6176,4053 5938,4053 5925,4040 5668,4053"/>
               <Baseline points="5704,4094 5743,4092 5787,4092 5832,4092 5877,4092 5922,4092 5966,4095 6011,4095 6056,4095 6101,4095 6145,4095 6190,4092"/>
               <TextEquiv>
                  <Unicode>Neues in unser Haus ge¬</Unicode>
               </TextEquiv>
            </TextLine>
            <TextLine id="r_71_tl_7" custom="readingOrder {index:6;}">
               <Coords points="5675,4150 5829,4156 5842,4143 5932,4163 5964,4143 6003,4176 6080,4143 6112,4169 6189,4163 6189,4092 5675,4098"/>
               <Baseline points="5707,4143 5751,4140 5796,4140 5841,4143 5886,4143 5931,4140 5975,4143 6020,4143 6065,4143 6110,4143 6154,4143 6199,4146 6205,4149"/>
               <TextEquiv>
                  <Unicode>tragen hat. Ihre stille</Unicode>
               </TextEquiv>
            </TextLine>
            <TextLine id="r_71_tl_8" custom="readingOrder {index:7;}">
               <Coords points="5668,4208 5752,4195 5778,4208 6176,4201 6176,4150 6138,4143 5752,4137 5668,4150"/>
               <Baseline points="5704,4190 5748,4187 5793,4187 5838,4187 5883,4190 5928,4187 5972,4190 6017,4190 6062,4190 6107,4190 6151,4190 6193,4193"/>
               <TextEquiv>
                  <Unicode>Genügsamkeit fiel mir</Unicode>
               </TextEquiv>
            </TextLine>
            <TextLine id="r_71_tl_9" custom="readingOrder {index:8;}">
               <Coords points="5668,4253 5707,4240 6189,4253 6189,4195 5668,4201"/>
               <Baseline points="5704,4238 5743,4235 5787,4238 5832,4238 5877,4235 5922,4235 5966,4238 6011,4238 6056,4238 6101,4238 6145,4238 6190,4241 6205,4244"/>
               <TextEquiv>
                  <Unicode>auf, niemand konnte sich</Unicode>
               </TextEquiv>
            </TextLine>
            <TextLine id="r_71_tl_10" custom="readingOrder {index:9;}">
               <Coords points="5668,4304 5771,4298 5861,4317 5900,4291 5919,4304 5964,4291 6176,4298 6176,4246 5964,4246 5951,4233 5668,4246"/>
               <Baseline points="5704,4285 5740,4283 5784,4283 5829,4283 5874,4286 5919,4283 5963,4286 6008,4286 6053,4286 6098,4286 6142,4286 6187,4289 6190,4286"/>
               <TextEquiv>
                  <Unicode>ihrem lieben Wesen ent¬</Unicode>
               </TextEquiv>
            </TextLine>
            <TextLine id="r_71_tl_11" custom="readingOrder {index:10;}">
               <Coords points="5668,4343 5790,4336 5816,4356 5887,4336 5913,4356 5964,4336 5977,4349 6176,4356 6176,4291 5668,4291"/>
               <Baseline points="5704,4336 5743,4331 5787,4331 5832,4334 5877,4331 5922,4331 5966,4334 6011,4334 6056,4334 6101,4334 6145,4334 6190,4337 6193,4337"/>
               <TextEquiv>
                  <Unicode>ziehen. Es war zwin¬</Unicode>
               </TextEquiv>
            </TextLine>
            <TextLine id="r_71_tl_12" custom="readingOrder {index:11;}">
               <Coords points="5668,4401 5732,4388 5771,4407 5829,4381 5861,4407 5913,4388 5945,4407 5977,4394 6054,4407 6093,4388 6189,4414 6189,4343 6144,4336 5668,4343"/>
               <Baseline points="5704,4384 5740,4381 5784,4381 5829,4381 5874,4381 5919,4381 5963,4381 6008,4381 6053,4384 6098,4384 6142,4384 6187,4387 6205,4390"/>
               <TextEquiv>
                  <Unicode>gend. Ich fragte mich</Unicode>
               </TextEquiv>
            </TextLine>
            <TextLine id="r_71_tl_13" custom="readingOrder {index:12;}">
               <Coords points="5668,4439 5874,4433 5958,4452 5971,4439 6176,4439 6176,4388 5797,4388 5752,4375 5668,4394"/>
               <Baseline points="5704,4431 5743,4426 5787,4429 5832,4429 5877,4429 5922,4429 5966,4429 6011,4429 6056,4429 6101,4432 6145,4429 6190,4429"/>
               <TextEquiv>
                  <Unicode>ob ich in der Erzie¬</Unicode>
               </TextEquiv>
            </TextLine>
            <TextLine id="r_71_tl_14" custom="readingOrder {index:13;}">
               <Coords points="5668,4497 5784,4504 5810,4484 5925,4504 5958,4484 6086,4504 6118,4478 6176,4497 6176,4433 5668,4433"/>
               <Baseline points="5704,4477 5734,4477 5778,4477 5823,4477 5868,4477 5913,4477 5957,4480 6002,4477 6047,4477 6092,4477 6137,4477 6181,4480 6190,4477"/>
               <TextEquiv>
                  <Unicode>hung etwas vernachläs¬</Unicode>
               </TextEquiv>
            </TextLine>
            <TextLine id="r_71_tl_15" custom="readingOrder {index:14;}">
               <Coords points="5668,4536 5739,4549 5778,4529 5797,4549 5874,4549 5906,4529 5958,4542 6003,4529 6118,4555 6176,4549 6176,4478 5668,4484"/>
               <Baseline points="5704,4527 5743,4525 5787,4525 5832,4525 5877,4525 5922,4528 5966,4525 6011,4525 6056,4525 6101,4525 6145,4528 6190,4525"/>
               <TextEquiv>
                  <Unicode>sigt hatte — die Reli¬</Unicode>
               </TextEquiv>
            </TextLine>
            <TextLine id="r_71_tl_16" custom="readingOrder {index:15;}">
               <Coords points="5675,4594 5874,4574 5925,4594 5971,4581 6073,4600 6112,4574 6176,4594 6176,4536 5758,4523 5668,4536"/>
               <Baseline points="5704,4575 5745,4572 5790,4572 5835,4572 5880,4572 5925,4572 5969,4572 6014,4572 6059,4572 6104,4575 6148,4575 6193,4578"/>
               <TextEquiv>
                  <Unicode>gion, — ich wurde un¬</Unicode>
               </TextEquiv>
            </TextLine>
            <TextLine id="r_71_tl_17" custom="readingOrder {index:16;}">
               <Coords points="5668,4626 5797,4645 5932,4626 5964,4639 6035,4626 6093,4652 6183,4639 6183,4574 5668,4574"/>
               <Baseline points="5704,4622 5737,4620 5781,4620 5826,4620 5871,4620 5916,4620 5960,4620 6005,4620 6050,4623 6095,4620 6140,4623 6184,4623 6202,4626"/>
               <TextEquiv>
                  <Unicode>sicher und unglücklich.</Unicode>
               </TextEquiv>
            </TextLine>
            <TextLine id="r_71_tl_18" custom="readingOrder {index:17;}">
               <Coords points="5668,4684 5797,4671 5925,4697 6035,4677 6183,4684 6183,4632 5983,4613 5964,4626 5668,4626"/>
               <Baseline points="5704,4670 5737,4668 5781,4668 5826,4668 5871,4668 5916,4668 5960,4668 6005,4668 6050,4671 6095,4671 6140,4671 6184,4671 6202,4674"/>
               <TextEquiv>
                  <Unicode>Eine Aussprache mit</Unicode>
               </TextEquiv>
            </TextLine>
            <TextLine id="r_71_tl_19" custom="readingOrder {index:18;}">
               <Coords points="5668,4729 5816,4722 5887,4748 5964,4722 6035,4742 6183,4729 6183,4664 6144,4677 5668,4671"/>
               <Baseline points="5704,4715 5734,4713 5778,4716 5823,4716 5868,4716 5913,4716 5957,4716 6002,4716 6047,4719 6092,4719 6137,4719 6181,4719 6202,4722"/>
               <TextEquiv>
                  <Unicode>Hedy hat dann Klarheit</Unicode>
               </TextEquiv>
            </TextLine>
            <TextLine id="r_71_tl_20" custom="readingOrder {index:19;}">
               <Coords points="5668,4780 5765,4774 5778,4787 5900,4767 6073,4793 6189,4780 6189,4690 6144,4690 6118,4722 5668,4729"/>
               <Baseline points="5704,4768 5740,4763 5784,4763 5829,4763 5874,4763 5919,4766 5963,4763 6008,4766 6053,4766 6098,4766 6142,4766 6187,4769 6205,4769"/>
               <TextEquiv>
                  <Unicode>gebracht. Wir haben</Unicode>
               </TextEquiv>
            </TextLine>
            <TextLine id="r_71_tl_21" custom="readingOrder {index:20;}">
               <Coords points="5668,4825 5887,4832 5906,4812 5951,4838 5983,4819 6164,4825 6164,4767 5668,4767"/>
               <Baseline points="5704,4810 5734,4808 5778,4811 5823,4811 5868,4811 5913,4814 5957,4811 6002,4814 6047,4814 6092,4814 6137,4814 6181,4814"/>
               <TextEquiv>
                  <Unicode>uns unter Gottes Auto¬</Unicode>
               </TextEquiv>
            </TextLine>
            <TextLine id="r_71_tl_22" custom="readingOrder {index:21;}">
               <Coords points="5668,4864 5778,4870 5797,4890 5842,4864 5880,4883 5913,4864 6028,4883 6183,4864 6183,4819 5958,4806 5668,4819"/>
               <Baseline points="5704,4861 5737,4859 5781,4859 5826,4862 5871,4859 5916,4859 5960,4862 6005,4862 6050,4862 6095,4862 6140,4862 6184,4865 6196,4868"/>
               <TextEquiv>
                  <Unicode>rität gestellt. Und heut</Unicode>
               </TextEquiv>
            </TextLine>
            <TextLine id="r_71_tl_23" custom="readingOrder {index:22;}">
               <Coords points="5668,4928 5739,4928 5758,4909 5855,4928 5887,4915 6183,4922 6183,4864 5964,4870 5758,4851 5726,4870 5668,4870"/>
               <Baseline points="5704,4909 5737,4907 5781,4907 5826,4907 5871,4907 5916,4907 5960,4910 6005,4910 6050,4910 6095,4910 6140,4910 6184,4916 6196,4916"/>
               <TextEquiv>
                  <Unicode>habe ich das Bedürfnis,</Unicode>
               </TextEquiv>
            </TextLine>
            <TextLine id="r_71_tl_24" custom="readingOrder {index:23;}">
               <Coords points="5668,4973 5790,4980 5848,4960 5990,4980 6022,4960 6099,4980 6176,4973 6176,4915 5668,4915"/>
               <Baseline points="5704,4957 5737,4954 5781,4954 5826,4954 5871,4957 5916,4957 5960,4957 6005,4957 6050,4957 6095,4960 6140,4960 6184,4960 6193,4963"/>
               <TextEquiv>
                  <Unicode>anderen mitzuteilen, was</Unicode>
               </TextEquiv>
            </TextLine>
            <TextLine id="r_71_tl_25" custom="readingOrder {index:24;}">
               <Coords points="5668,5018 6183,5031 6183,4967 5893,4960 5868,4935 5829,4960 5668,4960"/>
               <Baseline points="5704,5005 5743,5002 5787,5002 5832,5002 5877,5005 5922,5005 5966,5005 6011,5005 6056,5005 6101,5008 6145,5008 6190,5011 6199,5011"/>
               <TextEquiv>
                  <Unicode>wir erfahren durften."\:fp\</Unicode>
               </TextEquiv>
            </TextLine>
            <TextLine id="r_71_tl_26"
                      custom="readingOrder {index:25;} textStyle {offset:4;length:21;italic:true;}">
               <Coords points="5675,5096 5752,5083 6189,5096 6183,5038 6138,5025 5829,5031 5784,5012 5745,5031 5668,5025"/>
               <Baseline points="5704,5076 5734,5074 5778,5074 5823,5074 5868,5077 5913,5077 5957,5077 6002,5077 6047,5077 6092,5080 6137,5077 6181,5080 6196,5080"/>
               <TextEquiv>
                  <Unicode>\fp\La mère d'Hedy. «Nous</Unicode>
               </TextEquiv>
            </TextLine>
            <TextLine id="r_71_tl_27"
                      custom="readingOrder {index:26;} textStyle {offset:0;length:24;italic:true;}">
               <Coords points="5668,5141 5713,5128 5745,5141 5874,5128 5919,5147 6183,5141 6183,5083 5713,5076 5668,5089"/>
               <Baseline points="5704,5124 5734,5122 5778,5122 5823,5125 5868,5122 5913,5125 5957,5125 6002,5125 6047,5125 6092,5128 6137,5128 6181,5128 6196,5131"/>
               <TextEquiv>
                  <Unicode>avons une très belle vie</Unicode>
               </TextEquiv>
            </TextLine>
            <TextLine id="r_71_tl_28"
                      custom="readingOrder {index:27;} textStyle {offset:0;length:23;italic:true;}">
               <Coords points="5668,5186 5983,5186 6048,5211 6099,5186 6183,5186 6183,5121 6093,5134 6073,5121 6048,5134 5668,5128"/>
               <Baseline points="5704,5172 5734,5172 5778,5172 5823,5172 5868,5172 5913,5175 5957,5172 6002,5175 6047,5175 6092,5175 6137,5175 6181,5175 6196,5178"/>
               <TextEquiv>
                  <Unicode>de famille et cependant</Unicode>
               </TextEquiv>
            </TextLine>
            <TextLine id="r_71_tl_29"
                      custom="readingOrder {index:28;} textStyle {offset:0;length:24;italic:true;}">
               <Coords points="5668,5231 5855,5237 5880,5224 5971,5250 6003,5237 6183,5244 6183,5173 5668,5179"/>
               <Baseline points="5704,5222 5737,5220 5781,5220 5826,5220 5871,5220 5916,5220 5960,5223 6005,5223 6050,5223 6095,5223 6140,5223 6184,5226 6196,5229"/>
               <TextEquiv>
                  <Unicode>mon mari est juif. C'est</Unicode>
               </TextEquiv>
            </TextLine>
            <TextLine id="r_71_tl_30"
                      custom="readingOrder {index:29;} textStyle {offset:0;length:22;italic:true;}">
               <Coords points="5668,5282 6164,5282 6164,5231 6099,5224 5752,5218 5668,5231"/>
               <Baseline points="5704,5270 5734,5268 5778,5268 5823,5268 5868,5268 5913,5268 5957,5271 6002,5271 6047,5271 6092,5271 6137,5271 6178,5274"/>
               <TextEquiv>
                  <Unicode>notre enfant qui a ap¬</Unicode>
               </TextEquiv>
            </TextLine>
            <TextLine id="r_71_tl_31"
                      custom="readingOrder {index:30;} textStyle {offset:0;length:23;italic:true;}">
               <Coords points="5668,5340 5778,5334 5816,5359 5842,5334 5964,5321 6022,5340 6183,5334 6183,5269 5668,5282"/>
               <Baseline points="5704,5322 5734,5316 5778,5316 5823,5316 5868,5316 5913,5316 5957,5319 6002,5319 6047,5319 6092,5319 6137,5319 6181,5319 6196,5325"/>
               <TextEquiv>
                  <Unicode>porté dans notre maison</Unicode>
               </TextEquiv>
            </TextLine>
            <TextLine id="r_71_tl_32"
                      custom="readingOrder {index:31;} textStyle {offset:0;length:18;italic:true;}">
               <Coords points="5668,5385 5790,5366 5900,5404 5983,5398 6022,5372 6086,5398 6176,5391 6176,5327 5951,5314 5668,5327"/>
               <Baseline points="5704,5366 5740,5363 5784,5366 5829,5366 5874,5363 5919,5363 5963,5366 6008,5369 6053,5369 6098,5366 6142,5366 6187,5366"/>
               <TextEquiv>
                  <Unicode>une nouvelle atmo¬</Unicode>
               </TextEquiv>
            </TextLine>
            <TextLine id="r_71_tl_33"
                      custom="readingOrder {index:32;} textStyle {offset:0;length:8;italic:true;}">
               <Coords points="5668,5437 5739,5437 5745,5430 5752,5437 5758,5430 5842,5437 5842,5372 5797,5372 5790,5366 5771,5366 5765,5372 5745,5366 5739,5372 5713,5372 5707,5366 5700,5372 5668,5372"/>
               <Baseline points="5704,5414 5722,5414 5766,5414 5811,5414 5856,5411"/>
               <TextEquiv>
                  <Unicode>sphère."\:fp\</Unicode>
               </TextEquiv>
            </TextLine>
            <TextEquiv>
               <Unicode/>
            </TextEquiv>
         </TextRegion>
         <TextRegion id="r_88" custom="readingOrder {index:15;}">
            <Coords points="6505,1752 9062,1752 9062,5241 6505,5241"/>
            <TextLine id="l_4463" custom="readingOrder {index:0;}">
               <Coords points="7127,4958 7663,4958 7663,4928 7127,4928"/>
               <Baseline points="7127,4958 7663,4958"/>
               <TextEquiv>
                  <Unicode>\f\Singender Gartenarchitekt M., Mitglied der Oxford-Gruppe\:f\</Unicode>
               </TextEquiv>
            </TextLine>
            <TextEquiv>
               <Unicode/>
            </TextEquiv>
         </TextRegion>
         <TextRegion id="r_89" custom="readingOrder {index:16;}">
            <Coords points="6493,5261 9088,5261 9088,5907 6493,5907"/>
            <TextLine id="r_89_tl_1" custom="readingOrder {index:0;}">
               <Coords points="6485,5301 9020,5327 9020,5256 8917,5250 6485,5231"/>
               <Baseline points="6522,5298 6566,5295 6611,5298 6656,5298 6701,5298 6745,5298 6790,5298 6835,5298 6880,5298 6925,5298 6969,5301 7014,5301 7059,5301 7104,5301 7148,5301 7193,5301 7238,5301 7283,5301 7328,5304 7372,5301 7417,5304 7462,5301 7507,5301 7551,5301 7596,5301 7641,5304 7686,5304 7730,5304 7775,5304 7820,5304 7865,5304 7910,5304 7954,5304 7999,5304 8044,5304 8089,5304 8133,5307 8178,5307 8223,5307 8268,5307 8313,5307 8357,5307 8402,5307 8447,5310 8492,5310 8536,5310 8581,5310 8626,5310 8671,5310 8716,5310 8760,5310 8805,5310 8850,5310 8895,5310 8939,5310 8984,5310 9029,5313 9035,5313"/>
               <TextEquiv>
                  <Unicode>\fp\Gartenarchitekt M. aus Zürich. Herr M. tritt zusammen mit einer Gruppe seiner Angestellten auf. Er erzählt, wie der Gärtner¬</Unicode>
               </TextEquiv>
            </TextLine>
            <TextLine id="r_89_tl_2" custom="readingOrder {index:1;}">
               <Coords points="6485,5353 9020,5379 9020,5321 8859,5314 6485,5301"/>
               <Baseline points="6522,5346 6566,5343 6611,5346 6656,5346 6701,5346 6745,5346 6790,5346 6835,5346 6880,5346 6925,5346 6969,5349 7014,5349 7059,5349 7104,5349 7148,5351 7193,5349 7238,5349 7283,5349 7328,5351 7372,5351 7417,5351 7462,5351 7507,5351 7551,5351 7596,5351 7641,5351 7686,5351 7730,5351 7775,5351 7820,5351 7865,5351 7910,5351 7954,5351 7999,5354 8044,5354 8089,5354 8133,5354 8178,5354 8223,5354 8268,5354 8313,5357 8357,5354 8402,5357 8447,5357 8492,5357 8536,5357 8581,5357 8626,5357 8671,5360 8716,5357 8760,5357 8805,5357 8850,5360 8895,5360 8939,5360 8984,5360 9029,5363 9038,5363"/>
               <TextEquiv>
                  <Unicode>bursche F. mit Leuten von der Oxfordgruppe zusammentraf, die ihm vor allem wegen ihrer Fröhlichkeit gefielen. Er wurde</Unicode>
               </TextEquiv>
            </TextLine>
            <TextLine id="r_89_tl_3" custom="readingOrder {index:2;}">
               <Coords points="6492,5411 9014,5430 9014,5366 8853,5359 6492,5353"/>
               <Baseline points="6525,5393 6569,5390 6614,5393 6659,5393 6704,5393 6748,5393 6793,5393 6838,5396 6883,5396 6928,5396 6972,5396 7017,5396 7062,5396 7107,5396 7151,5396 7196,5396 7241,5396 7286,5396 7330,5399 7375,5399 7420,5399 7465,5399 7510,5399 7554,5396 7599,5399 7644,5399 7689,5399 7733,5399 7778,5399 7823,5399 7868,5399 7913,5399 7957,5399 8002,5402 8047,5402 8092,5402 8136,5402 8181,5402 8226,5402 8271,5402 8316,5402 8360,5405 8405,5402 8450,5405 8495,5405 8539,5405 8584,5405 8629,5405 8674,5405 8718,5405 8763,5405 8808,5408 8853,5408 8898,5408 8942,5408 8987,5408 9032,5408"/>
               <TextEquiv>
                  <Unicode>bekehrt, – und berichtet nun selbst der Versammlung, wie er seinem Arbeitgeber in einem Brief kleine Unehrlichkeiten einge¬</Unicode>
               </TextEquiv>
            </TextLine>
            <TextLine id="r_89_tl_4" custom="readingOrder {index:3;}">
               <Coords points="6485,5456 8866,5482 9020,5469 9014,5404 6479,5404"/>
               <Baseline points="6516,5444 6560,5441 6605,5441 6650,5441 6695,5441 6739,5441 6784,5441 6829,5444 6874,5444 6919,5444 6963,5444 7008,5444 7053,5444 7098,5444 7142,5447 7187,5444 7232,5447 7277,5447 7322,5444 7366,5444 7411,5447 7456,5447 7501,5447 7545,5447 7590,5447 7635,5447 7680,5447 7725,5447 7769,5447 7814,5447 7859,5447 7904,5447 7948,5447 7993,5447 8038,5450 8083,5450 8127,5450 8172,5450 8217,5453 8262,5453 8307,5450 8351,5453 8396,5453 8441,5453 8486,5453 8530,5453 8575,5456 8620,5456 8665,5453 8710,5456 8754,5456 8799,5456 8844,5456 8889,5456 8933,5456 8978,5456 9023,5459 9035,5459"/>
               <TextEquiv>
                  <Unicode>stand, die ihm durch Nachlässigkeit im Beruf passiert waren. Die freundliche und verzeihende Antwort, die er von seinem Chef</Unicode>
               </TextEquiv>
            </TextLine>
            <TextLine id="r_89_tl_5" custom="readingOrder {index:4;}">
               <Coords points="6485,5501 9020,5527 9020,5462 6485,5449"/>
               <Baseline points="6522,5489 6566,5489 6611,5489 6656,5489 6701,5489 6745,5492 6790,5489 6835,5492 6880,5492 6925,5492 6969,5492 7014,5492 7059,5492 7104,5492 7148,5495 7193,5492 7238,5492 7283,5492 7328,5495 7372,5495 7417,5495 7462,5495 7507,5495 7551,5495 7596,5495 7641,5495 7686,5495 7730,5495 7775,5495 7820,5498 7865,5495 7910,5498 7954,5498 7999,5498 8044,5501 8089,5498 8133,5498 8178,5501 8223,5501 8268,5501 8313,5501 8357,5501 8402,5501 8447,5501 8492,5504 8536,5501 8581,5501 8626,5501 8671,5504 8716,5504 8760,5504 8805,5504 8850,5504 8895,5507 8939,5504 8984,5504 9029,5507 9038,5507"/>
               <TextEquiv>
                  <Unicode>erhielt, war für ihn der Beweis, daß Gott nicht nur ein Sonntags-Gott sei, — und er entschied sich ganz für Christus. — Dann</Unicode>
               </TextEquiv>
            </TextLine>
            <TextLine id="r_89_tl_6" custom="readingOrder {index:5;}">
               <Coords points="6485,5546 9020,5565 9020,5507 6485,5501"/>
               <Baseline points="6522,5540 6566,5537 6611,5537 6656,5537 6701,5537 6745,5537 6790,5540 6835,5540 6880,5540 6925,5543 6969,5540 7014,5543 7059,5540 7104,5540 7148,5543 7193,5543 7238,5543 7283,5543 7328,5543 7372,5543 7417,5543 7462,5543 7507,5543 7551,5543 7596,5543 7641,5543 7686,5543 7730,5543 7775,5543 7820,5543 7865,5543 7910,5546 7954,5546 7999,5546 8044,5546 8089,5546 8133,5548 8178,5546 8223,5548 8268,5548 8313,5548 8357,5551 8402,5548 8447,5548 8492,5551 8536,5551 8581,5548 8626,5548 8671,5551 8716,5551 8760,5551 8805,5551 8850,5551 8895,5551 8939,5551 8984,5551 9029,5554 9035,5554"/>
               <TextEquiv>
                  <Unicode>erklärt Herr M., wie der ehrliche Brief seines Angestellten für ihn der Anstoß zur Bekehrung war. Heute spricht er mit seinen</Unicode>
               </TextEquiv>
            </TextLine>
            <TextLine id="r_89_tl_7" custom="readingOrder {index:6;}">
               <Coords points="6479,5604 9020,5623 9020,5559 8525,5533 6479,5552"/>
               <Baseline points="6513,5587 6557,5584 6602,5584 6647,5584 6692,5584 6736,5584 6781,5587 6826,5587 6871,5587 6916,5587 6960,5587 7005,5590 7050,5590 7095,5590 7139,5590 7184,5590 7229,5587 7274,5590 7319,5590 7363,5590 7408,5593 7453,5593 7498,5590 7542,5590 7587,5590 7632,5590 7677,5590 7722,5590 7766,5590 7811,5593 7856,5593 7901,5593 7945,5593 7990,5593 8035,5593 8080,5593 8124,5596 8169,5596 8214,5596 8259,5596 8304,5596 8348,5596 8393,5596 8438,5596 8483,5596 8527,5596 8572,5599 8617,5599 8662,5599 8707,5599 8751,5599 8796,5599 8841,5599 8886,5599 8930,5599 8975,5602 9020,5602 9038,5602"/>
               <TextEquiv>
                  <Unicode>Leuten offen auch über geschäftliche Dinge, – und das scheint ihm die einfache Lösung des «sozialen Problems»: Und alle</Unicode>
               </TextEquiv>
            </TextLine>
            <TextLine id="r_89_tl_8" custom="readingOrder {index:7;}">
               <Coords points="6485,5649 8087,5668 8087,5604 7991,5597 6485,5591"/>
               <Baseline points="6519,5632 6563,5632 6608,5632 6653,5632 6698,5635 6742,5635 6787,5635 6832,5635 6877,5635 6922,5638 6966,5638 7011,5638 7056,5638 7101,5638 7145,5635 7190,5638 7235,5635 7280,5638 7325,5638 7369,5638 7414,5638 7459,5638 7504,5638 7548,5638 7593,5638 7638,5638 7683,5638 7727,5641 7772,5644 7817,5644 7862,5641 7907,5641 7951,5641 7996,5644 8041,5644 8086,5647 8098,5644"/>
               <TextEquiv>
                  <Unicode>Burschen verkünden zum Schluß, daß sie nun fröhliche Gärtner geworden seien.\:fp\</Unicode>
               </TextEquiv>
            </TextLine>
            <TextLine id="r_89_tl_9"
                      custom="readingOrder {index:8;} textStyle {offset:4;length:121;italic:true;}">
               <Coords points="6485,5720 9020,5739 9020,5675 8763,5649 6485,5655"/>
               <Baseline points="6522,5707 6566,5704 6611,5704 6656,5704 6701,5707 6745,5707 6790,5707 6835,5707 6880,5710 6925,5707 6969,5707 7014,5707 7059,5710 7104,5710 7148,5707 7193,5707 7238,5710 7283,5710 7328,5710 7372,5710 7417,5710 7462,5710 7507,5713 7551,5713 7596,5713 7641,5713 7686,5713 7730,5713 7775,5713 7820,5713 7865,5713 7910,5713 7954,5713 7999,5716 8044,5716 8089,5716 8133,5716 8178,5716 8223,5716 8268,5716 8313,5716 8357,5719 8402,5719 8447,5719 8492,5716 8536,5719 8581,5719 8626,5719 8671,5719 8716,5719 8760,5719 8805,5719 8850,5722 8895,5722 8939,5722 8984,5722 9029,5725 9038,5722"/>
               <TextEquiv>
                  <Unicode>\fp\La Révélation est arrivée à l'architecte paysagiste M. de Zurich sous la forme d'une lettre où son jeune employé F. — qui</Unicode>
               </TextEquiv>
            </TextLine>
            <TextLine id="r_89_tl_10"
                      custom="readingOrder {index:9;} textStyle {offset:0;length:119;italic:true;}">
               <Coords points="6479,5765 9020,5778 9020,5720 6479,5713"/>
               <Baseline points="6516,5754 6560,5751 6605,5751 6650,5754 6695,5754 6739,5754 6784,5754 6829,5757 6874,5757 6919,5757 6963,5757 7008,5757 7053,5757 7098,5757 7142,5757 7187,5757 7232,5757 7277,5757 7322,5757 7366,5757 7411,5757 7456,5760 7501,5760 7545,5760 7590,5760 7635,5760 7680,5760 7725,5760 7769,5760 7814,5763 7859,5760 7904,5763 7948,5760 7993,5763 8038,5763 8083,5766 8127,5763 8172,5766 8217,5766 8262,5766 8307,5766 8351,5766 8396,5766 8441,5766 8486,5766 8530,5766 8575,5766 8620,5766 8665,5766 8710,5766 8754,5766 8799,5769 8844,5769 8889,5769 8933,5769 8978,5769 9023,5769 9038,5769"/>
               <TextEquiv>
                  <Unicode>travaillait dans les groupes – s'accusait de négligences. Si la réponse que reçut F. le confirma dans son idée que Dieu</Unicode>
               </TextEquiv>
            </TextLine>
            <TextLine id="r_89_tl_11"
                      custom="readingOrder {index:10;} textStyle {offset:0;length:123;italic:true;}">
               <Coords points="6479,5803 7431,5810 7766,5855 9014,5842 9014,5771 6479,5758"/>
               <Baseline points="6513,5802 6557,5802 6602,5802 6647,5802 6692,5802 6736,5802 6781,5802 6826,5802 6871,5802 6916,5805 6960,5805 7005,5805 7050,5805 7095,5805 7139,5805 7184,5805 7229,5805 7274,5805 7319,5805 7363,5805 7408,5808 7453,5808 7498,5805 7542,5808 7587,5808 7632,5808 7677,5811 7722,5811 7766,5811 7811,5811 7856,5811 7901,5811 7945,5811 7990,5811 8035,5811 8080,5811 8124,5814 8169,5814 8214,5814 8259,5814 8304,5814 8348,5814 8393,5814 8438,5814 8483,5814 8527,5814 8572,5814 8617,5814 8662,5817 8707,5817 8751,5817 8796,5817 8841,5817 8886,5817 8930,5817 8975,5817 9020,5817 9023,5817"/>
               <TextEquiv>
                  <Unicode>n'était pas seulement un dieu du dimanche, cette lettre fit également réaliser à M. M. la nécessité d'une plus large colla¬</Unicode>
               </TextEquiv>
            </TextLine>
            <TextLine id="r_89_tl_12"
                      custom="readingOrder {index:11;} textStyle {offset:0;length:46;italic:true;}">
               <Coords points="6479,5887 7444,5874 7444,5803 6479,5810"/>
               <Baseline points="6513,5850 6557,5850 6602,5850 6647,5850 6692,5853 6736,5853 6781,5853 6826,5853 6871,5853 6916,5853 6960,5853 7005,5853 7050,5853 7095,5853 7139,5853 7184,5853 7229,5853 7274,5853 7319,5853 7363,5853 7408,5856 7453,5859 7462,5856"/>
               <TextEquiv>
                  <Unicode>boration sociale et amicale avec ses employés.\:fp\</Unicode>
               </TextEquiv>
            </TextLine>
            <TextEquiv>
               <Unicode/>
            </TextEquiv>
         </TextRegion>
         <TextRegion id="r_91" custom="readingOrder {index:17;}">
            <Coords points="3786,68 9047,68 9047,778 3786,778"/>
            <TextLine id="r_91_tl_1" custom="readingOrder {index:0;}">
               <Coords points="4639,328 4677,328 4690,315 4735,315 4735,238 4697,238 4690,244 4677,238 4639,238"/>
               <Baseline points="4674,310 4710,304 4755,307"/>
               <TextEquiv>
                  <Unicode>\f\Grosse Menschenmenge der Oxford-Gruppe\:f\</Unicode>
               </TextEquiv>
            </TextLine>
            <TextEquiv>
               <Unicode/>
            </TextEquiv>
         </TextRegion>
         <TextRegion id="r_92" custom="readingOrder {index:18;}">
            <Coords points="5587,783 7209,783 7209,939 5587,939"/>
            <TextLine id="r_92_tl_1" custom="readingOrder {index:0;}">
               <Coords points="5552,836 7167,849 7161,746 7071,778 5552,753"/>
               <Baseline points="5587,822 5614,820 5659,820 5704,820 5748,820 5793,820 5838,820 5883,820 5928,820 5972,820 6017,820 6062,823 6107,823 6151,823 6196,823 6241,820 6286,823 6331,823 6375,823 6420,823 6465,823 6510,823 6554,823 6599,823 6644,823 6689,823 6734,823 6778,823 6823,823 6868,826 6913,826 6957,826 7002,826 7047,826 7092,826 7136,826 7181,826"/>
               <TextEquiv>
                  <Unicode>\fp\Zehntausend Zuhérer in der großen Austellungshalle des Comptoir in Lausanne.\:fp\</Unicode>
               </TextEquiv>
            </TextLine>
            <TextLine id="r_92_tl_2"
                      custom="readingOrder {index:1;} textStyle {offset:4;length:76;italic:true;}">
               <Coords points="5552,920 7051,926 7167,920 7167,856 5546,843"/>
               <Baseline points="5587,894 5623,892 5668,892 5713,892 5757,892 5802,892 5847,892 5892,892 5937,895 5981,895 6026,895 6071,895 6116,895 6160,895 6205,895 6250,895 6295,895 6340,895 6384,895 6429,895 6474,895 6519,895 6563,895 6608,895 6653,895 6698,895 6742,895 6787,898 6832,895 6877,898 6922,898 6966,898 7011,898 7056,898 7101,898 7145,898 7181,898"/>
               <TextEquiv>
                  <Unicode>\fp\10 000 participants peuplent la grande halle du Comptoir suisse de Lausanne.\:fp\</Unicode>
               </TextEquiv>
            </TextLine>
            <TextEquiv>
               <Unicode/>
            </TextEquiv>
         </TextRegion>
      </Page>
   </PcGts>
</validation-wrapper>
