4349 7220
542 4396 968 4478 Markt in Rihanie.
408 4471 1116 4522 Von \g\Annemarie Schwarzenbach\:g\.
346 4519 1229 4569 \p\Seitdem ich als Gast bei der Syrischen Expedition
294 4557 1227 4609 der Universität von Chicago bin, halte ich den Markt
296 4597 1227 4646 unseres Araberdorfes Rihanie für den schönsten Markt
300 4630 1227 4673 des Orients. Ich erinnere mich, daß mir auch der
297 4666 1227 4715 Fischmarkt von Stambul gut gefiel, wo die prächtigen
296 4703 1227 4744 blauen Schwertfische kreisrund angeordnet in den fla¬
292 4737 1229 4776 chen Körben liegen, dann gab es in der kappadoischen
296 4765 1227 4811 Stadt Kaisarie einen herrlichen Gemüsemarkt, wo man
292 4807 1229 4844 Kürbisse, Melonen, Auberginen und Pepperoni fast
297 4842 1227 4882 umsonst kaufte, nicht zu reden vom großen Markt in
291 4873 1229 4922 Konya, wo es feine weiße Kaschmir=Tücher und weiße
297 4907 1227 4948 bestickte Ledermäntel gab, dazu alte Seidenstoffe, grün¬
291 4934 1229 4990 samtene Kurdenmäntel und Decken aus schwarzem
294 4980 1227 5024 Ziegenhaar. Aber schließlich sind das schon spezialisierte
300 5012 1227 5051 Märkte, und an gewöhnlichen Tagen gehen die Leute in
293 5042 1227 5089 den Bazar, um sich alles zu kaufen, was sie brauchen.
294 5078 1198 5124 Auch Aleppo hat einen Bazar, der in ganz Syrien be¬
291 5117 1229 5154 rühmt ist, man kann sich in seinen dunklen Gewölben
292 5153 1229 5196 verirren wie in den großen Kellern von Reims, und
292 5191 1194 5225 man kann stundenlang in den gedeckten Gassen gehen
288 5220 1227 5258 ohne den Ausgang zu finden. Stambul vollends ist
287 5252 1215 5304 eine große Stadt, eine Sultans= und Kaiserstadt, und
292 5290 1229 5329 nur einen Bruchteil von den herrlichen Dingen, die
292 5322 1229 5362 aus allen Teilen des Orients dort zusammenkommen,
292 5356 1230 5400 kann man auf den Märkten des Handwerkerviertels
288 5389 410 5434 kaufen.\:p\
342 5399 1132 5465 \p\Aber in Rihante gibt es nichts als den Markt.\:p\
342 5457 1230 5497 \p\Um ihre Zigaretten zu kaufen und ihre Schuhe
292 5485 1210 5541 flicken zu lassen, um ihre alten Kleider gegen neue,
294 5528 1229 5571 schöngestickte einzutauschen, um Streu für die Kamele
288 5566 1229 5611 und Henna für ihre Haare und Nagel zu bekommen,
292 5594 1230 5644 warten die Araber die ganze Woche auf den Markttag.
288 5631 1229 5680 Und so bedeutend und ausschlaggebend ist er, daß
292 5668 1200 5705 unsere amerikanischen Freunde die Einteilung ihrer
292 5701 1229 5760 Arbeitstage darnach richten müssen: man stellt die
287 5735 1229 5784 Ausgrabung weder am Freitag, dem Feiertag der
291 5767 1229 5815 Muslims, noch an unserem Sonntag ein, sondern am
292 5801 910 5846 Montag, wenn der Markt stattfindet.\:p\
338 5839 1229 5876 \p\Es ist selbstverständlich, daß wir am Vormittag
288 5875 1229 5907 auch zum Markt fahren und den Koch Jimmy und den
282 5908 1194 5951 türkischen Chauffeur Hussein mitnehmen, um alle Ein¬
282 5945 883 5987 käufe für den Haushalt zu machen.\:p\
340 5964 1229 6029 \p\Der Marktplatz von Rihanie ist der Hauptplatz des
286 6012 1229 6070 Ortes. In einem Haus an seinem Rand befindet sich
282 6055 1229 6098 auch die Post, zu der man über eine Hühnerleiter und
286 6085 1229 6126 einen baufälligen kleinen Holzbalkon gelangt. Von die¬
1232 4406 2163 4459 sem Balkon aus übersieht man die wogende Menge,
1235 4445 2162 4499 die aus allen Dörfern und Zeltlagern der Umgebung
1239 4479 2145 4529 zwischen Antioche, Alexandrette und Aleppo hier zu¬
1224 4519 2162 4563 sammengekommen ist. Zuerst erblickt man nur ein
1224 4552 2162 4592 wogendes Meer rostbrauner Kopftücher, dazwischen
1224 4589 2162 4633 einige weiße Tücher und die schwarzen turbanähnlichen
1235 4624 2161 4660 Kopfbedeckungen der Frauen. Dann unterscheidet man
1223 4644 2161 4705 allmählich die wichtigsten Bezirke des Marktes: gleich
1223 4689 2161 4731 unter uns kauern die Tuchhändler, neben ihnen die
1223 4727 2147 4766 Schuster vor Pyramiden roter Sandalen, gelber Stie¬
1223 4762 2161 4801 fel für die Frauen, schwarz und roter, weißbestickter
1221 4800 2161 4842 Männerschuhe mit gelben Fersen und dicken Sohlen
1223 4827 2134 4872 aus Rindsleder, dann kommen die Köche und die Zi¬
1223 4860 2159 4912 garettenhändler, die Mützenverkäufer und drüben, am
1221 4900 2159 4937 Ende des abschüssigen Platzes, die Kupfer= und Zinn¬
1221 4933 2159 4975 schmiede. Unten, vor dem Hotel Damas, hält einer
1221 4961 2158 5013 jener Omnibusse, die wie Hühnerkäfige aussehen, und
1220 4999 2159 5044 hinter deren Gittern die geduldigen und sanftmütigen
1221 5044 2158 5083 Bauern stunden- und tagelang über die winterlichen
1220 5072 2158 5113 Landstraßen fahren. Jetzt steigen sie aus, mit ihren
1239 5100 2159 5147 hohen Körben, spitzen Wasserkrügen und schwarzen
1220 5143 2159 5185 Streusäcken, hinter ihnen die dunklen Weiber, die
1219 5175 2159 5221 Säuglinge in Tüchern auf den Rücken gebunden und
1232 5204 2159 5270 die halbnackten langhaarigen Kinder, alle mit Henna
1220 5236 1534 5286 dunkelrot gefärbt.\:p\
1278 5263 2161 5323 \p\Dann kommen Kamele die abschüssige Straße hin¬
1220 5324 2159 5362 unter, mit wüstem Geschrei jagen die Treiber die Leute
1220 5348 2140 5391 aus dem Weg, die hohen Holzsättel schwanken auf und
1219 5391 2158 5431 ab, dann bleiben die Tiere stehen, mit sanften und
1226 5421 2158 5481 klugen Mienen sehen sie auf das bunte Getriebe und
1219 5454 1955 5502 lassen sich gravitätisch auf die Knie nieder.\:p\
1279 5489 2158 5534 \p\Wie wir die Treppe hinuntersteigen, sind wir sofort
1219 5534 2158 5577 von Männern umringt, die uns die Hände schütteln
1219 5563 2121 5611 und uns mit einem rauhen „Mehraba“ begrüßen. Es
1219 5598 2158 5643 sind Arbeiter von der Ausgabung, deren insgesamt 300
1218 5632 2157 5684 beschäftigt sind, dazu die Frauen und die Kinder als
1218 5667 2152 5722 „Korbleute", um die Erde wegzuschaffen. Ich habe
1216 5714 2157 5754 mir die Zuneigung eines dieser Knaben erworben, er
1218 5734 2157 5778 heißt Jesah und kann nicht älter als zehn Jahre sein.
1218 5767 2137 5812 Jetzt drängt er sich durch die Menge auf uns zu, hebt
1226 5803 2152 5853 die kleine Hand an das Herz und die Stirn, und lächelt
1218 5842 2157 5891 uns gerührt an, dankbar über unser Erscheinen. Fortan
1218 5876 1903 5940 weicht er nicht mehr von unserer Seite.\:p\
1279 5904 2156 5953 \p\Viele dieser Araberknaben könnte man für Mädchen
1232 5947 2156 5996 halten; sie sind außerordentlich hübsch, ihre langen ge¬
1218 5989 2156 6028 färbten Locken sehen unter den rotbraunen Kopftüchern
1218 6025 2156 6055 hervor, noch die Jünglinge, die sechzehn= und zwanzig¬
1218 6055 2156 6094 jährigen, haben die sanften Züge von Frauen. Unter
1218 6094 2156 6150 den älteren Männern findet man neben wilden und
2158 4411 3098 4473 ekstatischen Gesichtern auch die langen, schmalen und
2157 4448 2942 4510 bartumrahmten unserer Christus=Vorstellung.\:p\
2226 4487 3077 4535 \p\Der Vorarbeiter Mahmud hilft uns bei den Ein¬
2157 4514 3098 4569 käufen. Er spricht gut englisch und versteht mehr von
2157 4553 3098 4606 Scherben als mancher Archäologe. Als ich mit ihm ein
2157 4603 3098 4644 Paar der roten Stiefel anprobiere, kniet der kleine
2155 4634 3099 4676 Jesahknabe neben mir nieder und zieht mit seinen
2156 4663 3099 4706 braunen Händen die weißen Schnüre an, hebt dann
2156 4689 3051 4742 meine alten Schuhe auf und trägt sie hinter mir her.\:p\
2221 4739 3098 4786 \p\Die ärgerlichsten Menschen des Marktes sind die
2155 4748 3099 4828 Gendarmen. Sie fluchen auf arabisch, gehen zwischen
2155 4808 3099 4863 den Leuten umher und verteilen unvermutet schallende
2181 4846 3098 4889 Ohrfeigen, ohne nach rechts oder links zu sehen. Dann
2155 4877 3099 4934 setzen sie sich in das Kaffee neben dem zweifelhaften
2155 4912 3099 4966 Haus der Madame Eugenie und blicken verstimmt auf
2155 4944 3098 4991 die geschäftige Menge. Streit gibt es erst gegen Mit¬
2155 4972 3099 5035 tag, wenn der Viehmarkt, der Markt der Esel, der
2153 5024 3098 5072 Wasserbüffel, Kamele, Kühe und Schafe vorbei ist.
2152 5044 3098 5105 Dann messen sich die Burschen Auge in Auge, begin¬
2152 5072 3075 5138 nen mit verhaltenen rauhen Rufen einen Disput, ge¬
2153 5129 3099 5167 raten langsam, fast kunstfertig, in Zorn und ergreifen
2151 5147 3098 5209 sich plötzlich bei den Haaren. Nicht selten kommt es
2151 5182 3098 5248 dabei zu blutigen Messerstechereien, besonders wenn
2152 5209 2571 5269 Beduinen beteiligt sind.\:p\
2217 5252 3072 5307 \p\Als ich einmal in der Nähe einer streitenden Gruppe
2150 5300 3100 5355 stand, fühlte ich, daß mich jemand vorsichtig am Arm
2151 5328 2948 5387 faßte und nach rückwärts zog. Es war Jesah.\:p\
2217 5367 3100 5429 \p\Friedlich benimmt sich der Araber beim Essen, die
2151 5388 3099 5457 Tische der Köche und Bäcker stehen inmitten des Markt¬
2151 5434 3075 5491 platzes und werden fleißig besucht. Da stehen große
2163 5483 3100 5527 Blöcke eines braunen Puddings aus Mehl, Nüssen
2148 5514 3088 5568 und Zucker — rotgefärbte Breie in Zinntöpfen —
2150 5538 3100 5595 flache, runde Brote — kleine Kisten mit vielerlei schar¬
2169 5581 3099 5627 fen Gewürzen — und die Leute mengen sich auf ihren
2150 5622 3099 5685 flachen Tellern oder in großen Näpfen die absonder¬
2148 5646 2625 5703 lichsten Gerichte zusammen.\:p\
2213 5689 3098 5730 \p\Wie in der Türkei werden auch hier kleine Stücke
2148 5720 3099 5762 Hammelfleisch an Spießen gebraten und winzige Klöße
2148 5760 3099 5808 in rote Sauce getaucht und zwischen die flachen Brote
2147 5779 2271 5848 gelegt.\:p\
2220 5810 3099 5865 \p\Ungefähr um ein Uhr ist der Markt zu Ende. Und
2147 5861 3099 5912 den ganzen Nachmittag sehen wir Männer und Frauen
2162 5888 3075 5946 an unserem Haus vorbeiziehen, auf Eseln und ara¬
2146 5926 3099 5966 bischen Pferden reitend, andere auf Kamelen, die
2145 5963 3098 6012 meisten zu Fuß. Alle sind mit Säcken und Körben be¬
2145 5995 3099 6045 laden, manche treiben Rudel von Schafen oder schwar¬
2145 6036 3098 6086 zen Ziegen vor sich her — erst zur Zeit der Dämmerung
2145 6071 3084 6110 ist die Straße wieder leer und die letzten schwanken¬
2145 6091 2998 6168 den Kamelsättel verschwinden hinter dem Hügel.\:p\
