3736 5456
298 997 784 1066 Der Kampf um die
167 1056 915 1135 amerikanische Präsidentschaft
185 1139 895 1194 Von Dr. Annemarie \g\Clark\:g\-Schwarzenbach
273 1199 957 1252 \p\Die nachstehenden Ausführungen, die noch
214 1242 953 1281 vor der Präsidentschaftswahl aus Amerika ab¬
223 1279 958 1324 geschickt wurden, aber mit Verspätung in Zürich
220 1315 958 1357 eintrafen, beleuchten die psychologischen Hinter¬
223 1352 971 1394 gründe der Präsidentschaftswahl im letzten
226 1384 969 1421 Stadium der Wahlkampagne mit ungewöhn¬
220 1419 971 1464 licher Schärfe, so daß sie auch heute noch Beach¬
220 1458 481 1510 tung verdienen.\:p\
253 1501 926 1561 \g\Princeton\:g\ (New Jersey), 1. November
173 1563 956 1608 \p\Die \g\Wiederwahl Roosevelts\:g\ im
113 1595 971 1643 Jahre 1936 war von größter Bedeutung. Sie
116 1642 946 1686 bedeutete die Fortsetzung eines im "New Deal"
113 1684 971 1728 zusammengefaßten \g\Reformprogramms\:g\,
113 1723 971 1762 die Fortsetzung des Versuchs, die größte und
113 1760 956 1806 reichste Demokratie der Welt auf vorsichtig maß¬
113 1799 971 1839 vollem Wege den sozialen und ökonomischen Pro¬
110 1841 971 1882 blemen unserer Zeit anzupassen, die in andern
116 1878 957 1928 Ländern schon zu radikalen Umwälzungen ge¬
116 1917 958 1961 führt, aber noch nirgends eine befriedigende
113 1958 958 1999 Lösung gefunden haben. Ich war zur Zeit jener
113 1996 971 2036 Wahlkampagne in den Vereinigten Staaten und
107 2035 971 2075 verfolgte zum erstenmal dieses Phänomen, das
113 2076 971 2122 ein typisch amerikanisches ist. Weder im republi¬
107 2116 971 2159 kanischen Frankreich mit seinen dauernden, durch
110 2156 971 2194 legitime Mittel ermöglichten Kabinettswechseln
107 2195 971 2238 noch etwa in der Schweiz, deren tiefverwurzelte
107 2238 953 2276 demokratische Tradition es einer Regierung un¬
107 2275 971 2309 möglich machen würde, im Gegensatz zur öffent¬
107 2312 971 2364 lichen Meinung des Landes zu handeln, wurde
107 2351 916 2391 von den typischen demokratischen Freiheiten –
107 2385 953 2436 der Freiheit des Gewissens, der Meinungsäuße¬
113 2430 971 2472 rung, der Presse – jemals ein so hemmungsloser
120 2470 971 2513 Gebrauch gemacht wie in der amerikanischen
120 2512 971 2556 Wahlkampagne. Wir fragen uns heute, ob es
107 2548 971 2592 nicht ein verhängnisvoller Fehler der Demokra¬
120 2591 971 2629 tien ist, die ihnen eigentümlichen Rechte und
113 2633 971 2668 Freiheiten auf Personen, Gruppen und Parteien
120 2665 971 2708 auszudehnen, die das moralische Bekenntnis zur
116 2706 972 2748 Demokratie nicht teilen, die damit verbundenen
113 2745 971 2785 Pflichten nicht anerkennen und ihre Rechte und
110 2789 971 2822 Freiheiten ausschließlich dazu benützen, die
116 2813 972 2864 Demokratie zu bekämpfen, d. h. die Staatsform,
107 2861 971 2905 Lebensform und Formulierung eines moralischen
112 2908 971 2951 Glaubens, die allein es ihnen ermöglicht, genau
110 2934 568 2992 diesen Kampf zu führen.\:p\
170 2966 972 3020 \p\Ich hörte 1936 die gegen Roosevelt gerich¬
120 3018 971 3063 teten, auf Massenpsychose und Massendummheit
107 3058 953 3100 berechneten Reden des Radiopaters Coughlin,
107 3097 971 3129 der in keinem andern Staat als einem demokrati¬
113 3132 971 3179 schen frei hätte reden dürfen, oder auch nur auf
113 3175 971 3225 freiem Fuße geblieben wäre. Aber seine Wirkung
107 3214 971 3256 war nicht groß; die Problemstellung für den
107 3258 971 3297 amerikanischen Wähler des Jahres 1936 war
107 3292 957 3334 übersichtlich und einfach; es handelte sich um die
116 3335 972 3376 inneramerikanische Entscheidung für eine fort¬
113 3364 971 3417 schrittlich liberale oder eine rein kapitalistische,
113 3415 971 3459 reaktionär gefärbte Richtung. Die Linksparteien,
113 3451 971 3490 einschließlich der Gewerkschaften, entschlossen sich,
116 3489 972 3540 für Roosevelt zu stimmen, dessen Politik des
116 3528 972 3573 "Mittleren Weges" ihnen die Möglichkeit garan¬
107 3572 971 3615 tierte, den Kampf um soziale Rechte weiter zu
112 3607 947 3652 führen. Viele Konservative stimmten für Roose¬
120 3647 971 3690 velt, weil er als der Garant gegen jede Form von
113 3685 971 3729 Radikalisierung sozialer Gegensätze erschien. Es
116 3721 953 3770 sprach sehr zu seinen Gunsten, daß der von dikta¬
113 3765 971 3805 torischen Neigungen nicht freie John L. Lewis,
107 3807 972 3850 der größte Gewerkschaftsführer Amerikas, sich
107 3840 949 3887 mit seiner nach Millionen zählenden Anhänger¬
115 3883 972 3933 schaft für Roosevelt erklärte. Roosevelt wurde
116 3918 972 3970 mit großer Mehrheit wiedergewählt. Trotzdem
991 968 1853 1027 blieben seine Gegner bei der Behauptung, daß
996 1019 1853 1063 seine vermittelnden und ausgleichenden Quali¬
992 1060 1853 1102 täten zugleich seine Schwächen seien, – er werde
996 1088 1853 1141 Probleme nicht lösen, das Land nicht sanieren,
996 1138 1853 1180 sondern "experimentieren", und bestenfalls der
996 1177 1853 1221 Mann einer Uebergangsperiode sein. Außen¬
999 1208 1854 1263 politisch weitblickende Amerikaner fragten sich,
992 1252 1853 1299 ob den Vereinigten Staaten noch Zeit und Muße
996 1295 1853 1353 für eine solche Periode innerer Entwicklung
992 1329 1108 1381 bleibe.\:p\
1044 1351 1833 1420 \p\Zu den erbittertsten Gegnern Roosevelts
992 1413 1830 1458 gehörte vor vier Jahren die berühmte Jour¬
992 1452 1826 1496 nalistin der republikanischen Tageszeitung
993 1490 1854 1539 "Herald Tribune", \g\Dorothy Thompson\:g\,
996 1530 1853 1575 zweifellos eine der besten Kenner und scharf¬
992 1565 1835 1613 sinnigsten Beurteiler der europäischen politischen
992 1610 1853 1646 Lage. Damals hatte ich kurz vor der Präsident¬
992 1644 1853 1692 schaftswahl Gelegenheit, mehrere Stunden mit
992 1686 1853 1728 ihr allein zu sprechen. Ich sagte ihr, daß ich als
992 1724 1853 1768 Europäer nur ihre die Außenpolitik betreffenden
992 1767 1853 1812 Aeußerungen beurteilen, und nur Bewunderung
992 1807 1853 1848 dafür empfinden könne, daß es mich aber umso
992 1845 1853 1882 mehr überrasche, von amerikanischen Liberalen
999 1885 1830 1928 zu hören, daß sie in solchen Kreisen als "fasci¬
993 1924 1854 1973 stisch" oder "reaktionär" gelte. Mrs. Thompson
993 1968 1854 2025 reagierte mit temperamentvoller Heftigkeit, sie
992 2000 1853 2048 sei eine "intelligente Konservative" ("a clever
992 2042 1853 2083 conservative") erklärte sie mir, und als Ameri¬
992 2080 1853 2124 kanerin habe sie noch das Privileg, klar, vor¬
992 2116 1853 2157 urteilslos und demokratisch zu denken und zu
992 2156 1833 2205 handeln, und sie gedenke dieses Privileg der
992 2196 1853 2249 Menschenwürde verantwortungsvoll zu benützen.\:p\
1044 2237 1853 2281 \p\Am 29. Oktober 1940 hörte ich am Radio eine
992 2272 1853 2316 Rede von Dorothy Thompson, die sich gegen
992 2317 1853 2358 ihren alten Feind, den Gewerkschaftsführer John
992 2356 1853 2393 L. \g\Lewis\:g\, und gegen ihren alten Freund
992 2396 1853 2441 Wendell \g\Willkie\:g\ richtete. In der Flut von
992 2434 1853 2474 mehr ober minder einseitigen, mehr oder minder
992 2474 1853 2518 offensichtlich demagogischen, mehr oder minder
992 2513 1853 2556 für den neutralen Beobachter ärgerlichen Wahl¬
992 2552 1853 2587 reden konnte sich Präsident Roosevelt keine
992 2587 1853 2634 bessere, klarere, mutigere Unterstützung wünschen
992 2630 1833 2677 als diese meisterliche Rede seiner früheren Geg¬
992 2667 1853 2715 nerin. Es war zu erwarten, daß die offene
992 2708 1853 2750 Stellungnahme des Präsidenten gegen den alten
992 2748 1853 2793 Begriff der "amerikanischen Isolation" und für
991 2784 1833 2826 die nationale Verteidigung in amerikanischen
992 2826 1853 2866 Arbeiterkreisen Befürchtungen hervorrufen
992 2866 1853 2911 würde, daß die unvermeidlichen Ausnahme¬
992 2906 1853 2952 gesetze für die Beschleunigung der Rüstungs¬
992 2950 1853 2984 industrie dazu benützt werden könnten, die schwer
992 2980 1853 3039 erkämpften sozialen Rechte der Arbeiter zu
992 3017 1113 3070 kürzen.\:p\
1053 3047 1854 3098 \p\Aber es war doch nicht zu erwarten, daß
992 3097 1838 3152 John L. \g\Lewis\:g\, der alle legalen Erfolge auf
992 3138 1833 3179 diesem Gebiet der Zusammenarbeit mit Roose¬
992 3178 1853 3218 velt oder mindestens seinem wohlmeinenden Bei¬
992 3221 1833 3262 stand und seiner grundsätzlichen Toleranz ver¬
992 3257 1853 3296 dankt, sich in letzter Stunde offen gegen den Prä¬
992 3297 1853 3338 sidenten und für den republikanischen Gegen¬
992 3329 1853 3380 kandidaten erklären würde. Wenn Willkie es
992 3376 1853 3415 nicht persönlich erklärt oder beabsichtigt hat, so
992 3412 1853 3457 ließen doch seine zahlreichsten und bedeutendsten
992 3452 1853 3505 Anhänger deutlich erkennen, daß er, der politisch
992 3490 1835 3539 unbelastete liberale Geschäftsmann, das Aerger¬
992 3533 1853 3575 nis der im "New Deal" durchgeführten sozialen
992 3572 1830 3612 Reformen, die damit verbundenen hohen Aus¬
992 3609 1853 3656 gaben und Belastungen für Steuerzahler und
992 3653 1853 3692 freie Unternehmer beseitigen würde. Das alte
992 3690 1853 3730 Argument gegen Roosevelt, die teils zu großen,
992 3729 1853 3768 teils unnötigen, teils schlecht verwendeten Aus¬
992 3765 1853 3815 gaben für Sozialversicherung und Arbeitslosen¬
991 3813 1833 3850 unterstützung, ist selbstverständlich auch das
992 3847 1853 3890 Argument gegen die unter John L. Lewis
992 3888 1853 3937 mächtig erstarkte Gewerkschaftsorganisation
992 3939 1853 3978 "C. I. O." (Committee for Industrial Organisa¬
1863 958 2724 1025 tion); es ist auch selbstverständlich eines der
1863 1015 2724 1059 verbreitetsten Argumente der großen und kleinen
1863 1053 2724 1103 Unternehmer und Geschäftsleute für Willkie.
1863 1092 2724 1149 Daher ist Lewis' Stellungnahme für Willkie ein
1863 1140 2698 1178 verwirrendes Phänomen, das seine eigenen An¬
1863 1174 2702 1215 hänger überrascht und in schwere Gewissens¬
1863 1214 2705 1260 konflikte gestürzt hat. Ein großer Teil der ameri¬
1863 1252 2724 1294 kanischen Arbeiter glaubt, daß Willkie den
1863 1289 2705 1340 Unternehmern Zusicherungen gemacht habe, die
1868 1338 2724 1378 sich im Fall seiner Wahl zu ihrem – der
1871 1367 2724 1418 Arbeiterschaft – Nachteil auswirken würden.
1865 1408 2695 1457 Anderseits hat sich Dorothy Thompson, die kla¬
1868 1449 2724 1499 sische Vorkämpferin der Republikanischen Partei,
1863 1494 2705 1532 die am meisten gelesene Journalistin der Ver¬
1863 1523 2708 1579 einigten Staaten, gegen den republikanischen
1874 1567 2713 1615 Kandidaten und für Roosevelt erklärt und damit
1863 1605 2724 1649 ihre Stellung, die Gunst ihrer Leser und ihrer
1863 1645 2724 1696 Verleger gefährdet. Als sie im Mai dieses Jahres
1863 1684 2724 1724 von einer Europareise zurückkehrte, machte sie
1863 1721 2724 1768 den Vorschlag, daß die Republikanische Partei
1863 1761 2724 1805 auf die Aufstellung eines Präsidentschaftskandi¬
1863 1802 2720 1848 daten verzichten und damit den Vereinigten
1863 1843 2713 1885 Staaten in einem außenpolitisch so kritischen
1868 1878 2708 1925 Jahr den Wahlkampf ersparen sollte, denn die
1863 1920 2716 1963 Lahmlegung der amerikanischen Außenpolitik
1863 1959 2708 2004 während mindestens sechs Monaten der Wahl¬
1863 2002 2724 2047 kampagne entspreche nur den Interessen der
1863 2032 2724 2088 kriegführenden Achsenmächte. Der Vorschlag
1863 2075 2698 2124 erregte Aufsehen, aber er führte zu nichts, und
1863 2117 2710 2165 der Wahlkampf nahm seinen "normalen" Gang.\:p\
1922 2156 2716 2202 \p\Die Lage ist für den amerikanischen Wähler
1863 2195 2724 2242 von 1940 äußerst verwirrend. Wohl wußte man,
1863 2236 2724 2279 daß in diesem Jahre der Krieg in Europa für die
1863 2279 2724 2320 Wahl von vielleicht ausschlaggebender Bedeu¬
1863 2314 2724 2359 tung sein würde. Aber welchen Weg mußten die
1863 2354 2724 2400 Amerikaner in wenigen Monaten zurücklegen,
1863 2392 2710 2444 die noch im Mai den alten Grundsatz der ameri¬
1863 2431 2724 2477 kanischen Isolation für so heilig hielten, daß man
1863 2470 2716 2520 meinte, Roosevelt, im Herzen ein überzeugter
1863 2511 2710 2557 Feind der Diktaturen, vielleicht schon zur Ein¬
1863 2549 2705 2596 mischung in den europäischen Konflikt ent¬
1863 2588 2716 2630 schlossen, werde sich bis nach der Wahl im
1871 2626 2716 2673 November als "Isolationist" ausgeben müssen,
1863 2671 2716 2710 um überhaupt kandidieren zu können. Roosevelt
1863 2708 2724 2757 proklamierte aber seine dritte Kandidatur nach
1863 2745 2724 2794 der Invasion von Holland und Belgien, die in
1874 2785 2724 2826 Amerika fast über Nacht einen stürmischen Stim¬
1863 2823 2724 2870 mungswechsel hervorrief, sodaß es für den Präsi¬
1863 2862 2725 2915 denten nicht nur möglich, sondern notwendig war,
1863 2903 2724 2960 für ein gewaltiges Programm der Aufrüstung ein¬
1863 2942 2724 2990 zutreten. Die Welle der nationalen Begeisterung
1863 2981 2724 3027 war so stark, daß im gleichen Augenblick auch der
1865 3023 2716 3073 republikanische Kandidat keine andere Wahl
1863 3061 2724 3102 hatte, als sich für die Aufrüstung zu erklären. Die
1874 3102 2724 3142 Republikanische Partei suchte nun Roosevelt für
1871 3138 2724 3180 den ungenügenden Stand der amerikanischen
1863 3179 2724 3226 Rüstung zur Verantwortung zu ziehen, obwohl
1871 3217 2710 3259 der Präsident leicht nachweisen konnte, daß in
1863 3259 2716 3299 den vergangenen Jahren die Republikaner jeden
1862 3296 2724 3340 Rüstungsplan sabotiert hatten. Die zweite
1863 3337 2698 3378 Phase des Wahlkampfs war dadurch charak[t]eri¬
1863 3376 2724 3418 siert, daß sich beide Parteien in den Kundgebun¬
1863 3415 2724 3461 gen des Wehrwillens und der Sympathie für
1863 3453 2724 3499 England zu überbieten suchten. Dann aber
1871 3494 2724 3537 glaubte die republikanische Parteileitung eine
1863 3533 2724 3574 latente Kriegsfurcht ausnützen zu können; ihre
1871 3571 2724 3621 Propaganda prangerte nun plötzlich Roosevelt
1863 3612 2710 3652 als Kriegshetzer an. Die Kreise aber, die wie
1863 3649 2724 3694 Dorothy Thompson überzeugt sind, daß eine
1863 3688 2724 3735 Niederlage Englands auch für die Vereinigten
1863 3729 2708 3770 Staaten eine Katastrophe wäre, daß sie insbeson¬
1863 3760 2724 3811 dere zu einem Zweifrontenkrieg gegen Japan
1868 3810 2724 3852 und gegen die europäischen Achsenmächte führen
1863 3847 2724 3896 müßte, traten umso nachdrücklicher für Roosevelt
1863 3889 2724 3925 ein. Für den europäischen Beobachter war die
1863 3921 2724 3981 Verschiebung der Lager in diesem Wahlvorgang
2733 956 3585 1017 weder überraschend noch verwirrend; der "Ver¬
2733 1012 3590 1063 rat" des Arbeiterführers Lewis, der Zusammen¬
2733 1060 3591 1103 schluß der äußersten Linken und äußersten
2733 1092 3590 1153 Rechten gegen die demokratische Mitte, und das
2739 1130 3590 1172 Bekenntnis einer der besten, kritischen, konserva¬
2745 1174 3590 1211 tiven Persönlichkeiten wie Mrs. Thompson zur
2748 1210 3590 1261 Demokratie, dies alles ist uns durch parallele
2733 1255 3436 1299 Erscheinungen in Europa verständlich.\:p\
2799 1293 3599 1332 \p\Für die neutrale Welt hat das Ergebnis der
2733 1332 3591 1379 Präsidentenwahl in diesem Jahre vor allem die
2733 1371 3590 1414 Bedeutung, daß es ein unmißverständliches
2761 1410 3591 1456 Zeugnis für das Verhältnis der Vereinigten
2733 1448 3585 1493 Staaten zu England ablegen wird. Die Eng¬
2739 1485 3590 1528 länder haben sich peinlich gehütet, in die ameri¬
2748 1521 3590 1567 kanische Wahlpropaganda einzugreifen, sie ver¬
2748 1565 3599 1609 meiden es sogar mit größter Sorgfalt, auch nur
2733 1601 3588 1649 ihre Sympathien für den einen oder andern
2733 1639 3590 1688 Kandidaten auszudrücken. Aber es besteht gar
2733 1681 3593 1719 kein Zweifel daran, daß eine Niederlage Roose¬
2733 1725 3590 1763 velts in England zum mindesten als ein mora¬
2733 1769 3319 1824 lischer Schlag betrachtet würde.\:p\
