1860 2602
281 52 1498 206 Aghanistan in Transition
720 223 1756 291 by ANNEMARIE CLARAC-SCHWARZENBACH
99 289 1748 388 \p\Afghanistan is of particular interest at this moment. For, geographically, it is a 'land of transit',
105 363 1754 419 poised as a buffer State between more powerful neighbours — a nerve-centre of world politics. And yet,
99 407 1752 454 as the author of this article saw for herself when recently travelling through it, it has completely preserved
99 452 1750 497 its own character. Still among the least developed of Asian countries, its population, of many races
97 495 1752 541 and many tongues, are only now beginning to adopt the ways of the faster moving modern world.\:p\
99 541 894 611 \p\In Kabul, a bare day’s journey from the
99 607 894 665 Indian border and the motor road through
99 654 877 706 the Khyber Pass, it is impossible, owing
99 702 892 759 to the rules of Mohammedan law, to buy
99 755 892 799 a bottle of beer in any of the shops; guests
99 795 892 850 at the only hotel are forbidden to ask for
97 842 889 892 alcoholic beverages, and a physician’s pre¬
97 889 900 939 scription must be presented to obtain pure
99 939 896 989 alcohol from the chemist. For the same
97 984 900 1038 reason Afghan medical students at the
97 1028 896 1086 new University of Kabul, staffed for the
97 1088 892 1131 most part by Turkish instructors, are sent
97 1127 892 1187 to India to complete courses in anatomy
95 1174 378 1222 and dissection.\:p\
136 1213 889 1273 \p\In Afghanistan, the traditional buffer
97 1271 894 1319 state between Russia and British India,
97 1315 892 1366 the highways for the most part follow
95 1364 892 1414 the track of the age-old caravan routes
132 1410 894 1459 – the roads of invasion and migration.
99 1453 875 1507 Of these, only three or four are avail¬
95 1504 892 1556 able for motor traffic: the road from the
101 1554 894 1616 Iranian (Persian) border by way of Herat,
114 1601 896 1651 Kandahar and Ghazni to Kabul, over an
97 1651 892 1698 immense, monotonous stretch of desert;
97 1696 894 1746 the road from Kabul across the Lataband
95 1742 894 1793 and the beautiful plain of Jalalabad to the
93 1789 896 1839 Khyber Pass; the Hindu Kush road, famous
95 1835 894 1888 for its scenic grandeur, which connects
95 1882 894 1940 Kabul with Mazar-i-Sharif, the capital of
95 1932 883 1989 Afghan Turkestan, and branches off be¬
105 1981 898 2039 yond the Shibar Pass into the highlands
95 2020 892 2076 of Bamiyan, home of Buddhist cave
95 2074 894 2124 monasteries and colossal statues; and at a
101 2124 894 2183 pinch the 'Highway of the North’, still
97 2169 894 2221 under construction, which is to lead from
95 2219 894 2268 Herat by way of Maimana and Balkh to
95 2268 894 2313 Mazar-i-Sharif, following the old silk trail.\:p\
132 2311 894 2361 \p\From Mazar it is possible to drive to
101 2357 894 2408 Termez, on the Russian boundary formed
93 2404 887 2468 by the Oxus, where the Soviet railway
949 551 1736 611 ends. Again, if one is willing to risk ruining
949 609 1754 660 one’s car, one can drive into the province
949 654 1754 702 of Badakhshan as far as Kunduz and even
960 700 1145 764 Faizabad.\:p\
989 729 1750 803 \p\As far as I know, only one European
951 795 1740 852 tourist has so far succeeded in travelling
949 842 1744 898 by car from Bamiyan across the moun¬
951 892 1748 939 tain country of the Hazarajat to Herat [sie selbst?];
947 937 1750 989 but this stretch was traversed in the
947 984 1754 1053 summer of 1939 by a young French couple
949 1032 1752 1081 on bicycles. In the highland villages
949 1081 1752 1139 they often found that there was no bread,
947 1131 1750 1180 milk or matches. For days they lived on
947 1176 1742 1228 flour stirred with a little water, and trans¬
953 1224 1756 1277 ported their own fire, kindled with the
947 1269 1752 1346 help of a camera lens, in a tin filled
953 1315 1750 1366 with sheep-dung suspended from the
947 1358 1424 1428 handle-bars of a bicycle.\:p\
989 1403 1754 1461 \p\Afghanistan is about one-half again as
947 1455 1754 1509 large as France. But it has only about
949 1509 1754 1558 three thousand motor-lorries on its roads
947 1554 1752 1604 and a far smaller number of private cars.
947 1606 1754 1651 Petrol is more expensive than in India and
947 1649 1744 1698 Iran. North of the Hindu Kush it is im¬
951 1696 1750 1756 ported from the Soviet Union; in the rest
947 1754 1752 1804 of the country it is brought in by the
947 1793 1750 1843 Burma Shell Company through India.
953 1841 1752 1899 The handful of repair-shops in Kabul,
964 1890 1746 1940 Kandahar and Herat are government
947 1936 1754 1987 owned, as are the hotels, controlled by the
949 1985 1754 2041 postal authorities, which are used by the
947 2033 1701 2084 rare tourists and by travelling officials.\:p\
980 2078 1736 2132 \p\There used to be an air service be¬
947 2124 1754 2173 tween Tehran and Kabul run by the
951 2173 1746 2229 German Lufthansa, which was experi¬
947 2225 1750 2280 menting with the overland route to the
960 2266 1744 2320 Far East and a feeder line to the Eurasia
945 2318 1750 2367 route. But the Iran-Afghanistan line
943 2367 1750 2427 ceased operations in the summer of 1939,
947 2410 1752 2481 just before the outbreak of the war. A\fml\\:p\
92 1802 903 1856 \fml\\p\Soviet plane travelling roughly once a
95 1867 900 1906 week between Tashkent and Kabul carries
92 1914 894 1961 diplomatic mail, but only exceptionally
99 1945 901 2001 passengers. There are no railways in
93 1995 901 2048 Afghanistan, and exploitation of the
98 2041 900 2091 country’s rich natural resources — the
100 2090 881 2146 presence of oil has been established be¬
102 2138 900 2192 yond doubt — is hampered by lack of
97 2185 452 2242 transport facilities.\:p\
152 2234 887 2282 \p\Right in the Hindu Kush, near Pul-i-
110 2282 898 2330 Khomri on the Kunduz River, German
97 2329 899 2378 engineers of the Siemens Company are
97 2379 895 2426 building a dam and a hydro-electric power
95 2428 898 2481 plant[vgl. Fotoreportage], the current from which is to drive a
954 1814 1752 1866 cotton mill and a sugar refinery. The
952 1868 1750 1921 machinery, imported from England, must
956 1906 1743 1970 be shipped five hundred miles by lorry
955 1957 1743 2010 from Peshawar across the Khyber, Lata¬
957 2002 1747 2060 band and Shibar Passes! Outside Kabul,
958 2051 1749 2114 this power plant is the first large-scale
953 2097 1746 2156 industrial undertaking in Afghanistan,
957 2154 1749 2198 and the five thousand workers engaged in
952 2189 1750 2245 its construction are the first specimens of a
954 2250 1742 2293 new 'proletariat’—a term hitherto un¬
955 2286 1749 2337 known in Afghanistan. In the projected
956 2331 1745 2386 workers’ city of Pul-i-Khomri, planned for
953 2390 1749 2436 ten thousand inhabitants, nomads are to
957 2426 1742 2492 be settled and introduced to factory\:p\\fml\
1070 1449 1278 1490 \f\Landkarte Afghanistans und umliegender Länder (keine Bildunterschrift)\:f\
107 1502 901 1562 \p\work—a first step in the programme of
105 1562 744 1618 permanently settling the nomads.\:p\
145 1610 901 1659 \p\For Afghanistan, though on account of its
105 1657 901 1715 geographical position a real nerve centre
103 1698 901 1748 of world politics, is still one of the most
107 1750 901 1796 undeveloped countries of the Near and
103 1789 901 1845 Middle East. A neighbour of Russian
112 1837 901 1893 Turkestan with its collective farms and
103 1889 901 1940 new factories, Afghanistan still remains
103 1940 903 1988 almost entirely agrarian. A neighbour of
103 1984 897 2041 British India, separated from a region long
105 2031 901 2085 under British administration only by the
105 2081 874 2141 mountain strip of the 'Tribal Territory',
101 2132 884 2178 Afghanistan is only now making the trans¬
101 2174 901 2225 ition from a country governed by tribal
107 2219 903 2277 tradition and feudal law, to a modern
101 2269 905 2320 state with a strong central government. A
103 2314 891 2368 neighbour of Iran and of Russian Turkes¬
105 2364 899 2413 tan, two regions where the nomad prob¬
99 2413 905 2469 lem has been solved by radical measures,
957 1502 1767 1558 Afghanistan is still a land of yurts and
959 1552 1765 1605 black tents. Surrounded by countries
961 1601 1767 1653 where the power of Islam is either on the
961 1651 1760 1696 wane or has had to reorient itself in view
959 1696 1765 1752 of its separation from secular affairs, its
959 1748 1763 1798 loss of influence over government, educa¬
961 1794 1767 1845 tion, etc., Afghanistan has remained a
961 1839 1769 1909 purely Mohammedan land, where religion
961 1889 1765 1940 is more than the private concern of the
961 1936 1767 1988 individual. The beginning and end of
961 1986 1750 2035 Ramadan, the month of fasting, are pro
961 2031 1765 2083 claimed by the Government in Kabul.
969 2081 1765 2128 Throughout the country missionary work
959 2124 1771 2180 is prohibited and the only Christian
959 2178 1769 2225 church in Afghanistan is the little chapel
959 2223 1612 2275 in the Italian Legation at Kabul.\:p\
1006 2265 1769 2322 \p\The integral force of the Mohammedan
959 2310 1773 2370 religion represents a gain as well as a
959 2370 1767 2420 burden to the Central Government in
961 2411 1769 2467 Kabul. In a land inhabited by different\fml\\:p\
504 1046 665 1079 \f\Nomadin und Kinder vor einem Zelt\:f\
1597 1287 1773 1364 \fp\Ella Maillart
101 1353 1763 1420 Afghanistan is still a country of yurts and black tents. This nomad woman with a roman profile
103 1407 1765 1459 belongs to a tribe whose summer pastures are near Bamiyan. In winter it returns to the Indian border.\:fp\
552 2158 782 2199 \f\Kirgisischer Hirte von Herat\:f\
1452 2409 1763 2459 \fp\A. Clarac-Schwarzenbach
93 2450 1754 2512 The people have a strong national feeling although they are composed of different ethnic and linguistic
170 2504 1682 2566 groups. A Kirghiz shepherd from Herat who belongs to a small group of Turkish descent.\:fp\
104 141 898 196 \p\\fml\races speaking different tongues Islam is a
104 196 884 244 strong unifying bond. Pushtu-speaking
104 240 892 291 Pathan tribes in the South; Iranian Ta¬
104 287 888 340 jiks in Badakhshan, and Kohistan; Turko-
104 332 894 379 Mongolian Uzbeks and Turkomens in
108 373 896 426 Turkestan; Mongoloid Hazaras settled
98 426 896 477 in the central mountains by Genghiz
116 470 886 527 Khan — all these ethnically and lin¬
104 527 892 578 guistically differing population-groups,
106 570 890 619 which show marked differences in their
102 623 892 668 modes of life: nomads and settled peasants,
104 666 855 723 professional warriors and city merchants –
98 709 896 760 all these are united not so much by a
100 764 894 804 common national feeling as by a common
98 808 886 859 faith. The Government has shown shrewd¬
104 851 898 898 ness in utilizing this instrument. But it is
104 904 892 945 more than an instrument — it is a power
104 947 894 994 which may at any moment emancipate
98 994 876 1041 itself again and become effective along
104 1041 515 1093 wholly different lines.\:p\
140 1083 886 1138 \p\During the last war German and Turk-
953 126 1757 196 ish agents attempted to stir up the warlike
951 193 1755 242 Pathan tribes of India’s North-West Fron¬
951 238 1755 291 tier to 'Holy War’ against India — that is
953 283 1757 338 to say, against Great Britain. But the
947 326 1751 387 shrewd Emir Habibullah knew that taking
951 385 1751 436 up the cause of Turkey and Germany
949 426 1753 477 would be sheer madness so long as Russia
949 476 1759 525 and Britain were allies and could crush
949 521 1755 572 Afghanistan. The young ruler Amanullah
951 570 1757 617 who came after, allowed himself to be
949 611 1759 664 swept into war — and lost. But in his
947 660 1753 717 support, the tribes of the entire region,
949 717 1753 768 on both sides of the Durand Line, rose up
949 753 1755 808 in arms. Tribal solidarity and the bond
951 802 1755 859 of Islam proved far stronger than loyalty
951 851 1755 904 to the Governments of Delhi and Kabul.
953 898 1759 949 Today, as much as ever, control of the
949 945 1757 996 restless, warlike and fanatically religious
949 994 1755 1045 border tribes is a common problem for
947 1039 1755 1091 both Governments which can be solved
951 1095 1348 1150 only by cooperation.\:p\
558 2144 682 2176 \f\Gruppe aus sesshafter Landbevölkerung, Afghanen oder Paschtunen\:f\
1550 2342 1765 2419 \fp\J. C. A. Johnson
138 2417 1713 2470 A group of settled peasants, Afghans proper, or Pathans, outside one of their scattered villages.\:fp\
136 1526 895 1584 \p\Amanullah’s over-zealous and precipi¬
95 1578 891 1631 tate reforms were wrecked by the resist¬
91 1624 898 1677 ance of the Mullahs. The power of Islam
93 1672 891 1729 cost him his throne. The present Govern¬
95 1721 898 1776 ment at Kabul, while utilizing religion as
95 1772 898 1821 a unifying force, has at the same time to
95 1816 897 1868 take this power into consideration in all its
95 1865 897 1912 actions. This explains why Afghanistan
95 1910 897 1962 has not yet taken the first step towards
95 1958 898 2010 the emancipation of women since the
96 2008 892 2068 Government are well aware of the danger
93 2051 828 2111 latent in a policy of too-rapid reform.\:p\
139 2100 897 2169 \p\Afghanistan is developing slowly and
96 2148 897 2204 this is not to its disadvantage. The shrewd
95 2194 889 2241 men who rule it — men of European school¬
95 2241 897 2292 ing who are yet bound with every fibre
95 2292 884 2339 to their country and its traditions and life,
128 2339 891 2404 – are able to utilize the experience of other
90 2386 886 2434 Asiatic countries and to avoid tragic mis¬
91 2435 895 2481 takes. I am thinking of, for example, the
965 1527 1753 1586 'settlement of the nomads’, a problem that
958 1579 1753 1631 will inevitably arise in Afghanistan, but
955 1633 1751 1677 that surely can be solved in a happier and
954 1674 1750 1726 more humane fashion than it was in the
954 1724 1751 1773 neighbouring regions of the Soviet Union
954 1770 1751 1819 and Iran. Life in Afghanistan is still of
952 1817 1748 1868 such simple integrity and harmony that to
954 1866 1745 1920 us Europeans it seems almost like paradise.\:p\
999 1914 1751 1966 \p\There is an enormous difference between
957 1962 1748 2011 the customs of Afghanistan and those in
954 2005 1743 2066 other countries of Western Asia, notably
962 2052 1743 2106 Turkey and Iran. One does not know
952 2104 1746 2158 Asia until one has passed beyond the
954 2156 1748 2202 north-east frontier of Iran — though the
954 2191 1748 2249 Iranian highlands afford great vistas of
954 2241 1740 2292 Asiatic desert, full of colour and splendour;
955 2297 1746 2342 while Iran, of course, is infinitely richer in
952 2342 1746 2393 architectural monuments and art treasures
954 2386 1748 2442 than mountainous Afghanistan, which is
957 2435 1745 2498 poor in cities and inhabited mainly by\fml\\:p\
1452 1274 1488 1305 \f\Religiöse Versammlung am Shibar Pass\:f\
1449 1340 1762 1419 \fp\A. Clarac-Schwarzenbach
91 1412 1743 1477 The power of Islam is a force for uniting all races. This picture, taken near the Hindu Kush road,
282 1463 1546 1520 at the Shibar Pass, shows a religious assembly on the last day of Ramadan\:fp\
695 2243 1033 2273 \f\Minarette von Musallah\:f\
1545 2402 1723 2469 \fp\Elle Maillart
122 2445 1709 2522 The giant minarets of the Musallah, one of the most splendid mosques of Asia, still stand on
215 2511 1603 2562 the outskirts of Herat — a reminder that this was once the capital of a great empire.\:fp\
80 109 895 181 \p\\fml\warlike tribes. In Herat alone, the
76 183 897 228 capital of Tamerlane’s Renaissance, can
80 224 893 276 one speak of an ’urban civilization’, a type
80 274 895 331 of culture reserved to settled populations,
78 317 899 366 thriving only where there is wealth. But
78 362 899 414 in Herat the last minarets of the Musallah
78 409 891 473 that remain standing and the surpassingly
80 461 891 518 beautiful mausoleum of Gohar Shad, easily
80 506 901 553 bear comparison with the structures of
82 553 673 603 Isfahan and even Samarkand.\:p\
121 603 897 652 \p\Herat stands on the watershed between
84 648 897 697 two worlds — the highlands of Iran and the
88 697 895 749 Turanian lowlands — and it is one of the
80 743 901 794 most important cross-roads of Asia. Here
84 792 899 839 the roads to Iran, to India, to Central Asia
84 837 899 891 diverge, nor is it chance that has made
99 885 895 934 Russians, Persians, Afghans and English¬
82 938 893 981 men woo the city. It was never an un¬
86 977 901 1031 contested Afghan possession, and today it
82 1031 903 1078 stands like a symbol of the character of
949 121 1745 187 Afghanistan — a land of transit having
951 177 1751 228 until recently little history of its own but
953 224 1753 276 always reflecting the reactions of its great
951 274 1751 323 neighbours; an Asiatic Switzerland, the
951 325 1753 372 natural rampart between other parts of
951 364 1753 418 Asia and the gate of invasion into India.
953 412 1743 467 It is all the more surprising that it is pre¬
957 465 1749 508 cisely the “Land of Koh betwixt Iran,
959 506 1755 556 Turan and Hind”—as the classical authors
955 556 1751 605 described it (Turan being their name for
955 603 1741 652 the country north and east of the Oxus
996 650 1755 700 – which has most completely preserved
955 693 1304 755 its own character.\:p\
994 743 1755 794 \p\In the 19th century Britain might well
953 788 1757 842 have found a different solution to the
959 833 1757 899 problem of protecting India. It might
957 883 1757 934 have made of Afghanistan, the bulwark
957 930 1757 981 against Russia, a protectorate — and this
951 979 1757 1027 doubtless was the intention during the first
955 1025 1757 1076 two Afghan Wars. This, no doubt, would\fml\\:p\
224 2058 278 2152 \f\Autobus in Afghanistan\:f\
1570 2276 1780 2348 \fp\J. C. A. Johnson
111 2339 1761 2409 The 3000 or so lorries using the roads are the only means of transport: even pilgrims to the holy
683 2393 1197 2459 city of Meshed travel this way.\:fp\
111 1442 908 1497 \p\\fml\have spared Britain its present form of
112 1490 905 1544 frontier problems. For the tribal region
113 1536 907 1586 which today lies on both sides of the
111 1585 907 1635 Durand Line marked out in 1894 would
113 1629 896 1682 then have come under uniform adminis¬
116 1682 907 1730 tration. Today the tribes flit across the
116 1729 905 1785 border, support and protect each other,
111 1776 908 1825 and easily evade all government authority.
113 1826 903 1874 A buffer state fills a useful role only
112 1870 907 1921 if it is strong and independent. If
115 1916 899 1970 Britain changed its policy toward Afghan¬
111 1966 910 2017 istan soon after Sir Frederick Roberts’s
117 2013 905 2063 victory at Kandahar and is today in¬
115 2059 910 2114 terested in a strong and independent
113 2106 907 2156 Afghanistan, that country owes this fact to
117 2153 904 2204 the undeniable virtues of its tribes, their
119 2201 910 2253 warlike qualities, their patriotism, and
117 2249 907 2300 their strongly developed sense of liberty.
112 2296 905 2347 As subjects or wards of a foreign power
113 2343 901 2396 they would have remained restless ele¬
112 2393 905 2442 ments. As defenders of the freedom of
970 1441 1766 1490 their country they deserve admiration and
970 1490 1183 1539 confidence.\:p\
1007 1539 1765 1587 \p\Afghanistan has thus never even been a
975 1586 1765 1635 'sphere of influence’ in contrast to old
966 1632 1766 1683 Persia, which, as is well known, was before
972 1682 1763 1731 1914 divided into a British and a Russian
963 1730 1765 1779 sphere of influence and did not experience
966 1777 1762 1826 a national rebirth until the advent of the
970 1823 1761 1883 present Shah Reza Pahlevi. Without any
966 1873 1768 1921 change in its political significance — which
966 1923 1768 1967 today once more has moved it into the
963 1967 1765 2011 focus of current events — the Asiatic
966 2025 1754 2066 mountain country of Afghanistan has sur¬
969 2059 1765 2111 vived invasion after invasion, and retained
966 2106 1766 2156 its character. Therein may lie the charm
969 2155 1766 2204 which it exerts upon us today, though the
966 2203 1762 2252 number of tourists, scientists and journal¬
963 2250 1765 2300 ists who have penetrated beyond the
968 2299 1768 2349 Khyber Pass or the Iranian border to visit
963 2343 1447 2396 Afghanistan is still small.\:p\
1006 2397 1763 2449 \p\For here we see an Asiatic country\fml\\:p\
912 514 950 575 \f\Weisses Haus des Gouverneurs von Kandahar\:f\
1570 1309 1768 1363 \fp\J. C. A. Johnson
113 1352 1136 1409 The White House, Kandahar, where the Afghan Governor lives.
1163 1359 1763 1417 The town is an important trade centre.\:fp\
93 128 893 190 \p\\fml\that has lived in contact with its neigh¬
93 188 902 237 bours and has stood in the arena of world
96 234 902 293 politics since Alexander’s Indian cam¬
94 279 900 340 paign, being drawn towards assimilation
96 330 904 380 of Western forms of civilization. It is not
94 377 905 427 a question of whether we regard the
98 427 905 474 transition as progress or adopt a sceptical
94 474 897 532 attitude towards its merits in so far as they
94 525 904 572 are likely to contribute to the happiness of
94 567 909 617 the people. The East cannot at choice
94 617 888 661 turn a blind eye to the technical achieve¬
93 661 904 710 ments of the West — for it is the inevitable
94 707 904 759 advance of science which renders the
94 754 888 804 isolation of any part of the world im¬
99 803 259 861 possible.\:p\
141 848 905 898 \p\When, today, one compares an Afghan
98 895 907 956 village — say, the potters’ village of Istalif,
94 944 868 994 nestling in a flowery oasis on the hillside –
101 991 907 1043 with a suburb or workers’ settlement in
98 1041 887 1090 Europe; or the peace of a nomads’ high¬
96 1087 907 1141 land valley in the Hindu Kush with the
99 1137 907 1188 terrors of war that visit our own country¬
956 136 1753 188 side; then more than a doubt of the value
957 185 1755 236 of our civilization and the superiority of
959 232 1733 283 our scientific technique will arise. Never¬
959 279 1757 333 theless, Afghanistan is not immune from
962 330 1758 380 being swept into the whirl of events
962 380 1757 426 through, let us say, a Russian invasion of
957 426 1757 474 its northern provinces. And beyond
962 474 1760 525 doubt the potters and weavers of Istalif
962 522 1757 567 will sooner or later be faced with the com¬
962 569 1762 626 petition of ceramic factories and cotton
962 616 1068 668 mills.\:p\
1006 656 1758 713 \p\Today there is still a fund of indigenous
961 703 1760 757 life in Afghanistan, manifesting itself in
962 752 1760 804 everyday customs, in traditions and in
961 811 1762 851 simple virtues which strongly attract us
962 850 1746 898 Europeans. Will this integrity and har¬
961 898 1763 946 mony vanish, as the black tents of the
961 946 1763 994 nomads will vanish? Will the process of
971 993 1755 1036 'modernization’ in this strange and beauti¬
962 1036 1763 1087 ful land between the Soviet Union and
961 1080 1758 1136 British India necessarily be a tragic one?
966 1137 1765 1195 Or are forces present, have experiences\fml\\:p\
162 1948 210 2012 \f\Zwei Personen vor dem Hintergrund von Istalif\:f\
1474 2285 1783 2367 \fp\A. Clarac-Schwarzenbach
106 2361 1765 2426 Istalif, well known for its pottery glazed in a bluish green colour. Such pottery is used in every
262 2413 1614 2470 house in Afghanistan, as well as cheap Russian and Japanese teapots and bowls.\:fp\
120 122 906 177 \p\\fml\been gathered, which will make it possible
116 176 908 225 for the country to absorb the advantages of
125 220 904 267 Western achievement while avoiding their
118 267 393 326 disadvantages?\:p\
162 316 894 377 \p\Take, for example, Afghan hospitality
117 362 905 410 experienced by every traveller who knows
118 410 890 458 more of Afghanistan than the main high
117 457 905 514 ways. During a trip from Herat through
120 504 903 554 Turkestan to Mazar-i-Sharif [an anderer Stelle (smallform_?) meint sie, das erst ein Tourist diese Strecke mit dem Auto gefahren ist - vermutlich meint sie dort sich selbst] my friend
112 559 903 602 and I never once had to pitch our tent
116 602 787 649 or cook our own rice and porridge.\:p\
155 649 903 694 \p\Governors and village mayors received
966 122 1760 177 us each noon and each evening. At bad
970 178 1758 233 places on the road we found peasants
960 220 1743 266 summoned who greeted us, not like mutter¬
961 267 1745 323 ing serfs, but with genuine warmth, push¬
960 313 1756 362 ing our Ford up steep inclines, through
962 362 1755 410 rivers and across sand-beds [Was Schwarzenbach im Gegensatz zu anderen Beschreibungen, vgl. smallform_427, auslässt, dass sie diese Fronarbeit z.T. auf Geheiss der Behörden tun]. Wherever
964 418 1760 458 we halted in the shadeless heat a peasant
964 458 1750 510 would generally appear and come striding
960 505 1761 553 across the field, a few melons under his
962 555 1675 602 arm which he offered us as a present.\:p\
1002 600 1759 644 \p\Once, late at night, we were stuck in the
960 644 1761 692 oasis of Tash Kurgan with two tyres that
961 691 1760 740 had burst with the heat. We were unable
962 739 1760 787 to complete the repairs and for a long time
962 792 1760 832 could not find a soul, until a young peasant
963 833 1760 889 passed by, shovel on shoulder. When he
961 883 1759 929 had grasped that we, two girls without
962 932 1763 977 male companions, needed help, he was
962 979 1753 1026 beside himself with amazement and in¬
960 1028 1761 1073 sisted on conducting us to his little garden
962 1073 1534 1122 and offering us his protection.\:p\
1012 1124 1762 1167 \p\We could not have felt more secure in
958 1161 1759 1211 Abraham’s bosom than with our Afghan
959 1212 1757 1258 hosts. One evening about nine o’clock we
956 1260 1760 1306 stopped in the township of Shibarghan and
962 1307 1760 1353 asked a policeman in a little bazaar where
963 1353 1760 1401 we might spend the night. He jumped
959 1401 1760 1450 onto our running board and conducted us
958 1452 1742 1498 across field-paths to a huge, walled quad¬
959 1500 1753 1551 rangle, enclosing the garden of a seemingly
961 1546 1757 1593 wealthy man. The servants who opened
962 1593 1760 1642 the gate exhibited no surprise. We were
959 1642 1756 1688 led inside, where the lord of the manor in
962 1685 1758 1742 a soft silk robe and white embroidered cap
957 1731 1758 1794 sat on rugs on a raised clay terrace, enjoy¬
958 1778 1759 1826 ing the evening coolness with his friends.
963 1826 1759 1873 We removed our shoes and joined them.
966 1874 1758 1928 Within a few minutes youn, white-robed
958 1922 1759 1970 servants brought green and red tea, and
956 1969 1753 2018 then skilfully proffered jug and basin for
958 2019 1755 2067 us to wash our hands. When we had
957 2065 1714 2114 recovered a little, pilav was served –
959 2113 1756 2162 deliciously seasoned dry rice with boiled
958 2161 1759 2211 chicken and lamb, with several kinds of
961 2202 1755 2258 vegetable, meat-balls, eggs and quince
957 2258 1756 2314 preserves as side-dishes. As we ate, the
957 2305 1756 2352 servants cut up melons and brought
957 2347 1756 2396 several varieties of grapes and peaches as
954 2395 1745 2444 dessert. Our host meanwhile quietly con¬\fml\\:p\
262 737 295 773 \f\Sohn eines Töpfers in Istalif\:f\
595 2179 906 2258 \fp\A. Clarac-Schwarzenbach
108 2260 894 2313 An Istalif potter’s son, learning his trade:
108 2313 897 2362 smashing stones from which colour is prepared.
114 2355 901 2402 Will he grow up to face the competition of a ceramic
107 2401 893 2451 factory, or become a factory worker himself?\:fp\
779 2169 1073 2199 \f\Ehemalige Nomaden bei Bauarbeiten in Pul-i-Khomri\:f\
1456 2423 1765 2501 \fp\A. Clarac-Schwarzenbach
101 2491 1743 2548 A new era in Afghanistan: at Pul-i-Khomri nomad tribesmen are pressed into factory and building
101 2542 1753 2596 work. They still use a sheepskin as water bag as they did when they lived, free, in their black tents.\:fp\
110 1513 901 1565 \p\\fml\tinued his conversation with his friends,
112 1558 907 1612 now and then drawing at the hookah
112 1607 897 1656 which made the rounds, and was as pleas¬
112 1659 899 1714 antly serene, friendly and gracious as only
112 1699 852 1752 a complete man of the world could be.\:p\
159 1742 903 1797 \p\When we were tired, he beckoned to
116 1799 897 1844 waiting servants who spread out silk mat¬
116 1840 905 1891 tresses and cushions for us. Just as I was
110 1893 905 1940 falling asleep I saw our host rise once more.
114 1936 905 1987 It had grown noticeably cooler. In the
114 1983 905 2036 white moonlight the garden seemed to lie
114 2032 909 2083 enchanted under the high starry vault.
116 2073 905 2130 There was imperturbable tranquillity.
118 2130 907 2179 Our host came towards me, spread a quilt
112 2177 815 2224 over me and went to lie down again.\:p\
153 2226 907 2273 \p\I often think that the nights under the
110 2267 905 2316 open sky, in the great light-filled calm of
116 2312 905 2367 the mountain valleys and the oases on the
110 2363 905 2420 desert rim, are like a cult to the Afghans,
108 2416 907 2457 ever permitting them to win new and pure
958 1497 1763 1565 strength from close, direct contact with
960 1563 1166 1614 their land.\:p\
1005 1597 1761 1659 \p\Our host at Shibarghan was unmarried.
968 1656 1759 1705 We learned the next day, which we spent
958 1699 1759 1752 still in his garden, that he was a large
958 1746 1759 1799 landowner and breeder of karakul sheep.
964 1793 1755 1851 Though he was evidently very wealthy
962 1842 1763 1891 and belonged to one of the country’s first
958 1889 1763 1940 families, he led a simple rural life and
962 1936 1759 1987 dealt with his numerous servants, gardeners
958 1989 1763 2036 and grooms in a friendly, patriarchal way.
964 2032 1761 2083 They were not paid subordinates, but
960 2075 1469 2132 members of his household.\:p\
1003 2122 1759 2177 \p\In Turkestan, in the little village of
962 2165 1759 2224 Kaisar, we finally had an encounter with
958 2214 1752 2277 Afghan women. The Hakim, or village
962 2265 1759 2318 mayor, a Russian-speaking giant who
962 2312 1759 2367 received us at noon, to our agreeable
958 2363 1757 2410 surprise led us to the women’s part of
966 2406 1761 2459 the garden, where we were met by his\fml\\:p\
354 1137 522 1173 \f\Afghanische Frau\:f\
1009 1081 1210 1117 \f\Zwei Mädchen, Töchter eines oder einer usbekischen Bediensteten\:f\
1440 1307 1755 1387 \fp\A. Clarac-Schwarzenbach
112 1379 1755 1438 Unveiled only at home, this Afghan girl has never been outside the village of Kaisar where her father
315 1434 1548 1481 is mayor. On the right are the children of an Uzbek servant of the house.\:fp\
89 148 891 217 \p\\fml\daughter and daughter-in-law, unusually
91 202 895 254 beautiful girls, dressed in European style.
95 250 897 299 The mother, too, was a beautiful and
93 297 897 351 evidently intelligent woman who received
91 346 889 394 us with natural graciousness and self¬
93 390 899 443 assurance, though she surely could not
93 441 895 493 have encountered many strangers in her
89 487 897 547 life. The Hakim and his family were
89 532 895 586 Afghans. The servant girls, on the other
91 580 899 629 hand, who prepared tea and pilav in the
99 627 901 683 garden, were all Uzbeks or Turkomens.
97 674 899 724 The meal was taken separately. We ate
95 720 899 771 with the mother at a table set in European
91 769 899 821 style. At the same time the daughters
91 817 903 870 and grandchildren ate their pilav with
93 864 901 916 their fingers, sitting on rugs spread on the
91 912 897 963 floor. Afterwards the servants and their
95 961 901 1013 children ate the remnants, off to one side.\:p\
136 1015 903 1060 \p\As we rested on silk-covered mattresses
955 148 1749 221 under great trees in the garden, the girls
953 202 1751 252 asked us whether we could send them
953 252 1751 301 fashion magazines and brought us some
953 303 1755 349 silk fabric which they asked us to cut out
953 346 1751 394 for them. I told myself that they had
953 394 1755 441 never seen the world outside their garden
957 446 1745 493 wall except through the barrier of the un¬
957 485 1753 538 becoming veil Afghan women wear: the
955 528 1751 584 chadur. In the byways of the bazaar these
957 580 1751 641 same girls, whose beautiful fresh faces
955 627 1753 676 here met us alert and joyous, became
957 679 1749 724 shadowy creatures, half-blind and in con¬
955 726 1753 771 stant fear and ignorance. Some day, one
955 771 1753 819 may be sure, a most harmonious form of
955 813 1757 868 family life will vanish with the harem walls
959 864 1755 912 and the chadur, and the 'emancipation
957 910 1753 961 of women’ will lead to problems of which
959 957 1757 1011 the Afghan woman does not even dream
959 1004 1757 1060 today. The limited existence which these\fml\\:p\
220 2099 363 2129 \f\Turkmenische Frauen\:f\
1582 2316 1761 2355 \fp\Myrtle Winter
116 2347 1766 2403 Turkomen women, who go everywhere unveiled; their fat, wrinkled faces are often wreathed in
107 2397 1766 2446 smiles which completely hide their slit eyes and tiny flat noses. They dress in bright colours and
773 2440 1112 2489 black Russian boots.\:fp\
119 139 904 188 \p\\fml\women still lead is unworthy of so vital
114 185 535 235 and intelligent a race.\:p\
157 235 902 282 \p\It would be too easy, after a sojourn of
112 286 904 330 six months in an enchantingly lovely and
111 334 902 379 idyllically remote land, to be seduced into
111 378 902 425 describing its simple and harmonious life
113 425 897 477 as ideal, and every one of the inevitably
112 474 903 519 advancing changes as a misfortune. A
113 516 903 573 person more familiar with Afghanistan
112 572 899 614 might point to the fact that a great part
112 618 900 661 of the population, which numbers about
113 658 897 707 ten millions, lives in poverty. Pilav
109 704 893 765 and lamb roasted on a spit are the daily
107 753 898 802 fare of the rich. But in the tents of the
109 804 900 850 nomads a sheep is slaughtered only on
107 851 897 898 festive occasions. Rice is too expensive.
105 897 898 946 Flour and mast, a kind of curdled milk, are
105 943 897 988 the staple diet. In the settled peasant
107 989 897 1035 villages a kind of bread is prepared in the
105 1036 896 1082 autumn from raisins, nuts and flour. This
101 1082 897 1139 is preserved for the winter. In the walled,
961 139 1750 188 fortress-like kalehs (castles) of the Hazaras
959 186 1749 236 in the Hindu Kush, such as those near
963 238 1752 282 the Shibar Pass at a height of some ten
963 282 1752 330 thousand feet, there is often stark need
959 333 1752 378 during the mercilessly cold winter months.\:p\
1007 376 1751 426 \p\True, the land is rich in fruit and
958 425 1751 483 almost everywhere there is good bread,
962 476 1753 522 vegetables, and mast; and a frugal mode
957 522 1752 565 of life agrees so well with this virile and
956 565 1753 611 merry nation of peasants and nomads that
958 611 1753 658 one thrills time and again at the sight of
956 657 1753 707 its proud, tall, strong, graceful sons. Yet
956 706 1752 754 it must be the concern of the Afghan
957 755 1743 804 Government to increase the country’s wel¬
958 805 1753 850 fare, to exploit national resources and to
958 851 1753 898 open up sure avenues of wealth to the
958 896 1639 955 people. This process is in full swing.\:p\
998 940 1752 988 \p\One of my most curious impressions
961 986 1753 1034 was a visit to the town of Ghazni, which
957 1034 1753 1082 lies in the south between Kabul and
957 1083 1752 1130 Kandahar and looks back on a glorious\fml\\:p\
1454 1661 1522 1742 \f\Hazara-Familie\:f\
1441 2283 1755 2341 \fp\A. Clarac-Schwarzenbach
105 2364 1750 2425 The Hazaras, a race of Mongol origin. They are very poor and live in self-supporting villages in
256 2408 1584 2469 barren, mountainous country. Their sons often join the army — to make a living.\:fp\
112 1391 906 1459 \p\\fml\past under a dynasty of its own. Today,
112 1444 915 1492 enclosed by huge medieval walls, it still
114 1490 913 1540 offers a completely unspoiled picture, lead¬
112 1540 919 1588 ing a closed-in, aloof existence, as though
110 1586 913 1635 the centuries had passed over it in its
110 1634 908 1683 fairytale sleep. Arms and splendid push¬
110 1681 917 1731 tins, sheepskin coats dyed yellow and
112 1727 913 1781 embroidered in red silk, are produced
112 1775 913 1828 there. In the dim, narrow streets the
112 1825 910 1883 artisans with their apprentices sit in tiny
112 1871 915 1924 stalls. The proud men of the Afghan
118 1924 915 1970 tribes sit arrogantly beside the huge samo¬
118 1968 915 2016 vars of the chaikhanas (tea-houses), engaged
110 2012 910 2062 in discussion. Caravans, their bells pound¬
110 2062 695 2117 ing, sway along the city walls.\:p\
158 2104 913 2161 \p\But during the time I stayed there,
112 2155 915 2205 Afghan soldiers opened the first breach
118 2203 915 2253 and tore down one of the mighty round
118 2249 915 2302 towers of the fortifications. Ghazni will
118 2297 911 2356 change, as will all Afghanistan. Possibly
119 2345 908 2396 the nomad tribes will be hardest hit. To¬
116 2394 915 2444 day they still wander every autumn from
118 2442 915 2492 their summer pastures in the Hindu Kush
968 1396 1762 1448 across the passes of the North-West Frontier
968 1446 1762 1498 down into India. Their lives and their
967 1492 1766 1545 habits follow an eternal rhythm, almost
968 1536 1766 1595 irreconcilable with the demands of a
968 1595 1367 1648 modern government.\:p\
1009 1630 1764 1690 \p\But here too pity would be out of place.
970 1683 1770 1738 It is unseemly to love existing institutions
968 1733 1766 1781 simply for the sake of a romantic illusion
972 1777 1764 1828 or sentimental affection. What will be
970 1834 1768 1883 proved in Afghanistan is whether or not
970 1872 1768 1922 the same forces that have heretofore
970 1922 1768 1972 nourished the country’s life and customs
970 1968 1764 2019 can renew and reassert themselves. For
968 2016 1766 2067 Afghanistan is a harsh, immensely vital
968 2062 1766 2115 and virile land. Those who have felt its
968 2117 1751 2170 refreshing climate and the strong young
972 2159 1762 2212 winds of its mountains and highlands fear
968 2207 1768 2260 no degeneration of any kind. One would
968 2251 1766 2308 like to believe that in this natural fortress
972 2304 1757 2354 of Asia, 'betwixt Iran, Turan and Hind’,
972 2352 1757 2402 the most incisive changes and bludgeon¬
967 2391 1768 2449 ings of our times will lead to a new and
967 2440 1233 2501 happy epoch.\:p\
1555 421 1593 469 \f\Stadtmauern von Ghazni\:f\
1564 1231 1773 1316 \fp\Pamela Magrath
118 1297 1770 1356 The city walls and towers which made the medieval town of Ghazni a great fortress. In 1939
287 1347 1600 1396 these walls were partly destroyed because they prevented the growth of the town.\:fp\
