4189 6354
427 4786 914 4867 Journalisten in Prag
260 4865 1134 4912 \p\Im Hotel Ambassador in Prag sitzt seit ungefähr
214 4892 1134 4954 vierzehn Tagen die Elite der internationalen Jour¬
219 4937 1133 4989 nalisten, Spezialisten ihres Metiers, Sonderkorrespon¬
211 4966 1133 5013 denten, Kriegsberichterstatter, die immer dort auf¬
219 5002 1133 5057 tauchen, wo Interesse und spannungsreiche Besorgnis
210 5035 1133 5091 der Welt sich konzentrieren, große Entscheidungen
207 5066 1133 5116 drohen, Wolken sich zum furchtbaren Gewitter zu¬
219 5101 1133 5162 sammenballen. Da erscheint diese Spitzengruppe auf
211 5140 1133 5184 dem Plan, mit Handköfferchen, Schreibmaschine, Ka¬
214 5177 1134 5219 mera, viele der ständigen Korrespondenten, die im
207 5208 1116 5257 Auftrag ihrer Zeitung schon seit Jahr und Tag am
207 5246 1133 5289 Orte sind, werden von ihren berühmten Kollegen ver¬
214 5281 1134 5326 drängt, anderen gelingt es, bei diesem Anlaß selbst in
207 5314 1133 5356 die Reihen der Spitzengruppe aufzurücken, ihre Tele¬
211 5346 1133 5396 gramme, telephonisch durchgegebenen Berichte und mit
211 5378 1133 5432 Flugpost beförderten Artikel erscheinen jetzt auf der
214 5416 1134 5458 ersten Seite, und die Namen bisher unbeachteter
211 5448 1134 5503 junger Leute werden über Nacht in London, New York,
207 5485 1133 5532 Kopenhagen im Zusammenhang mit den größten
211 5514 625 5561 Weltereignissen genannt.\:p\
265 5535 1134 5595 \p\Als in Prag mit dem Flugzeug Mister Knicker¬
214 5583 1134 5637 bogger, Star der amerikanischen Hearst-Presse, eintraf,
207 5624 1133 5680 und die Halle des „Ambassador" betrat, da war das
210 5658 1133 5710 Zeichen gegeben: die Presse hatte auf ihre Weise da¬
206 5694 1133 5742 mit erklärt, daß das „sudetendeutsche Problem“ die
204 5727 1133 5778 derzeit wichtigste Weltspannung sei. Es kamen Paul
206 5761 1133 5800 Bewsher von der „Daily Mail“, Sefton Dallmer und
213 5794 1133 5852 Geoffrey Cox vom „Deily Expreß“, — Geddy schrieb
211 5823 1133 5867 für „Daily Telegraph“ und die „New York Times“, der
214 5860 1134 5906 dicke und gemütliche Reynold Packard und seine nicht
214 5900 1133 5943 minder berühmte Frau Eleonore für die „United
216 5929 1133 5984 Preß“, Mac Stonald für die „London Times", Foder
206 5963 1133 6016 für den „Manchester Guardian", John Waitaker für
214 5999 1100 6051 Chicago, Edward Kennedy für die „Associated Preß"
206 6032 1133 6086 der französische Fascist Bertrand de Jouvenel traf ein,
214 6072 1133 6112 und reiste bald wieder ab, um auf dem Umweg über
214 6099 1134 6141 Budapest sich zum Militärdienst in Frankreich zu stel¬
1145 4488 2063 4534 len, — der kleine, semmelblonde, unentwegt und unbe¬
1145 4525 2062 4567 kümmert Zigarren rauchende Däne Seidenfaden er¬
1145 4562 2062 4606 wies sich als Glückspilz oder besonders geschickter
1145 4587 2063 4646 Journalist, — er brachte es fertig, drei Zeilen an die
1145 4625 2062 4679 Redaktion der „Politiken" in Kopenhagen durchzu¬
1145 4669 2062 4709 telephonieren, als offiziell keine einzige Verbindung
1145 4703 2062 4743 mit dem Ausland mehr erhältlich war, und er schleppte
1146 4732 2062 4779 ein Pack neuester englischer Zeitungen an und lieh sie
1155 4765 2064 4804 großzügig den Kollegen und Konkurrenten, als Aus¬
1146 4804 2062 4845 landspost in Prag überhaupt nicht mehr eintraf. Da
1152 4840 2062 4880 Paul Bewsher selten und keinesfalls vor drei Uhr
1145 4875 2062 4916 nachmittags zur Stelle ist, begann der ständige Prager
1145 4908 2062 4944 Korrespondent der „Daily Mail“, der junge Goldspieler
1144 4933 2048 4990 Ralph Izzard, den Golfplatz weniger zu besuchen
1145 4975 2062 5018 und dafür in der „Forpreß" Telegramme aufzusetzen,
1144 5012 2062 5054 die in London promptes Aufsehen erregten. — Dabei
1144 5044 2062 5090 konnte er sich auch noch darauf verlassen, daß — sollte
1145 5080 2062 5120 er in einem unwiederbringlich wichtigen Moment nicht
1145 5107 2062 5151 da sein, seine Frau am Telephon sitzen und Berichte
1145 5144 2062 5184 durchgeben würde, obwohl sie ihn in Berlin geheiratet
1144 5174 1758 5230 hat und Englisch erst lernen mußte.\:p\
1201 5211 2062 5270 \p\Die Clique dieser Professionals also traf sich in
1144 5262 2062 5305 Prag, wie sie sich vorher in Abessinien, in Barcelona,
1145 5289 2055 5333 in China getroffen hatte. Die meisten unter ihnen
1145 5321 2055 5371 innerlich nicht allzu beteiligt an den Ereignissen, von
1145 5357 2062 5406 Berufes wegen nicht Partei für oder gegen, sondern
1145 5389 2062 5433 objektive Beobachter, zeichnen sie sich im Falle der be¬
1145 5425 2062 5466 drohten Tschechoslowakei durch seltene Einmütigkeit
1144 5459 2062 5502 und starke, aufrichtige Sympathie aus. Denn nicht oft
1145 5493 2062 5540 haben sie über Ereignisse zu schreiben, die sich in ihren
1147 5527 2062 5580 Auswirkungen nicht auf den Schauplatz beschränken
1144 5559 2062 5614 lassen, sondern unmittelbar die ganze Welt angehen:
1145 5600 2062 5638 sowohl als Gefahr wie als moralischer Prüfstein der
1145 5634 2062 5673 Menschheit. Selbst recht abgehärtete, gleichgültige, oder
1145 5675 2062 5711 zynische Gemüter müssen angesichts der Vorgänge der
1144 5703 2062 5760 letzten Woche zugeben, hier dürfe man getrost, ja müsse
1145 5741 2063 5781 man schlechthin von einer „gerechten Sache“ sprechen.
1144 5766 2062 5823 Und die erfahrenen Berichterstatter und Lenker der
1145 5806 2062 5844 öffentlichen Meinung, die in Prag weilen, und alle
1145 5842 2062 5888 zeitweise das Sudetengebiet bereisen, um sich an Ort
1144 5874 2046 5924 und Stelle zu informieren, — die Tag für Tag den
1145 5904 2062 5947 deutschen Rundfunk hören, und sich von der Unge¬
1144 5945 2062 5980 heuerlichkeit und Schamlosigkeit der dort geübten
1144 5978 2062 6013 Kunst der Entstellung und glatten Erfindung von Tat¬
1145 6009 2062 6046 sachen überzeugen, — die wiederum hier in der Haupt¬
1145 6046 2062 6083 stadt mit maßgebenden Stellen verkehren, die bewun¬
1145 6079 2062 6119 derungswürdige Disziplin der Massen, die erstaunliche
1144 6114 2062 6174 politische Schulung des einfachen Mannes, die jedem
2077 4499 3003 4541 Chauvinismus entgegenarbeitende, jeder Sensations-
2077 4541 3003 4589 politik abgeneigte, gleichzeitig tapfere und besonnene
2077 4572 3003 4606 Haltung der Regierung genau kennen — diese Bericht¬
2077 4603 3001 4651 erstatter fühlen hier einmütig, daß sie vor eine mehr
2075 4633 3001 4689 moralische als nur politische Aufgabe gestellt sind, daß
2075 4673 3001 4725 sie aufklären und einstehen können für das, was sie
2077 4705 3000 4754 mitzuteilen haben, — daß sie diesmal eine starke per¬
2077 4738 2975 4785 sönliche Verantwortung tragen. Arbeit gibt es über
2077 4786 2999 4830 genug, die ständige Nervenspannung, der das tschecho¬
2077 4813 3000 4863 lowakische Volk ausgesetzt ist, zieht auch sie, Aus¬
2075 4850 2999 4892 länder, in Mitleidenschaft, — nicht nur, weil sie gegen
2075 4873 2998 4940 Fliegerbomben und Gas nicht besser gefeit sind als
2075 4917 2706 4955 irgendein anderer Bewohner Prags.\:p\
2138 4949 2997 5002 \p\Als am vergangenen Freitagabend kurz nach zehn
2077 4978 2998 5034 Uhr die allgemeine Mobilisierung durch den Rundfunk
2077 5018 2997 5070 verkündet wurde, und das Bild der Hauptstadt sich mit
2077 5061 2997 5101 einem Schlage veränderte, stürzten die Korresponden¬
2077 5088 2997 5130 ten so eilig auf die verdunkelten Straßen wie die
2077 5125 2997 5171 tschechoslowakischen Männer, die dem Stellungsbefehl
2077 5152 2997 5206 innerhalb von sechs Stunden Folge zu leisten hatten.
2078 5199 2976 5240 Aus der Hotelhalle des „Ambassador“, wo sie auf
2077 5221 2997 5286 Nachrichten aus Godesberg gewartet hatten, liefen sie
2077 5268 2996 5306 über den Wenzelsplatz hinüber zur „Forpreß“, ohne
2086 5297 2996 5346 sich auch nur Zeit zu nehmen, ihre Telegramme vor¬
2077 5333 2997 5373 her zu Papier zu bringen und sorgfältig auszufeilen.
2077 5368 2996 5409 Die „Forpreß“, — das Wort ist eine Abkürzung für
2077 5399 2996 5443 „Foreign Preß“ — ausländische Presse — ist die
2077 5439 2996 5478 seriösere Ergänzung zum „Ambassador“, der andere
2075 5468 2993 5519 Treffpunkt der Journalisten, das ihnen reservierte
2077 5500 2994 5544 Telephon- und Telegraphenamt. Da gibt es eine ein¬
2075 5535 2993 5588 zige Telephonkabine für Stadtgespräche, — die dafür
2077 5579 2993 5619 aber auch gratis geführt werden dürfen — und eine
2077 5608 2992 5657 Reihe von neun Zellen für Auslandsgespräche, völlig
2075 5645 2992 5693 ausreichend für friedlichere Zeiten, jetzt aber genügten
2075 5672 2992 5726 sie dem Andrang längst nicht mehr, — da gibt es fer¬
2075 5715 2991 5762 ner zwei lange Tische und einige Stehpulte, und da
2075 5748 2967 5799 saßen neuestens — seit der Einführung strenger Zen¬
2077 5781 2991 5820 surbestimmungen — ein paar sprachenkundige tschechi¬
2077 5814 2990 5852 sche Beamte, denen jedes Telegramm vorgelegt werden
2077 5850 2917 5894 mußte, bevor es an den Telegraphisten weiterging.\:p\
2127 5886 2991 5933 \p\Die Straße, in der die „Forpreß“ liegt, war an
2075 5916 2990 5968 jenem Freitag verdunkelt bis auf ein paar spärliche
2077 5953 2990 5999 blaue Lampen. Schattenhaft liefen die Menschen an¬
2075 5988 2990 6036 einander vorbei, alle in Eile, und in merkwürdiger
2077 6024 2989 6064 Stille. Vor der Forpreß stand schon eine Gruppe
2075 6057 2964 6105 Journalisten, die sich rasch vergrößerte: Hinter den mat¬
2077 6091 2990 6131 ten Scheiben des Büros war kein Licht, die Türe war
2075 6120 2990 6187 verschlossen. Die Journalisten waren ratlos, — eng¬
3007 4506 3911 4558 lische, französische, dänische, schwedische Bemerkungen
3007 4552 3915 4598 flogen hin und her. Was tun? Mobilisation in der
3007 4586 3917 4625 ESR. — Vorbildliche Disziplin der Prager Bevölke¬
3007 4618 3917 4660 rung. — Gerüchte um Godesberg. — Die erste Maß¬
3007 4652 3916 4703 nahme des Kabinetts Syrovy —, sie sahen die Schlag¬
3007 4676 3916 4731 zeilen vor sich, die am nächsten Tag auf den ersten
3007 4719 3923 4772 Seiten der Zeitungen der ganzen Welt stehen sollten
3042 4758 3915 4801 — und sie, die Prager Korrespondenten, die Sonder¬
3007 4786 3911 4835 berichterstatter, die Spezialisten, konnten sich dazu nicht
3006 4827 3915 4878 äußern. — Aber es blieb dabei, man mußte sich damit
3006 4851 3911 4910 abfinden; alle Versuche besonders findiger Köpfe schei¬
3007 4890 3915 4938 terten: etwa, zu versuchen, über die Redaktionen von
3008 4926 3917 4980 Prager Zeitungen oder von einer Gesandtschaft aus
3007 4961 3917 5010 zu telephonieren, wenigstens ein Telegramm von ein
3006 4996 3909 5048 paar Zeilen durchzugeben. Nein, Prag war von der
3007 5035 3909 5078 Welt abgeschnitten, nur die offiziellen Staatslinien
3007 5065 3917 5114 funktionierten, nur aus dem offiziellen Rundfunk
3006 5096 3909 5156 würde man drüben in London, in Paris, New York,
3007 5134 3918 5175 Bern, Stockholm erfahren, was hier im Herzen und
3007 5168 3792 5220 Brennpunkt Europas diese Nacht vor sich ging.\:p\
3057 5197 3908 5250 \p\Die Korrespondenten gingen allmählich in das
3007 5230 3908 5284 Hotel zurück. Und das war der Anfang eines „frei¬
3006 5272 3909 5324 willigen Streiks" der internationalen Korresponden¬
3006 5305 3905 5359 ten in Prag, der volle 48 Stunden dauern sollte. Es
3007 5341 3907 5389 war eine ziemlich zermürbende Angelegenheit. Denn,
3007 5372 3905 5417 konnte man selbst nichts berichten, fühlte man sich iso-
3007 5408 3909 5462 liert und überflüssig, auf verlorenem Posten, so kam
3007 5440 3905 5485 hinzu, daß man auch von draußen nur dürftigste Mit¬
3007 5477 3911 5524 teilungen erhielt. Man lebte von Gerüchten. Schon
3006 5511 3909 5561 am nächsten Vormittag erschienen im Hotel Sekretäre
3006 5547 3909 5607 der verschiedenen Gesandtschaften und forderten mit
3007 5580 3910 5631 Nachdruck die Journalisten zur Abreise auf. Einigen
3007 5617 3911 5658 teilten sie entsprechende Anweisungen ihrer Redaktio¬
3007 5654 3910 5702 nen mit, andere wußten, im Gegenteil, nicht, ob man
3007 5686 3911 5742 von ihnen verlangte, daß sie bleiben, oder abreisen
3007 5715 3123 5769 sollten.\:p\
3052 5738 3903 5806 \p\Viele reisten ab. Die, welche blieben, zeigten zu¬
3006 5790 3905 5840 erst keine Nervosität, und behaupteten, keine Angst
3007 5825 3903 5869 zu haben. Aber nach weiteren 24 Stunden wurde die
3007 5859 3904 5903 Stimmung gedrückter, einige verloren die Nerven, und
3006 5897 3903 5941 versuchten mit allen Mitteln, eine Reisemöglichkeit zu
3007 5925 3900 5973 finden. Der Flugzeugverkehr war eingestellt. Wollte
3007 5963 3900 6005 oder konnte man nicht über Deutschland fahren, so
3007 6003 3902 6041 waren die Umwege schon geradezu abenteuerlich: über
3007 6029 3902 6080 Ungarn oder Rumänien und durch das Mittelmeer,
3038 6070 3902 6105 — oder über die polnische Grenze und über Skandi¬
3007 6102 3907 6151 navien, falls man in Warschau kein direktes Flugzeug
3007 6131 3903 6185 erreichte. Aber die Züge nach Polen hatten den durch¬
250 4470 1194 4526 gehenden Verkehr bereits eingestellt: mitten in der
252 4505 1194 4549 Nacht, so hieß es, müsse man einige Stunden zu Fuß
250 4538 949 4584 gehen, und sein Gepäck selber schleppen.\:p\
304 4571 1194 4629 \p\Jemand machte den Vorschlag, Fahrräder zu kau¬
256 4610 1194 4650 fen, — denn für Automobile, falls solche zu finden
250 4645 1165 4688 wären, gab es längst kein Benzin mehr. Diejenigen,
259 4683 1165 4721 die immer noch bleiben wollten, bedauerten, daß sie
250 4718 1161 4761 keine Brieftauben mitgebracht hatten. In Zukunft
250 4756 1165 4784 würde jeder Journalist mit seinem Taubenkäfig rei¬
252 4782 1155 4823 sen. Die Technik, welche die Schrecken des Krieges so
256 4817 1194 4852 ungeheuer vergrößert hat, wurde jetzt durch die Nähe
250 4849 1195 4901 der Kriegsgefahr gewissermaßen annulliert, und am
259 4889 1194 4925 25. September hatte sich der „Daily-Mail“=Korrespon¬
256 4922 1194 4956 dent eine einspännige Droschke gemietet, um wenig¬
259 4956 1194 4995 stens innerhalb der Stadt einigermaßen zirkulieren zu
252 4990 1194 5024 können. Abends zu arbeiten, war ausgeschlossen, weil
252 5028 1194 5064 die Hotelzimmer nur noch durch trübe „Verdunkelungs¬
256 5062 1194 5099 lampen" notdürftig erhellt wurden. Aber wozu ar¬
261 5097 1194 5147 beiten? Es war unmöglich, einen Artikel zu beför¬
256 5129 340 5183 dern.\:p\
312 5142 1194 5208 \p\Endlich, am Sonntagabend, sprach es sich herum:
256 5192 1194 5242 die „Forpreß" war geöffnet, — Radiogramme konn¬
256 5232 1194 5276 ten nach einigen Ländern geschickt werden, — die Zen¬
261 5269 1194 5325 soren saßen an ihren Pulten. Der kleine Raum war
256 5299 1194 5352 überfüllt, wie ein Klassenzimmer bei Schulbeginn
254 5333 1194 5384 nach den Ferien. Und wie eifrige Schüler saßen die
267 5366 1194 5428 großen Korrespondenten an den Tischen, radierten,
265 5407 1194 5440 kauten am Bleistift, reichten die Blätter schüchtern
256 5434 1194 5480 den streng blickenden Zensoren, und folgten dem roten
267 5472 1195 5521 Bleistift mit gespannten Blicken. — Es wurde viel ge¬
261 5513 1194 5545 strichen. Die Dänen, bitter enttäuscht, erfuhren, daß
265 5545 1194 5580 ihre Sprache für Radiogramme vorläufig nicht zuge¬
256 5581 1194 5630 lassen sei. Im ganzen aber herrschte ungemeine Er¬
261 5607 1194 5651 leichterung. Die Nachricht traf ein, daß auch der Flug¬
256 5646 1194 5699 verkehr auf einigen Linien wieder ausgenommen
259 5677 1194 5736 werde. Die Welt war wieder nahe, offen, erreichbar,
279 5717 1194 5753 — wenn auch erst in bescheidenem Maße, und unter
265 5743 1194 5794 Schwierigkeiten. Spät nachts erst gingen die Jour¬
260 5789 1194 5836 nalisten — es waren ihrer nicht mehr viele — in das
264 5831 1194 5871 „Ambassador" zurück. An die in stumme Dunkelheit
260 5860 1194 5905 gehüllten Straßen Prags hatte man sich schon ge¬
265 5892 1194 5929 wöhnt. Dafür breitete sich über ihr ein reiner und
261 5918 1137 5983 majestätischer Nachthimmel aus.\:p\ Annemarie Clark.
