3620 4583
617 266 1849 384 Annemarie Clarac-Schwarzenbach:
1345 466 2251 605 Die Weihe der Schiffe
2375 182 3043 303 Mai 1941,
2288 322 3314 458 erschienen in der
2251 499 3022 634 Weltwoche
814 683 3213 798 \p\Vor wenigen Tagen lagen die Schiffe der „pêcheurs de la morue"
537 830 3329 948 noch unbeachtet an den kleinen, anonymen Docks, in geschützten Winkeln, an
528 977 3362 1094 primitiven Holzstegen, neben Lagerschuppen und den bescheidenen Wohnungen
525 1117 3210 1237 der Fischer im Hafen von Lissabon, wo sie mit abgetakelten Segeln, mit
531 1271 3314 1376 grossen Planen notdürftig zugedeckt, teilweise die hölzernen Rümpfe halb
531 1408 3288 1531 an Land gezogen, den langen Winter überdauert hatten. Seit dem Monat Sep¬
531 1547 3210 1673 tember lagen sie da, dem Zeitpunkt ihrer glücklichen Rückkehr aus dem
534 1699 3344 1810 Hohen Norden, nach mühsamen, jedoch glücklichen Fischzügen. Die jungen See¬
525 1841 3291 1962 leute, Matrosen, Fischer, Einsalzer und Köche, hatten den Fang des Sommers
528 1990 3380 2105 Tonne um Tonne abgeliefert, und waren dann leichten Herzens an Land gegan¬
537 2142 3443 2254 gen, die Brücken hinter sich abbrechend, als sei es für immer und sie würden
525 2286 3487 2401 die von Meersalz ausgelaugten Decks ihrer alten Schiffe nie wieder betreten.\:p\
525 2503 3374 2614 Jetzt, in den letzten Apriltagen, sind sie zurückgekehrt. Die meisten kamen
525 2641 3398 2761 freiwillig, weil ihre Taschen leer waren, weil sie des sinnlosen Kreislaufs
531 2781 3288 2908 der Stadt müde, sogar des Geschmacks des Wein[add above: e]s, und des frischen weissen
522 2934 3243 3051 Brotes, überdrüssig waren. Wonhenlang hatten sie es genossen, – von einer
525 3077 3246 3194 Kneipe zur anderen, einem Kaffeehaus zum anderen zu gehen, ihre Escudos
525 3226 3359 3340 auszugeben, endlose Gespräche zu führen, den Grammophons und Lautsprechern
531 3372 3285 3481 zu lauschen, Kinos zu besuchen, Zeitungen zu lesen. Wochenlang hatten sie
528 3515 3285 3630 dann nach Arbeit gesucht, und waren wieder im Kreise gelaufen, hatten da
531 3664 3320 3766 und dort Halt gemacht, Handlangerdienste getan, Früchte verkauft, sich als
531 3801 3246 3915 Fremdenführer angeboten, oder von Frauen aushalten lassen. Viele Abende
525 3947 3252 4053 lang hatten viele von ihnen an fremden Herdfeuern zugebracht, um einen
531 4094 3320 4202 Teller Reis und Meerfrüchte zu essen, während im Hof vor der offenen Tür
537 4231 3314 4399 Hühner schrien und Kinder anderer Leute sich umhertrieben. War etwa ein
1581 228 2580 357 –2– (Die Weihe der Schiffe)
677 511 3231 646 eigenes Kind darunter, dann verfing sich der gelangweilte Blick an
540 658 3255 801 diesem schwarzlockigen Knaben, diesem kleinen, wilden Zigeunergeschöpf,
546 801 3285 939 diesem herrenlosen Waisen, – und die Qual und Unrast wurde noch grösser.
537 947 3189 1082 Denn sie waren keine Herren, die an Land verschlagenen Matrosen, – und
548 1098 3255 1227 heimatberechtigt höchstens bei einer alten Mutter, die schwerhörig war
548 1235 3249 1370 und sie kaum mehr erkannte, oder die weit oben im Norden in einem Dorf
543 1377 3219 1514 wohnte, wo kein Schiff anlegen konnte. Wollte man endlich dorthin, dann
551 1528 3177 1654 war es meistens zu spät, das letzte Geld ausgegeben, und die Zeit der
546 1677 3180 1797 neuen Ausfahrt nahe. Und so blieb man an Land wie ein Gast, bewundert
546 1818 3341 1950 zuerst, oft geliebt, häufiger geduldet, und das Essen schmeckte nicht mehr
537 1961 3302 2090 im Albtraum des zu schweren, von zu vielen Gerüchen, Geräuschen, eilenden
537 2106 3332 2232 Füssen und Hufschlägen genährten Schlafs erschienen brüchige Eisflächen
543 2252 3329 2376 und die flammend blauen Horizonte des Fernen Nordens. Im Erwachen dachte
531 2398 3359 2522 man daran, wie man sie verflucht hatte, noch vor kurzer Zeit. Und erinnerte
543 2538 3362 2662 sich heillos gerührt, "ja, gestern noch, da stürzten Sturzwellen über unser
528 2687 3290 2811 Deck, wir zogen die Segel ein, und hielten uns fest an den Tauen, – und am
534 2834 3285 2955 nächsten Morgen glänzte das von Eisschollen bedeckte Meer unsinnig, die
531 2977 3362 3107 Kälte war mitten im Sommer so gross, dass wir fürchteten, unser Kahn würde
543 3120 3219 3247 einfrieren, und wir würden nie mehr in diesem Leben zurückkommen nach
531 3262 936 3370 Lissabon." [P]
534 3408 3255 3534 Jetzt also, am vorletzten Apriltag, finden sich Alle wieder zusammen am
531 3552 3395 3684 Bootssteg, die meisten von ihnen freiwillig. Die Restlichen sind meerscheue
534 3695 3302 3836 Gesellen, Arbeitslose, von den Behörden rekrutiert wie zum Militärdienst,
534 3846 3243 3987 und man schüttelt ihnen gutmütig die Hand. Da fühlen sie sich, an Deck,
540 3984 3302 4117 schon wohler, und stellen sich an wie sie können, zum Aufrollen der Taue,
534 4125 3279 4239 beim Ausbreiten und Flicken der zerknitterten Segel, beim Streichen der
1530 228 2527 363 –3– (Die Weihe der Schiffe)
608 449 3252 581 kleinen, zu je sechs übereinander geschichteten Boote, die sie zuerst
531 595 3285 727 für Rettungsboote halten. Man muss es ihnen erklären "in jedem ist Platz
534 738 3249 873 für nur einen Mann, am frühen Morgen, dort oben im Norden, lässt man sie
528 887 3264 1016 in das Meer hinab, dann fährt Jeder allein aus zum Fischen, und da meis-
531 1028 3210 1165 tens dichter Nebel herrscht, kann er sich während der Arbeit nur nach
528 1171 3171 1309 den Sirenen des Mutterschiffes orientieren. Wenn das kleine Boot mit
525 1314 3291 1452 dem Fang gefüllt ist bis zum Rand, fährt er zurück, – wie?, – mit seinen Ru¬
525 1463 3353 1607 dern, mein Guter!, – und wird wieder an Bord geholt. Ja, das ist unser Leben,
528 1612 3273 1750 dort oben, im Glanz der Mitternachtssonne ..." – Da horchen die Neuen auf,
525 1762 2798 1887 und werden stolz und sehnsüchtig, und gehören schon zu uns. [space]
516 2048 3165 2180 \p\Eines Morgens ist dann die ganze Fläche des Hafens von Lissabon, der
525 2191 3186 2323 eigentlich ein breiter Fluss ist, von grossen, weissen Segeln bedeckt.
510 2334 3207 2469 Die langsam dahingleitenden Schiffe der „pêcheurs de la morue" sehen
513 2478 3171 2612 aus wie ruhevolle Seevögel, welche die Flügel regen um sich bald zum
519 2624 3314 2759 Flug zu erheben. Von den stolzen Masten ringsum zur Reeling spannen sich
513 2776 3279 2896 Taue mit Hunderten von bunten Wimpeln, die dem Anblick der majestätisch
522 2928 3207 3043 gewölbten Segel ein festliches und freudiges Gepräge geben. Die neuen
513 3062 3299 3180 Schiffe sind natürlich weiss, geradezu glänzend, aber die alten übertref¬
522 3209 3228 3329 fen sie noch an Pracht, und ihre frischgescheuerten Decks, ihre gewölb-
516 3358 3162 3478 ten Bäuche, und die wehende Ordnung ihrer dem Wind sich darbietenden
522 3501 3285 3630 zehn- und zwanzigfältigen Segelflächen erinnern haarscharf an die alten,
519 3644 3305 3767 stolzen Bilder der Schiffe Heinrichs des Seefahrers, die einst an einem
513 3793 3252 3916 sicher ähnlichen Morgen vom Turm von Belem ausfuhren, als Welteroberer.\:p\
1427 213 2436 334 –4– (Die Weihe der Schiffe)
818 437 3039 561 \p\Alle Seeleute stehen an Bord, in ihren besten Anzügen aus
462 577 3236 701 rauhem, dunkelblauem Tuch. Sie stehen neben den aufgeschichteten, kleinen
462 718 3245 848 Booten, auf deren dünnen Lattenwänden wieder und wieder, in frischer Oel¬
468 867 3320 991 farbe, der Name des Schiffes steht: „Santa Maria Madalena, Santa Maria Mada-
474 1010 3149 1143 lena“, ... so oft, dass es sich von der Beschwörung zum Triumph erhebt.
498 1160 3203 1275 – So sind sie da, die stolzen Schiffe, vereint wie zu einem Fest, aber in
471 1297 3394 1433 gemessenem Abstand aneinander vorübergleitend, und eigentlich, um die ernste
483 1446 3194 1576 Weihe des Bischofs zu empfangen vor der in der letzten Stunde vor der
489 1596 2958 1722 erneuten, einsamen Ausfahrt, die immer wie die einzige erscheint.
477 1733 3284 1866 Am Strand schwenken sie Tücher und Weihrauchfässer, Qualm trübt die eben
486 1876 3337 2015 noch im Frühlicht scharf umrissene Menge der Hausdächer, die Schornsteine,
483 2019 3296 2161 die in wolkenloser Helle wie in der Kälte einer blauen Nordnacht hervor¬
489 2169 3284 2311 getretenen Hügel hinter der Stadt, Lissabon. Bald wird es Porto sein, bald
483 2312 3323 2454 in der Ferne Bilbao, bald nichts mehr. Während in violetter, sammtener Robe
486 2458 3358 2591 der Priester das Kreuz hebt, strebt jeder Bug von allen[add inline: r] wie von unhörbarer
489 2605 3284 2740 und unsichtbarer Windkraft getragenen Schiffen schon langsam der Hafen¬
492 2748 3212 2884 mitte, dann den von Grün gesäumten Flussufern, dem offenen Ozean zu. Und
495 2891 3287 3030 Keiner der an der Reeling stehenden Männer dreht sich mehr um, was immer
489 3035 3251 3179 sie zurücklassen, Gram und Liebe, eine Mutter, ihr Kind, die Geliebte, oder
498 3178 3185 3323 nichts als Schulden, eine Enttäuschung, eine ungestillte Hoffnung[add inline: ;] – d[add inline: D]er
495 3321 3179 3469 Abschied eines Jeden ist überstanden, es öffnet sich das Meer, und sie
507 3465 3185 3612 sehen dem Nichts entgegen der ersten Nacht, bald der Kälte, Fremde, dem
507 3611 3212 3756 sogenannten Hohen Norden, wo Eistreiben das Schiff anhalten wird, Nebel
507 3760 3158 3898 und Schneefall den Blick hemmen, das tägliche Dasein vielen Gefahren
516 3900 3305 4038 trotzen, die erstarrte Hand allein trotz allem das Steuer und Ruder noch
522 4062 1024 4161 halten wird. –\:p\
2830 4107 3146 4200 \p\(Schluss)\:p\
2498 4219 3290 4310 (Lissabon, Ende April)
2648 4320 3224 4417 An[n]emarie Clarac
