4294 7183
605 4511 904 4577 Nach Westen
512 4570 994 4634 Von \g\Annemarie Clark\:g\
357 4619 1200 4667 \p\Man soll doch nicht etwa glauben, der Abschied
297 4662 1201 4700 werde einem leicht gemacht. Selbst wenn man die
297 4694 1226 4736 Kriegszonen und Schlachtfelder umgeht und während
303 4731 1226 4773 der Nacht schlafend über die Schweizer Grenze getragen
301 4763 1226 4802 wird, selbst wenn man sich den letzten Blick auf er¬
303 4794 1226 4841 löschende Berge ersparen kann und vom geräuschvollen
307 4833 1226 4873 Verkehr zwischen Bahnhof und Hafen in den trüben
303 4864 1204 4906 Straßen Genuas nicht überrascht wird, sondern diese
307 4896 1200 4936 Station der Omnibusse und Hotelhallen und rasseln¬
297 4934 1226 4973 den Ankerketten so grußlos und genau wiedererkennt,
297 4967 1226 5015 daß man Ankunft und Abfahrten in der Erinnerung
297 4997 1226 5043 nicht mehr unterscheidet, selbst dann noch, im Hotel¬
297 5037 1226 5072 zimmer von Genua, sind die letzten Stunden auf dem
302 5063 1226 5108 europäischen Festland kaum bis zum Ende eines
303 5104 1226 5143 Nachmittages zu überstehen. Und man behaupte doch
301 5142 983 5184 nicht, man habe es sich anders vorgestellt!\:p\
357 5169 1226 5225 \p\Der Abschied von Europa schien mir immer eine
307 5217 1227 5257 große und in der einen oder anderen Weise ent¬
307 5244 1226 5290 scheidende Stunde zu sein. Manchmal war es ein Fest
297 5283 1226 5331 des Aufbruches, ich war entschlossen, alles hinter mir
303 5319 1226 5360 zu lassen, alles zu vergessen, keiner wehmütigen Regung
307 5350 1206 5385 Glauben zu schenken und dem neuen Leben blindlings
297 5383 1226 5419 und mutig entgegenzusehen. Manchmal war es auch
297 5419 1226 5458 ein Angsttraum. Ich wollte auf der Paßhöhe, kurz
302 5453 1226 5503 vor der Grenze, noch umkehren, und es schien mir dann,
301 5493 1227 5528 der Blick in das Gelobte Land könne nur der Blick
307 5515 1226 5561 zurück sein, in die von der Abendsonne verklärten
313 5554 1226 5595 Täler, und ich würde alles darum geben, dürfte ich
309 5587 1226 5631 noch einmal durch eine mit runden Steinen ge¬
309 5624 1215 5669 pflasterte Dorfgasse gehen, wo braune Ziegen sich
309 5653 1226 5698 um den Brunnen drängen und ich das Dengeln von
313 5683 1226 5732 Sensen, das Rauschen milchigen Wassers hören, den
307 5726 1227 5768 Geruch von Heu, Nußblättern und frischem Schwarz¬
303 5759 1227 5802 brot einatmen kann. Natürlich bin ich niemals im
303 5785 1226 5843 letzten Augenblick umgekehrt, obwohl die Versuchung
309 5823 1226 5869 manchmal stark war. Man stelle sich das nur richtig
303 5852 1226 5903 vor: man hat soeben Abschied genommen, von Freun¬
309 5893 1227 5935 den und Büchern und Bäumen und dem Blick aus dem
303 5924 1226 5974 Fenster, worin man sich wiederfindet, in der Seebläue
307 5958 1226 6004 und Talweite wie in einem Spiegel, – man fuhr eine
307 5996 1227 6042 letzte Anhöhe hinauf, um eine letzte Kurve, es schien
307 6028 1226 6070 unwiderruflich und unwiderbringlich, – jetzt begreift
307 6067 1227 6105 man plötzlich, wenn auch nur für einen Augenblick,
313 6091 1226 6141 diese Kraft der Wirklichkeit, daß man umkehren, auf
303 6134 1226 6197 der gleichen Straße zurückfahren könnte, ein paar
1235 4485 2162 4533 Stunden oder wenige Tage nur brauchen würde, und
1235 4520 2162 4578 ein Antlitz wiedersehen, einen Blick tun, alles wieder¬
1237 4565 1429 4610 gutmachen?\:p\
1283 4590 2163 4633 \p\Es gibt keinen zwingenden Grund, um gegen diese
1241 4626 2162 4678 Möglichkeit etwas einzuwenden. Der Mensch ist frei,
1291 4661 2149 4704 – frei, zu wählen, zu leben, oder zu sterben. Die
1222 4692 2155 4741 Gründe, die wir unseren Entschlüssen unterschieben,
1222 4731 2149 4778 sind immer nur Vorwände um sie gegen unsere
1222 4765 2141 4807 Schwachheit zu unterstützen. Aber ich glaube, daß der
1222 4799 2162 4854 Entschluß selbst weder richtig noch falsch sein kann,
1222 4832 1726 4889 wohl aber unwiderruflich ist.\:p\
1280 4850 2162 4906 \p\'[Zeichen?]Ich verließ bisher Europa immer, um gegen Osten
1241 4897 2163 4947 zu fahren. Wohl bin ich auch im Lauf der Jahre
1222 4933 2162 4982 zwei- oder dreimal nach Amerika gereist, sogar für
1222 4966 2162 5008 lange Zeit, aber diese Reisen zählten nicht. Ich wun¬
1222 4997 2149 5048 derte mich auch nie darüber, daß der gleiche Dampfer,
1222 5034 2162 5071 der eben noch an der Hafenmauer des Städtchens Cher¬
1222 5070 2162 5105 bourg neben schaukelnden Fischerkähnen gelegen war,
1222 5097 2162 5149 eines Morgens am langen, flachen Peer von New York
1237 5136 2162 5179 landete. Das war immer ein und dieselbe Welt, und
1222 5163 2162 5211 ich lernte in Amerika nur mit Entsetzen, was wir
1222 5206 2162 5245 Europäer aus einer schönen Erde machen können,
1222 5239 2162 5283 wenn uns erst die unbegrenzten Möglichkeiten be¬
1222 5276 2162 5330 schieden sind. Ich mußte in Amerika nicht umlernen,
1253 5307 2162 5346 – ich wurde nur traurig, ähnlich wie ein Erwachsener,
1221 5338 2162 5380 der an die Unschuld seiner Kindheit denkt. Und doch
1222 5367 2162 5424 sagt man, Amerika sei das Neuland und Zukunftsland,
1222 5405 2162 5466 gegenüber einem uralten und skeptisch gewordenen
1222 5444 2162 5492 Europa. Ich glaube, daß die Rechnung nicht so ein¬
1221 5477 2162 5528 fach ist. Was setzt das jugendkräftige Land im Westen
1222 5512 2162 5548 denn unserer Enttäuschung entgegen? Was haben sie
1222 5545 2162 5594 mit unseren Schätzen der Technik und des Wissens
1221 5577 2102 5626 bisher anzufangen gewußt? – Und was lieben sie?\:p\
1289 5599 2162 5658 \p\Wenn ich hingegen nach Osten fuhr, verließ ich
1222 5639 2162 5696 Europa ganz, – und wußte immer, was ich dort
1222 5675 2162 5739 zurückgelassen hatte. Der Osten war die Wüste, die
1222 5709 2134 5759 unaufhörliche Einöde des Sonnenaufganges, die dor¬
1222 5743 2162 5788 nige Steppe der Besinnung. Aber man mag Jahre
1222 5790 2163 5833 in der Wüste zubringen, allein, – und man nährt sich
1222 5814 2163 5867 doch nur von der heimlichen Hoffnung, eines Tages
1222 5849 2162 5895 zurückzukehren. Als der Krieg ausbrach, war ich in
1222 5881 2162 5927 Afghanistan, – das ist ein ziemlich weit entferntes
1222 5916 2162 5964 und sehr einsames Land. Viele Leute beneideten mich
1222 5954 2162 6011 darum, durch einen glücklich zu nennenden Zufall der
1222 5985 2162 6038 heillos nun ausbrechenden Verwirrung in Europa
1222 6018 2162 6062 entgangen zu sein. Ich tat ein Uebriges und ging
1222 6051 2162 6095 an den Rand Turkestans, wo kein Brief, keine Zeitung,
1222 6095 2140 6134 keine einzige Nachricht mich erreichen konnte. Ich
1222 6123 2162 6177 wußte schon, daß kein Mensch in unserer Weltordnung
2158 4480 3097 4538 unentbehrlich ist und hatte dieser Gewißheit auch
2158 4519 3097 4570 keine persönlichen Wünsche entgegenzusetzen. Ich sagte
2169 4558 3097 4597 mir, daß man überall jederzeit leben und sterben kann,
2158 4586 3097 4648 man soll sich nicht zu schnell auf ein namenloses Schick¬
2158 4621 2445 4681 sal herausreden.\:p\
2227 4639 3097 4704 \p\Den Entschluß, zurückzukehren, faßte ich also
2157 4684 2269 4752 allein.\:p\
2221 4714 3097 4768 \p\Ich landete eines Tages in Genua. Jetzt scheint
2158 4736 3097 4792 mir, es sei gestern gewesen, oder vorgestern. Als ich
2158 4788 3097 4846 festen Boden unter den Füßen fühlte und wußte, dies
2178 4827 3097 4869 sei der Boden Europas, da glaubte ich, ich hätte meine
2158 4859 3097 4901 Uhr nun auf lange Zeit hinaus genügend zurückgestellt
2158 4893 3097 4948 und würde nun in diesem Lande bleiben wie der
2158 4923 3097 4970 Schuster bei seinem Leisten. Ich traute kaum meinen
2158 4961 3097 4998 Augen, als ich am Quai meinen Wagen wiederfand,
2194 4995 3097 5035 – den gleichen Wagen, mit dem ich eben noch über
2158 5025 3097 5076 die Pisten Turkestans und die hohen glorreichen Hindu¬
2158 5063 3097 5102 kusch-Pässe gefahren war. Denn das war schon eine
2158 5097 3097 5142 für immer zurückgelassene und traumähnliche Welt.
2157 5127 3069 5172 Jetzt fuhr ich durch einen sanften italienischen Winter¬
2158 5165 3097 5213 tag dem Gotthard entgegen. Ich mußte mich daran
2158 5196 3097 5237 gewöhnen, daß Krieg in Europa sei, – in den gleichen
2158 5237 3069 5284 Ländern, die ich noch im Zustand des Friedens ge¬
2158 5266 3097 5325 kannt hatte und an deren grüne Wiesen und reifende
2158 5299 3097 5352 Felder ich in der Fremde Asiens zurückgedacht hatte.
2158 5337 3097 5382 Vor allem mußte ich mich daran gewöhnen, daß die
2158 5366 3097 5421 Menschen, meine Landsleute, Brüder und Nächsten,
2158 5403 3097 5444 sich schon mit vielen Schrecknissen abgefunden, ja bei¬
2158 5433 3097 5474 nahe befreundet hatten und daß ihnen manche Be¬
2158 5467 3097 5518 griffe unserer Sprache abhanden gekommen waren. Ich
2158 5505 3097 5541 kam aus großen, unschuldigen Ländern zurück, die von
2158 5537 3097 5582 den Menschen noch nicht beherrscht werden, wo die
2173 5570 3077 5616 Menschen vielmehr täglich neue Worte lernen müssen,
2158 5608 3097 5646 um die Herrlichkeit der Welt und die stolze, unver¬
2157 5639 3098 5683 fälschte Daseinsfreude begreifen zu können. Obwohl
2158 5674 3097 5725 mich diese Rückkehr nach Europa nicht etwa glücklicher
2182 5709 3077 5750 stimmen konnte, war ich doch auch nicht unglücklich
2158 5742 3097 5787 sondern es ging mir wie jedem in dieser Zeit: be¬
2158 5775 3098 5819 fangen in einem gnadenlosen und unabsehbaren Ab¬
2158 5809 3097 5859 lauf, fand ich, wir hätten uns an erschreckenden
2158 5843 3077 5886 Nichtigkeiten festgehalten und so viel besseres Wissen
2158 5880 3080 5934 vertan, – wer wage es jetzt, den ersten Stein aufzu¬
2158 5915 3076 5961 heben? Eines aber gehe nicht an: aus solchen Be¬
2158 5947 3080 5988 sinnungen den Keim der Todesbereitschaft und irgend¬
2158 5978 3097 6028 einer Verzweiflung zu gewinnen und, erdrückt von
2158 6024 3098 6055 so viel Schicksal, auf den immer wieder freien, immer
2158 6049 3051 6099 aufs Neue unwiderruflichen Entschluß zu verzichten.\:p\
2221 6077 3097 6124 \p\Ich möchte mich mit diesem Wort "Wirklichkeit"
2158 6115 3097 6172 nicht haarscharf einlassen. Ich erwachte wieder in
3094 4477 4018 4518 Genua, auf einer Schiffsbrücke, sah wieder das Meer,
3094 4513 4018 4558 das wir das Mittelmeer nennen, und die Küste ent¬
3094 4551 4030 4598 glitt mir, olivengraue Haine, Schaumfelsen, glatte
3094 4582 4021 4620 Kämme, die ich vor drei Monaten, als ich aus Indien
3113 4620 4018 4657 kam, fast weinend erblickt hatte. Jetzt fahre ich nach
3094 4648 4021 4700 Westen, als sei es nur die Fortsetzung jener Reise.
3113 4685 4022 4731 Ich muß auch die Uhr wieder täglich um eine Stunde
3094 4716 4018 4758 zurückstellen. Lange fuhren wir der Küste Spaniens
3094 4749 4030 4795 entlang, eines Landes, das heute in Frieden leben
3094 4787 4018 4835 soll und das wir schon beinahe vergessen haben, ob¬
3094 4822 4021 4860 wohl seine Schlachtfelder sicher noch rauchen. Ich sah
3094 4856 4021 4908 am frühen Morgen ein sanft geformtes, silbergekröntes
3094 4889 4021 4943 Gebirge aus dem Meer auftauchen, seine pastellblauen
3094 4922 4024 4966 Abhänge glitten in das gleichfarbige, ebenso sanfte
3094 4957 4021 4998 Wasser und waren davon nicht zu unterscheiden. Dann
3094 4993 4020 5035 sprang der hohe Felsen von Gibraltar in die von
3094 5035 4020 5075 europäischen und afrikanischen Ufern rings umschlossene
3094 5058 4030 5108 Bucht vor. Das war der Abschied, – die Azoren
3094 5091 3813 5148 waren nur noch wie verlorene Zugvögel.\:p\
3161 5129 4030 5190 \p\Auch diesesmal würde ich nicht umkehren. Man
3094 5177 4022 5219 soll es nicht wagen, diesen Küstenströmen und Meeres¬
3094 5201 4021 5255 armen, diesen Wegen zwischen Himmel und Erde, den
3109 5239 4021 5280 Rücken zu kehren und den Blick zu werfen in das Ge¬
3094 5271 4021 5315 lobte Land, als handle es sich um ein Spielerlos, und
3094 5307 4015 5357 man könne sein Glück ja versuchen. Aber diese Küste
3093 5344 4018 5398 versinken zu sehen, dieses letzte Festland! – Ich dachte
3094 5374 4021 5416 immer daran, daß ein wenig weiter im Inneren, hinter
3094 5410 4018 5445 den Weinbergen Heere auf dem Marsch sind, Felder
3094 5444 4022 5495 zerstampft, Dörfer verbrannt, Länder heimgesucht
3094 5478 4021 5522 werden. Diese Fluren aus Rauch und Asche, diese aus
3094 5506 4021 5561 Elend gehäuften Stätten, diese in einem Meer von
3094 5545 3922 5592 Tränen versinkenden Hügel, sie sind Wirklichkeit.\:p\
3157 5595 4022 5634 \p\In Genua, als es schon Zeit war und der Dampfer
3094 5627 4021 5674 abfahren sollte, dachte ich einen Augenblick, ich könnte
3094 5659 4021 5707 diese immer neuen Abschiede nicht mehr ertragen. Jetzt
3094 5694 4021 5730 sind wir schon seit mehreren Tagen unterwegs, das
3094 5726 4021 5783 Meer ist still, und ich habe mich an seinen Anblick und
3094 5760 4021 5807 an die wachsende Entfernung wieder gewöhnt. Was
3094 5797 4020 5861 wir Abschied nennen, ist nicht der eigentliche Schmerz.\:p\
