3912 5669
299 1350 845 1434 Die Wiederentdeckung
460 1417 699 1495 Amerikas
353 1491 789 1538 Von Dr. A. Clark-Schwarzenbach
239 1550 914 1613 I. Das Ende des amerikanischen Optimismus
245 1616 947 1664 \p\Kurz vor dem Ausbruch der großen \g\Wirt¬
206 1658 950 1707 schaftskrise\:g\ in den \g\Vereinigten Staa¬
200 1696 974 1744 ten\:g\, als schon das fieberhaft errichtete Gebäude
200 1728 947 1773 der "amerikanischen Prosperität" zu schwanken
197 1769 941 1811 begann wie die obersten Stockwerke der Wolken¬
200 1813 944 1848 kratzer, erklärte Präsident Hoover, Amerika wür¬
200 1847 947 1894 de demnächst keinen einzigen Arbeitslosen mehr
206 1883 941 1933 haben und kein Armenhaus mehr benötigen. Zwei
209 1923 941 1966 Jahre später stieg die Zahl der Arbeitslosen auf
203 1958 942 2008 15 Millionen. Die Banken schlossen; die Bettler
206 1996 947 2036 tauchten an der "Park Avenue" auf; die Farmer
197 2033 947 2075 drohten mit einer Revolte; die riesigen Felder
197 2067 936 2112 im Mittelwesten, die während der Nachkriegs-
206 2109 947 2151 Hausse von Weizenspekulanten aufgekauft worden
200 2150 954 2190 waren, lagen brach und verwandelten sich in Wü¬
197 2180 973 2227 ste; im Süden wurde die junge Baumwollsaat
197 2216 947 2271 umgepflügt und die Ernte verbrannt, weil die
195 2260 947 2298 europäischen Märkte schwanden, und von den
197 2296 941 2340 bankrotten Plantagen strömte ein neues Heer
197 2335 947 2372 von Arbeitslosen auf die Landstraßen und in die
203 2368 947 2409 Städte Amerikas. Und als wollte Gott ein Wort
200 2406 974 2450 mitreden und seine Meinung kund tun über die
200 2442 947 2495 ungeheure Verschwendung, die Amerika mit sei¬
200 2485 948 2518 nen Reichtümern getrieben hatte, gesellten sich in
197 2517 947 2566 den gleichen Jahren 1932 und 1933 zu der Krise
200 2554 950 2599 der Börse und der Industrien gewaltige Natur¬
200 2595 944 2633 katastrophen: Dürre vernichtete die Viehherden
200 2628 941 2672 im Westen; verheerende Stürme trugen den
200 2667 944 2718 Staub der brachliegenden Weizenfelder fort auf
192 2715 947 2759 eben noch fruchtbares Land und verwandelten es
200 2743 941 2781 ebenfalls in Wüste; riesige Ueberschwemmungen
197 2774 951 2831 des Ohio und Mississippi richteten unermeßlichen
197 2815 951 2858 Schaden an; die Folgen von Raubbau und skrupel¬
200 2854 947 2901 loser Abholzung traten zutage. Die Erde wurde
200 2895 941 2931 weggeschwemmt, und die Hügelhänge kamen ins
197 2925 941 2974 Gleiten; die erschöpften Felder der Baumwoll¬
197 2966 938 3010 plantagen wurden vom Baumwollwurm befallen
200 3000 947 3046 und eine kleine Stadt im Staate Georgia errich¬
203 3049 953 3079 tete dem gefährlichen Wurm ein Denkmal; denn
192 3076 944 3132 die Bewohner ahnten, daß mit dem Ende des
197 3121 938 3164 alles beherrschenden Baumwollhandels auch das
200 3155 950 3202 Ende des feudalen Plantagensystems kommen
200 3196 950 3235 würde, welches die arme Bevölkerung der Süd¬
196 3233 944 3287 staaten seit Jahrhunderten zur Sklaverei verur¬
197 3265 371 3313 teilt hatte.\:p\ [space]
251 3321 973 3363 \p\Gründlich wurde in jenen Jahren das, was
200 3361 950 3404 man die "amerikanische Legende" genannt hat,
196 3397 941 3448 zerstört. Die Welt hatte an diese Legende ge¬
197 3434 944 3486 glaubt; vor allem aber die Amerikaner selbst hat¬
197 3481 953 3510 ten sich ihr hingegeben: vom polnischen Einwan¬
199 3507 950 3562 derer, der sein heimatliches Dorf verlassen hatte,
197 3550 952 3589 um in Amerika Millionär zu werden oder sich
197 3583 947 3623 doch ein kleines Gütchen zu erwerben, bis zu
206 3625 953 3669 Henri Ford, von der Stenotypistin, die davon
197 3664 973 3705 träumt, eine Greta Garbo oder wenigstens eine
200 3693 947 3736 Statistin in Hollywood zu werden, bis zu Präsi¬
197 3728 956 3776 dent Hoover. Die "Legende" ist ein phantastischer
197 3774 956 3828 Irrtum; aber sie hat ihren Ursprung in realen
208 3802 956 3855 Gegebenheiten und in dem schlichten Satz der
196 3840 956 3897 amerikanischen Verfassung, daß jedem Bürger das
200 3883 956 3920 Recht zustehe auf "Leben, Freiheit und das Stre¬
197 3919 951 3959 ben nach Glück". Die realen Gegebenheiten sind
206 3959 957 4003 die Bodenschätze und Landreserven, die Amerika
203 3997 954 4047 zum reichsten Land der Erde machen. Schrittweise
200 4040 954 4075 wurde das Land erobert, von Osten nach Westen,
200 4074 956 4109 durch eine zähe und langsame Völkerwanderung.
203 4104 950 4158 Die "Westgrenze" wurde symbolisch für die Pio¬
206 4140 947 4186 nierzeit: eine bewegliche Grenze, die immer wie¬
206 4178 950 4227 der verschoben wurde, wenn eine neue Welle der
206 4222 951 4256 Einwanderung die Städte im Osten füllte, Farm¬
206 4254 953 4296 land und Arbeitsplätze knapp werden ließ. Dann
203 4291 957 4336 brachen die Jüngeren, die Tapfersten, Unbedenk¬
203 4334 953 4384 lichsten, die Abenteurer und Glücksucher wieder
206 4365 956 4420 auf mit Pferden und Planwagen, Pflug und Ge¬
203 4399 953 4442 wehr und besiedelten eine neue "Westgrenze", bis
203 4439 954 4497 endlich Kalifornien erreicht war und das Meer
203 4480 538 4540 die letzte Grenze zog.\:p\ [space]
251 4523 942 4577 \p\Nun war es zu Ende mit den "unendlichen"
203 4568 957 4614 Landreserven; schon stellte es sich heraus, daß
202 4611 944 4646 Tausende von Siedlern auf schlechtem oder kargen
206 4645 953 4684 Lande saßen, das seinen Mann nicht ernähren
206 4684 953 4728 konnte. Dort, wo skrupellose Holzspekulanten die
203 4721 973 4757 Wälder kahl geschlagen hatten, blieben in elen¬
203 4758 953 4798 den Barackenlagern, in den sogenannten "Geister¬
215 4793 956 4842 orten", arbeitslose Holzfäller mit ihren Familien
209 4835 953 4874 zurück; die Grasflächen aber, die große Vieh¬
214 4866 959 4917 herden ernähren und der Dürre und den Stür¬
212 4902 973 4962 men Widerstand bieten konnten, wurden leicht¬
995 913 1739 964 fertig umgepflügt, um schon nach wenigen Jahren
995 953 1741 996 zu versanden. Anzeichen waren es, Warnungen;
998 990 1735 1029 aber die "Legende" blieb. Amerika hieß noch
989 1024 1738 1068 immer das Land der unbegrenzten Möglichkeiten,
985 1063 1735 1104 galt als die vorbildlichste Demokratie, wo der ge¬
986 1097 1745 1141 meine Mann den Millionärsstab im Tornister
992 1131 1738 1183 trug, wo aus Geschirrwäschern Goldwäscher, und
985 1175 1735 1211 aus Goldsuchern Industriemagnaten wurden.
995 1211 1735 1250 Man glaubte nicht nur an die unbegrenzten Re¬
986 1240 1739 1300 serven von Land, Wäldern, Oel und Ackerboden:
986 1289 1738 1328 auch in den Städten, vor allem in New York
986 1322 1738 1365 nährte sich die Legende vom phantastischen Auf¬
995 1359 1732 1408 stieg der Zeitungsjungen, vom "self made man"
986 1397 1741 1441 zum "Gründer des Imperiums". Und sie grün¬
989 1433 1735 1479 deten Städte, Eisenbahngesellschaften, bauten
986 1471 1773 1536 Straßen und Dampfboote, erschlossen den Westen
989 1508 1305 1561 und den Kontinent.\:p\
1033 1533 1773 1591 \p\Vor hundert Jahren waren die Siedler des
995 1584 1774 1640 Mittelwestens zweifellos die freiesten Männer,
986 1630 1742 1675 die es in der Welt jemals gegeben hat. Neben¬
992 1670 1736 1707 einander lebten dort solide deutsche und skandi¬
985 1704 1735 1747 navische Farmer, aus denen der beste Bauern¬
986 1739 1738 1783 stand Amerikas hervorgegangen ist, und Aben¬
986 1779 1773 1827 teurer und Spekulanten großen Stils, die Chi¬
985 1818 1741 1864 cago, St. Paul und Minneapolis gründeten und
986 1851 1735 1899 mit Holz, Vieh, Fellen, Weizen, vor allem aber
986 1889 1773 1935 mit Eisenbahnen Riesenvermögen erwarben. Die
989 1929 1744 1978 Farmer aber hatten wohl Land im Ueberfluß;
989 1960 1741 2005 aber sie schuldeten dafür Geld an die Regierung,
989 2003 1735 2048 an Banken in New York und begannen, die
986 2030 1738 2080 "eiserne Faust" im Nacken zu spüren: 1819 kam
986 2068 1738 2118 es zum ersten Börsenkrach, zur ersten Panik im
989 2113 1741 2157 Westen, der bis heute gegenüber dem industriel¬
989 2156 1742 2190 len Nordosten, vor allem der Finanzmacht von
985 2186 1739 2231 New York, der Schuldner geblieben ist. Aus diesem
986 2225 1735 2265 klassischen Gegensatz zwischen dem landwirtschaft¬
986 2266 1732 2308 lichen Westen als Schuldner und dem kapitalisti¬
989 2297 1744 2344 schen Nordosten als Gläubiger ist der "agrare
986 2339 1726 2377 Radikalismus" hervorgegangen, den es nur in
986 2377 1735 2414 Amerika gibt: die Farmer des Mittelwestens sind
985 2416 1735 2450 ein revolutionäres, antikapitalistisches Element;
986 2448 1745 2490 dort ist der Nährboden für mehr oder minder
989 2477 1773 2520 radikale Parteigründungen mit sozialistischen
991 2522 1743 2564 Programmen, wie sie sonst nur aus Industrie¬
989 2554 1773 2605 zentren und aus der Fabrikarbeiterschaft hervor¬
992 2593 1773 2643 gehen: mit diesen radikalen Parteien wollten die
989 2635 1741 2673 Bauern in Nord Dekota, in Minnesota und in
989 2672 1742 2717 Wisconsin die eiserne Faust der Gläubiger ab¬
995 2710 1744 2758 schütteln; Verstaatlichung der Eisenbahnen, ge¬
985 2747 1745 2789 nossenschaftliche Lagerhäuser und Elevatoren für
995 2778 1774 2826 das Getreide, das waren die Ziele, die verwirk¬
989 2820 1323 2877 licht werden sollten.\:p\ [space]
1039 2865 1741 2913 \p\In den Baumwollstaaten des \g\Südens\:g\ mit
988 2905 1744 2946 ihrer aristokratisch-kapitalistischen Plantagenord¬
989 2942 1733 2991 nung dagegen hatte die "amerikanische Legende"
989 2976 1744 3018 nie auch nur einen Schatten von Wirklichkeit be¬
992 3018 1741 3063 sessen. Dort war der gemeine Mann nicht nur
989 3053 1741 3098 der Arme, sondern der Neger, der von "Freiheit
992 3092 1732 3138 und dem Streben nach Glück" grundsätzlich aus¬
986 3131 1741 3178 geschlossen ist. Im Nordosten aber hat vor hun¬
995 3169 1741 3212 dert Jahren schon die Industrialisierung den
992 3211 1736 3248 Traum des gemeinen Mannes vernichtet, und aus
986 3242 1741 3288 dem "gleichen Recht für alle" das Faustrecht des
985 3284 1773 3329 wirtschaftlich Stärkeren gemacht. Schon Alexan¬
985 3318 1745 3368 der Hamilton, ein Halbindianer von den West¬
995 3350 1773 3418 indischen Inseln, ein rücksichtsloser Emporkömm¬
995 3391 1739 3434 ling, der es zum Schatzsekretär George Washing¬
986 3428 1745 3474 tons brachte, hat diese Entwicklung vorausgese¬
995 3465 1744 3507 hen, und kühl seine Schlüsse gezogen: Die Masse
991 3504 1744 3547 des Industrieproletariats im künftigen Amerika
992 3541 1741 3582 sei für demokratische Selbstregierung ungeei[gap: gn]t,
995 3579 1742 3632 so sagte er; man müsse den Besitzenden die Pri¬
992 3612 1773 3676 vilegien einer bevorrechteten und in Wahrheit
985 3650 1445 3713 herrschenden Klasse geben.\:p\ [space]
1042 3705 1742 3750 \p\Hamilton hat Recht behalten. Und doch blieb,
992 3746 1744 3787 fast bis heute, die "amerikanische Legende" le¬
988 3784 1741 3821 bendig, die der Lieblingsgedanke von Hamiltons
995 3821 1742 3860 Gegenspieler, vom Staatsmann und Humanisten
992 3851 1744 3901 Thomas Jefferson, gewesen ist: die freieste der
995 3892 1744 3934 Demokratien sollte Amerika sein, aufgebaut auf
992 3928 1738 3970 dem Stand des gemeinen Mannes, des kleinen
992 3962 1738 4010 Farmers, des verantwortlichen Bürgers auf¬
992 4000 1742 4051 gebaut auch auf die unendlichen Reichtümer des
992 4037 1735 4079 amerikanischen Kontinents. Die Kluft zwischen
992 4072 1744 4118 der Realität Hamiltons und dem Traum Thomas
994 4110 1744 4158 Jeffersons ist der große Gegensatz, an dem Ame¬
995 4147 1741 4196 rika gelitten hat. Freiheit, gleiches Recht und un¬
989 4188 1742 4231 begrenzte Möglichkeiten war der Traum der
994 4223 1741 4273 amerikanischen Optimisten. Erst die Krise hat die
995 4255 1739 4309 "Legende" zerstört. Seither stehen ihre Schlag¬
997 4302 1744 4351 worte bezeichnenderweise auf den Fahnen der re¬
995 4343 1740 4385 aktionären Parteien: sie wollen, daß der gemeine
992 4373 1744 4422 Mann weiterhin an diese Worte glauben soll; sie
992 4410 1741 4455 wollen ihn davon überzeugen, er sei an keine
992 4452 1732 4495 soziale Klasse gebunden: heute Arbeiter am lau¬
992 4488 1738 4533 fenden Band in einer Ford-Fabrik, könne er
992 4519 1738 4586 morgen schon Bureauchef und übermorgen Millio¬
995 4560 1147 4616 när sein.\:p\
1039 4582 1738 4650 \p\Aber die Realität der letzten acht Jahre ist
992 4638 1742 4680 stärker. Die amerikanische Nation ist aus dem
992 4673 1773 4718 Traum ihrer Reichtümer und der wiederkehren¬
985 4718 1774 4761 den Prosperität erwacht. Sie sieht die Folgen
992 4751 1742 4805 jahrhundertelanger leichtfertiger Ausbeutung. Im
998 4785 1742 4841 Herbst 1936 sagte mir ein Beamter der Regie¬
994 4822 1741 4872 rung in Washington: "Früher waren wir Opti¬
1001 4865 1741 4908 misten. Jetzt sind wir dabei, Amerika wieder zu
985 4895 1774 4956 entdecken. Und wir müssen die besten aus unserer
1787 908 2536 962 jungen Generation zu Pessimisten erziehen, damit
1787 950 2448 1003 sie lernen, zu handeln, bevor es zu spät ist."\:p\
