4800 6340
468 497 3301 554 AUFRUHR IN ANDORRA
3385 491 4537 573 VON DR. ANNEMARIE SCHWARZENBACH
485 3729 1761 3865 \p\Was geschieht in Andorra? Die Liliput-Republik in den
472 3813 1756 3886 Pyrenäen an der Grenze zwischen Frankreich und
467 3876 1754 3941 Spanien lenkt plötzlich die Aufmerksamkeit auf sich. Am
467 3930 1758 4008 19. August sind 60 französische Gendarmen auf Autocars
461 3986 1743 4042 eingetroffen und haben die andorranische Miliz — be¬
461 4034 1756 4112 stehend aus sieben Mann — entwaffnet. Noch weigern
461 4096 1747 4161 sich die 24 Ratsmitglieder die sechs Schlüssel zum Staats¬
461 4148 1756 4204 archiv abzuliefern, noch besteht der Syndico Roc Palleres
461 4200 1743 4261 auf dem Grundsatz, fremde Einmischung nicht zu dul¬
463 4256 1756 4317 den ... ein Grundsatz, den man seit 1278 respektiert hat.
461 4311 1754 4367 Denn so alt ist der Schiedsspruch, auf dem die Staats¬
471 4354 1756 4436 verfassung Andorras beruht — der Freiheitsbrief in ihrem
461 4418 1752 4477 Archiv ist aber noch viel älter und ihnen ähnlich kostbar
471 4473 1754 4550 wie den Schweizern der im Archiv zu Schwyz. Ludwig
463 4527 1756 4581 der Fromme hat ihn den Andorranern ausgestellt. Weil
461 4583 1756 4650 aber die Landesherren — der spanische Bischof von Seo
463 4630 1747 4704 de Urgel und die französischen Grafen von Foix und Na¬
467 4691 1760 4749 varra — nicht auf ihre Rechte verzichten wollten, einigte
461 4745 1745 4814 man sich 1278 dahin, den Andorranern ihre Sebständig¬
461 4790 1761 4869 keit (sic) zu lassen, aber unter Anerkennung der formellen
461 4845 1756 4909 Oberhoheit der genannten Herren und einer jährlichen,
459 4901 1754 4972 heute im Wert sehr geringen Tributzahlung. Ueber die
461 4949 1756 5016 Grafen von Navarra und Heinrich IV. gingen ihre Rechte
467 5009 1754 5078 an die Krone Frankreichs und die Republik über, und in
461 5065 1761 5126 ihrem Namen übt sie der Präfekt von Perpignan aus. So
461 5113 1756 5173 kommt es, daß Andorra noch heute ein spanisches und ein
461 5167 1754 5234 französisches Staatsoberhaupt hat. In Tat und Wahrheit
463 5228 1760 5295 aber regiert es sich selbst — und zwar durch einen Rat,
467 5282 1758 5351 den die Familienväter wählen. Junggesellen haben in
459 5331 1049 5405 Andorra kein Wahlrecht.\:p\
515 5385 1758 5448 \p\Die drei Gefängniszellen im Staatspalast wurden nie
461 5429 1756 5500 benützt, die Andorraner nährten sich spärlich und redlich
467 5500 1758 5567 von Landwirtschaft und Schmuggel, zu Weihnachten trug
1840 3763 3123 3846 man dem Bischof seine Masthühnchen, Schinken und Käse
1840 3828 3127 3902 in die Küche — alles wie im grauen Mittelalter. Aber
1840 3874 3123 3956 da machten sich im Frühling dieses Jahres bedenkliche
1849 3941 3114 4012 Zeichen eines modernen Geistes bemerkbar. Eine Unter¬
1840 3997 3132 4055 nehmergesellschaft, die «Fhasa», hatte im Einverständnis
1840 4051 3112 4127 mit Frankreich in Andorra eine wirtschaftliche Vorzugs¬
1845 4107 3117 4170 stellung inne — sie war es, die den Andorranern vor¬
1845 4159 3127 4226 schlug, ein Kasino und eine Spielbank zu eröffnen, um
1849 4226 3117 4284 dadurch Geld ins Land zu bringen. Die Jungen waren
1849 4272 3112 4341 dafür, die Alten, die Familienväter und der Talrat da¬
1845 4339 3117 4393 gegen. Und dieser innere Streit wurde der Anlaß zur
1840 4388 3121 4447 Einmischung der Ko-Prinzen, des Bischofs von Urgel und
1838 4453 3119 4505 des französischen Präfekten. Natürlich verbot der Bischof
1840 4496 3106 4568 die Spielbank, der Präfekt scheinbar auch. Zugleich un¬
1849 4551 3127 4617 terstützte er aber die Forderungen der Jungandorraner,
1840 4609 3123 4678 die alsbald das allgemeine Wahlrecht erzwangen. Als
1840 4670 3127 4737 sie dann aber, vielleicht von der katalonischen Bewegung
1840 4721 3123 4791 angesteckt, darauf verfielen, man könnte auch ohne die
1853 4773 3127 4845 Vormundschaft der Ko-Prinzen auskommen und ganz
1840 4825 3108 4892 Andorra sich in einer stürmischen Freiheits- und Unab¬
1840 4882 3117 4953 hängigkeitsbewegung einigte, da änderte Frankreich den
1853 4944 3127 5016 Ton. Der alte Talrat wurde schon am 10. Juni abgesetzt
1840 4998 3114 5065 und durch einen provisorischen neuen ersetzt. Jetzt ver¬
1840 5048 3117 5124 langte man Auslieferung der Archivschlüssel, und als die
1845 5109 3121 5165 Andorraner sich bewaffneten und ihre «Casa» bewachten,
1840 5163 3117 5232 da schickte Frankreich am 19. August ganz überraschend
1843 5217 3117 5292 seine Gendarmen ins Land. Ja, anscheinend auch zur
1845 5273 3127 5334 Ueberraschung des spanischen Bischofs, und dadurch ist
1843 5323 3112 5392 der Fall Andorra — zuerst ein verspäteter mittelalter¬
1840 5385 3127 5455 licher Freiheitskampf eines kleinen Bauernvolkes — zu
1840 5435 3114 5504 einem politischen Fall geworden, der zwei Regierungen
1840 5498 3117 5561 beschäftigt und die Großmacht Weltpresse in Atem hält.\:p\
1185 1621 1775 1655 \f\Strasse in Andorra la Viella\:f\
1754 3116 2850 3194 \fp\Straße in Andorra La Viella, der «Hauptstadt» der Re¬
1763 3192 2855 3251 publik Andorra. Eine einzige Straße führt in die Stadt
1754 3242 2850 3290 hinein, eine einzige wieder hinaus. Die Häuser sind bau¬
1754 3288 2861 3354 fällig und meistens nicht verputzt, die Fenster häufig ohne
1750 3337 2747 3393 Scheiben, weil die Bewohner kein Bargeld besitzen\:fp\
1040 3234 1486 3267 \f\Sitzungssaal der Regierung\:f\
461 3130 828 3220 \fp\Rechts: Der primi¬
461 3201 824 3270 tive Sitzungssaal
461 3244 831 3307 der Regierung von
461 3298 824 3368 Andorra im Staats-
463 3346 584 3419 palast\:fp\
3025 1876 3564 1911 \f\Junge Leute von Andorra\:f\
3022 3116 4499 3195 \fp\Das sind die jungen Leute von Andorra, die gegen den konservativen Gene¬
3024 3192 4510 3244 ralrat resolutionierten und das allgemeine Wahlrecht erzwungen haben. Sie
3024 3238 4520 3290 leben von Landwirtschaft und Schmuggel. Die Verdienstmöglichkeiten des
3028 3287 4518 3350 Schmugglers sind in den letzten Jahren immer kleiner geworden, was erheblich
3022 3350 4505 3406 zum Wachstum der Unzufriedenheit der jungen Andorraner beigetragen hat.\:fp\
3558 4077 3936 4110 \f\Schwarzenbach in Andorra\:f\
3207 5152 4364 5236 \fp\Unsere Mitarbeiterin Dr. Annemarie Schwarzenbach mit
3203 5214 4354 5275 dem mehrere Pfund schweren Staatsschlüssel zum Regie¬
3201 5262 4367 5320 rungsgebäude von Andorra, der «Casa dela Val». Die «Casa
3201 5316 4362 5372 dela Val» beherbergt auch das Archiv. Dieses ist abgeschlos¬
3199 5364 4364 5418 sen mit sechs Schlüsseln, von denen jeder in einem der sechs
3201 5411 4364 5465 Dörfer der Republik verwahrt ist. Das Oeffnen des Archivs
3201 5455 4364 5515 kann nur im Beisein von Vertretern aus jedem der sechs
3201 5504 3711 5582 Dörfer vollzogen werden\:fp\
