4294 7181
280 4361 1083 4428 Die Reise an das Ende Amerikas
476 4413 898 4479 Von Annemarie \g\Clark\:g\
280 4456 1142 4516 \p\In Nantucket, mitten im Städtchen und gerade neben
232 4509 1142 4550 dem Polizeigebäude, ist auf eine weiße Hauswand eine
234 4542 1128 4583 Windrose gemalt, mit Pfeilen, die in alle Himmelsrich¬
226 4574 1142 4615 tungen weisen und angeben, wo die großen Hauptstädte
234 4612 1128 4654 der Welt liegen, – New York und Kalkutta und Mos¬
238 4645 1142 4683 kau und Berlin und Peking. Die neben die Pfeile ge¬
236 4679 1141 4724 setzten Zahlen geben an, wie weit die Städte von dieser
238 4716 1131 4756 kleinen Ozean-Insel, Nantucket, entfernt sind. Man
232 4750 1131 4789 erfährt zum Beispiel, daß New York nur etwa 300 Mei¬
232 4781 1142 4821 len weit ist, Bombay aber fast 10,000, Paris 3600 und
232 4817 1142 4859 San Franzisco weiter als Paris. Nach Sconset aber,
232 4848 1131 4893 dem Fischerdorf an der Südostküste der Insel, sind es
228 4885 1143 4930 nur sieben Meilen. Denn dies ist eine sehr kleine Insel,
232 4919 1137 4963 15 Meilen lang, ganze 7 breit, im Auto gelangt man
226 4957 1142 4997 blitzschnell von einem Leuchtturm zum anderen, vom
232 4993 1142 5026 Flugplatz zum Jagdklub, und von den im Moor ver¬
228 5027 1142 5065 borgenen Blockhütten der Preißelbeer-Kocher zu den
238 5058 1142 5102 Dünen der Südküste, die sie "Surfside" nennen, weil
232 5093 1142 5146 dort die Brandung ein wenig stärker ist als in der
232 5129 1142 5163 nach Westen, dem amerikanischen Festlande zu, geöffne¬
232 5161 1142 5201 ten Bucht von Nantucket. Natürlich gehört die Insel
238 5201 1142 5237 zu Amerika, – im Dampfboot sind es auch nur drei
234 5233 1142 5274 Stunden bis Woodshoole, und die Halbinsel Cape Cod,
225 5263 1142 5309 der berühmteste Ferienort der neuenglischen Küste, ist
232 5303 1141 5345 ganz nahe. Ein Auto auf dem Dampfer auf die Insel
232 5338 1134 5375 zu transportieren, kostet sechs Dollars, – besser aber
234 5364 1142 5408 ist es, auf der Insel zu reiten. Obwohl es viele Bauern
228 5402 1128 5446 gibt, die ihre Felder mit Mais, Roggen und Hafer
228 5437 1128 5484 und ihre Gemüsegärten haben, ist der größere Teil des
228 5472 1142 5515 Bodens Wildnis, – Heide und Moor. Und die Straßen
228 5507 1142 5549 arten bald in tiefe Sandwege aus, die sich durch Heidel¬
223 5544 1142 5579 beersträucher, karge Wiesen und niedrigen, von dichtem
226 5580 1142 5621 Unterholz bestandenen Wald winden. Am Abend gibt
228 5613 1142 5647 es oft Nebel. Dann sieht das Moor düster und schweig¬
226 5644 1142 5688 sam aus und könnte endlos sein. Ueberhaupt hat diese
232 5681 1142 5724 Insel, unbeschadet ihrer Kleinheit, einen traumhaften
226 5715 1143 5753 Charakter von Endlosigkeit, – Moor und Heide und
232 5752 1142 5790 Dünen, und der flach im Meer sich verlierende Strand,
226 5781 1142 5828 die flachen, strappigen Wiesen, die alte Windmühle auf
228 5819 1142 5856 dem Hügel, der keine zehn Meter hoch ist, nur eine
226 5849 1142 5894 Bodenwelle, – der frische Wind, die leise Brandung,
234 5888 1143 5928 Segel und Wellenschlag, dies alles mischt sich zu einem
228 5916 617 5972 unaufhörlichen Gesang.\:p\
283 5929 1142 6002 \p\In früheren Zeiten sind die Walfisch-Fänger von
234 5980 1142 6034 Nantucket auf ihren Segelschiffen bis nach Brasilien,
227 6024 1142 6063 bis an die afrikanische Guinea-Küste gelangt. Heute
232 6056 1142 6106 reden die Inselbewohner vom Festland, das nur drei
1168 4364 2073 4407 Stunden entfernt ist, und nennen es "Amerika", so als
1168 4391 2073 4446 gehörten sie gar nicht dazu. Und sie leben, wie alle
1167 4434 2073 4476 Inselbewohner der Welt leben, – auf Sylt, in Finn¬
1164 4468 2073 4509 land, in der Bretagne, in England. Ihre alten Kapi¬
1164 4506 2073 4548 täne rauchen Pfeifen und wohnen in alten, weißen,
1167 4538 2073 4578 friedlichen Häuschen, in ihren Gärten blühen wilde
1164 4574 2073 4611 Rosen und Malven. Die Frauen spinnen Schafwolle
1168 4606 2073 4652 in ihren Stuben. Die Sommergäste kommen jedes
1164 4651 2073 4681 Jahr wieder und fühlen sich auf der Insel zuhause.
1164 4679 2073 4716 Und viele bleiben ihr ganzes Leben lang hier. Sie
1172 4715 2074 4749 werden dann Haus- und Grundstück-Vermieter oder
1172 4750 2068 4783 züchten Blumen, oder verkaufen Antiquitäten, Tabaks¬
1164 4781 2073 4822 dosen, Wedgwood-Porzellan, alte englische Möbel,
1164 4811 2073 4857 Schiffsmodelle in Flaschen, Türgriffe und Lichtputz-
1180 4851 1322 4894 Scheeren.\:p\
1221 4877 2073 4927 \p\Wenn ich nur wüßte, durch welchen seltsamen Um¬
1164 4899 2073 4961 stand ich auf die Insel gekommen bin. Ich lebe hier
1164 4954 2073 4996 seit kaum einer Woche, aber so, als sei ich schon früher
1164 4992 2074 5032 und immer wieder hier gewesen, und es werde immer
1164 5014 2068 5063 so sein. In Amerika war ich lange, einmal fünf, ein¬
1164 5056 2073 5092 mal sechs Monate, und jetzt wieder seit Mitte Mai, aber
1164 5086 2073 5136 ich hätte immer jeden Tag abreisen können und fühlte
1164 5129 2073 5163 mich überall gleich fremd und gleichgültig. Ich hätte
1164 5160 2073 5201 Jahre auf den amerikanischen Straßen zubringen kön¬
1164 5194 2073 5231 nen, habe auch, wirklich, schon einige zehntausend Mei¬
1163 5230 2071 5274 len darauf zurückgelegt, ich kenne die öden Hotels und
1174 5261 2073 5302 Touristenzimmer der Kleinstädte, die Badezimmer der
1164 5296 2073 5335 Großstädte, die "Tourist Cabins" am Straßenrand, die
1164 5333 2073 5372 Buden, wo es Frühstück, Kaffee, Coca Cola und Ham¬
1164 5366 2073 5409 burger Sandwichs gibt für zehn Cents, die Lunch-
1167 5402 2073 5438 Restaurants, die "Wagenrad" heißen, oder in einem
1168 5437 2073 5474 alten Eisenbahnwagen untergebracht sind wo man im¬
1164 5466 2073 5508 mer dasselbe zu essen bekommt – Tomatensuppe aus
1164 5501 2073 5543 der Büchse, Schafcotelettes oder ein Steak, und keinen
1164 5534 2073 5577 Wein – und die anderen Ausschänke mit roten Licht¬
1164 5575 2073 5615 reklamen, wo Whisky, Bier und Gin getrunken
1164 5608 2073 5644 wird, als herrsche noch Prohibition. Ich weiß, oben
1164 5640 2060 5678 im Norden gibt es Pfannkuchen mit "Maple Syrup",
1164 5677 2073 5713 und die Ortschaften sehen weiß und freundlich aus, im
1164 5711 2073 5748 Süden gibt es nur rohen, grünlichen Whisky, zerfallene
1164 5746 2073 5784 Negerhütten in riesigen Baumwollfeldern, manchmal
1164 5780 2073 5822 ein schönes, altes Plantagenhaus, und in Pennsyl¬
1164 5815 2073 5865 vanien stehen prächtige, breite, rotgestrichene Scheunen,
1163 5845 1713 5900 und die Bauern sprechen deutsch.\:p\ [space]
1210 5883 2073 5930 \p\Ich weiß, daß ich Kalifornien noch nicht kenne, die
1164 5911 2073 5972 Filmateliers von Hollywood, die Schwimmteiche in
1164 5961 2073 6004 reichen Gärten, das milde, beinahe australische Klima,
1164 5990 2062 6037 und ich war noch nicht in den Lehmhütten der Navajo-
1164 6025 2073 6072 Indianer, oben auf den staubigen, kahlen, windbeweg¬
1164 6059 2073 6106 ten Hochebenen von Neu-Mexiko, die denen von Persien
2090 4370 3028 4424 ähnlich sein müssen; auch die Fjorde, Salmfischereien,
2091 4418 3028 4458 Wälder, Ströme und Goldsucherlager von Alaska kenne
2091 4453 3005 4496 ich nicht. Trotzdem habe ich immer die Erfahrung ge¬
2091 4481 3028 4527 macht, daß nichts in Amerika mich überraschen könne.
2090 4513 3028 4549 Es gab da nur die Faszination der Landstraße, der
2091 4538 3028 4589 nächtlichen Weite, der schwindenden Meilenzahlen, im¬
2091 4582 3029 4619 mer nur weißgemalte Linien auf schwarzen Fahr¬
2091 4617 3014 4654 bahnen, Lichtsignale, manchmal einen Hügel. Und Nacht¬
2091 4653 3028 4696 winde, Negerstimmen, heulende Sirenen, und 24-Stun¬
2091 4688 3028 4733 den-Schichten in gelb erleuchteten Webereien, andere
2091 4716 2621 4765 Trostlosigkeiten ... kein Ende! –\:p\
2147 4730 3027 4788 \p\Als ich im Jahre 1937 aus den sogenannten "Baum¬
2091 4778 3027 4825 woll-Staaten" des amerikanischen Südens nach New
2091 4824 3028 4870 York zurückkehrte, luden mich zwei reiche, freundliche,
2106 4855 3027 4896 alte Damen in das Ritztower-Hotel zum Lunch ein.
2091 4893 3005 4933 "Sie waren im Süden – und nicht in Palm Beach,
2091 4928 3028 4963 nicht an der schönen Küste von Florida, wo um dieses[sic]
2091 4963 3028 5008 Jahreszeit die jungen Leute fischen, schwimmen und
2091 4991 3028 5036 tanzen und sich köstlich amüsieren? – Was wollten Sie
2110 5023 3027 5069 denn dort unten?" "Ich wollte sehen, wie die Menschen
2091 5065 3028 5110 leben, die Arbeiter, Neger, Baumwollpflücker", sagte ich.
2091 5097 3005 5135 Die alten Damen fragten: "Nun, und finden Sie dar¬
2091 5132 3028 5178 aufhin, daß es in Amerika arme Leute gibt? Wir sind
2091 5168 3028 5206 nämlich der Ansicht, daß dies ein sehr glückliches Land
2091 5194 3014 5244 ist, wo jeder, wenn er nur arbeitstüchtig und willig ist,
2116 5238 3027 5275 genug verdienen, sogar reich werden kann." "Ich habe
2091 5262 3028 5309 nirgends, außer vielleicht in Rußland, solches Elend
2091 5308 2991 5346 gesehen wie unter den Baumwollpflückern Amerikas",
2091 5339 3028 5369 antwortete ich. Die Damen sahen sich an, kopfschüt¬
2091 5366 3002 5413 telnd. Dann sagte die eine: "Doch, meine Liebe, es
2091 5409 3028 5456 mag etwas Wahres daran sein. Stelle dir vor, daß ich
2091 5439 3028 5493 heute, als ich in der Fifth Avenue einkaufen ging,
2091 5472 3028 5509 eine arme Frau beinahe in Lumpen sah, in einem zer¬
2091 5506 2991 5556 rissenen Mantel, und sie hatte Löcher in den Strümpfen."
2091 5535 3028 5585 Die andere Dame besann sich einen Augenblick und sagte
2091 5580 3029 5641 dann entschlossen: "Oh, die Person war wahrscheinlich
2091 5614 2325 5661 Morphinistin."\:p\
2146 5646 3026 5695 \p\Sie waren Amerikanerinnen, die alten Schrullen.
2091 5677 3028 5733 Und es sind die gleichen Damen, die damals einem
2091 5715 3028 5767 Komitee für Tierschutz angehörten, gestern einem
2091 5748 3028 5789 Komitee für Finnland-Hilfe, heute, wahrscheinlich,
2091 5785 3028 5825 einem Komitee für englische Flüchtlingskinder. Und
2091 5817 3028 5853 sie haben ein Sommerhaus in Kalifornien, eine Woh¬
2098 5851 3027 5890 nung in New York, ein Familiengut oben in Maine
2091 5889 3026 5921 an der Grenze von Kanada. Und sind auf einem Luxus¬
2090 5917 3028 5961 dampfer um die Welt gereist, wie Jean Cocteau. Und
2091 5954 2569 6006 ich war noch nicht in China.\:p\
2147 5993 3027 6035 \p\Ich bin noch nicht einmal an das Ende der ameri¬
2091 6023 3028 6068 kanischen Straßen gelangt. Und bin doch gefahren,
2090 6080 3028 6115 gefahren – als hinge mein Leben daran. In Indien
3041 4375 3963 4418 ging es mir ähnlich, dort waren die weißen Straßen
3041 4413 3954 4457 endlos in der Nacht wie schwirrende Pfeile, und die
3050 4447 3954 4484 Städte, die man erreichte, gleichen einander, das Essen
3041 4476 3954 4521 schmeckte überall gleich, es herrschte unaufhörliches
3041 4518 3954 4552 Mondlicht. Und immer der erstickte Schrei, der fort¬
3041 4549 3958 4599 treibende Wunsch: "Die Küste erreichen! Das Meer!
3041 4584 3373 4636 Ein anderes Land!"\:p\ [space]
3086 4613 3951 4675 \p\In Moskau fragte ich einmal einen jungen russischen
3041 4657 3963 4707 Studenten und Alpinisten: "Du hast Kaukasus-Gipfel
3041 4690 3959 4740 und Berge im Pamir bestiegen, möchtest du nicht ein¬
3041 4728 3958 4773 mal die Berner Alpen sehen?" – "Wir bekommen keine
3050 4766 3952 4803 Pässe", antwortete er, "aber übrigens, warum sollte
3041 4795 3954 4834 ich in die Schweiz wollen, oder in die Rocky Moun¬
3041 4831 3954 4877 intains, Rußland ist groß. Ich könnte in den Tien-shan,
3041 4863 3954 4910 das Himmelsgebirge, könnte in die Mongolei, könnte
3043 4908 3954 4943 noch tausend Gipfel besteigen, tausend Erstbesteigungen
3041 4936 3958 4982 wagen, mein Leben lang!" Obwohl er recht hatte und
3039 4971 3948 5026 ich mir die Größe des sowjetrussischen Reichs auf der
3041 5003 3958 5053 Landkarte vorstellen konnte, und auch die Dauer eines
3041 5037 3948 5085 Menschenlebens weiß, das kaum für \g\eine\:g\ Erstbestei¬
3041 5078 3958 5117 gung ausreicht. – obwohl ich mich erinnere, daß Kafka
3046 5113 3954 5152 nie die Stadt Prag verlassen hat, und Kants Weisheit
3041 5143 3954 5184 in den Grenzen von Königsberg gedieh – ich habe die
3041 5180 3951 5222 Antwort meines russischen Freundes nicht vergessen:
3041 5215 3948 5256 "Wir bekommen keine Pässe." Gewiß, Rußland ist
3044 5248 3946 5289 groß, und auf den Straßen des großen amerikanischen
3041 5288 3945 5321 Kontinents könnte man ein Leben zubringen, ohne
3041 5317 3945 5358 sie zu erschöpfen, und man kann die Welt umsegeln
3041 5353 3949 5390 und hat nichts gesehen außer Hotel-Badezimmern und
3046 5386 3946 5424 Terrassenaussichten. Und man kann auf einem Fleck
3041 5422 3948 5467 sitzen, Blumen züchten, manchmal einen Blick auf die
3041 5455 3948 5495 Windrose und die Meilenzahlen werfen, und wieder
3041 5494 3949 5534 auf das winterliche Kaminfeuer, ein Leben lang, und
3041 5523 3948 5564 man kann immer wieder aufbrechen, das Leben ver¬
3041 5563 3948 5599 achtend, und Gipfel stürmen, Tag und Nacht unterwegs
3039 5591 3948 5640 sein – nach welchem Ziel? Das Gesicht in die Erde
3041 5626 3948 5669 gebettet, in Tränen gebadet, zum Tauhimmel erhoben,
3041 5662 3949 5706 frage ich mich. Denn natürlich möchte ich gern anders
3041 5697 3942 5738 leben. Ich möchte gern, es gäbe Frieden auf Erden.
3039 5726 3948 5774 Möchte gern den Augenblick verweilen lassen, den Blick
3041 5766 3951 5809 auf ein Kaminfeuer, oder auf das brandende Meer,
3041 5801 3952 5840 auf Malven gerichtet. Wie Inselbewohner, die nicht
3041 5834 3942 5881 genau zu wissen brauchen, ob ein erobertes Paris 3600
3041 5872 3951 5916 Meilen, der amerikanische Kontinent nur drei Stunden
3041 5903 3945 5945 entfernt ist, die von Schafwolle, Blaubeeren und Fischen
3041 5938 3939 5981 und ein wenig Buschholz leben können. Ich gehe gern zum
3041 5969 3951 6016 kleinen Postamt an der Ecke, wo ein Mast mit rotem
3041 6010 3952 6048 und grünem Licht keine Verkehrsregeln, sondern den
3041 6041 3939 6081 Stand von Ebbe und Flut ankündet, und wo der
3041 6074 3945 6130 Beamte meinen Namen kennt, aber nicht weiß, ob die\fml\\:p\
319 4326 1232 4372 \fml\\p\Briefe Europa wann und jemals erreichen werden.
319 4365 1205 4402 Man frägt sich dann: "Wovon hängt ein Leben ab?" –
316 4401 1232 4446 ja, oder vielmehr, woran stirbt der Mensch, an welchen
319 4438 1217 4482 zerbrechenden Hoffnungen, Brot und Steinen, warum
316 4476 1232 4517 erwacht er von Frühlicht geblendet und schläft trunken,
319 4503 576 4551 immer wieder?\:p\
369 4540 1232 4584 \p\Diese Insel, Nantucket Island, wird vom einen oder
309 4575 1232 4618 anderen Schicksal mitbetroffen werden und es über¬
313 4609 1214 4648 dauern. Aber welcher Trost! – Der Anblick von schau¬
309 4644 1232 4694 kelnden Fischerbooten, Segeln, 400 grasenden Schafen,
309 4679 1232 4738 bestellten Feldern und eines in Dämmerung entschwin¬
315 4713 574 4762 denden Moors.\:p\
