4224 7085
492 4439 868 4512 Schiffs-Tagebuch
276 4484 1077 4566 Von Annemarie \g\Clarac-Schwarzenbach\:g\
637 4572 710 4602 II.
426 4594 1096 4671 \p\An Bord des „Colonial“, 22. Mai 1941.\:p\
270 4650 1145 4698 \p\Wir sind gestern abend an den \g\Kanarischen
219 4689 1145 4734 Inseln\:g\ vorbeigefahren, ohne, wie ich es gehofft
219 4730 1145 4775 hatte, in Teneriffa oder Las Palmas anzulegen. Es
219 4760 1145 4809 war erst gegen 8 Uhr, als die letzte Insel vorüber war,
217 4808 1146 4838 aber da wir die Uhr seit Lissabon schon um 2 Stunden
223 4833 1145 4872 vorausgestellt haben, wurde es bereits dunkel, und die
217 4872 1145 4917 Sonne, die sich durch Wolkenballungen über der Insel
217 4906 1146 4945 kämpfen mußte, warf sich wie eine breite Schwefel¬
217 4940 1145 4976 flamme auf den Ozean, der Himmel wurde vom Wider¬
219 4973 1145 5019 schein dramatisch erhellt. Vom Land, das doch ganz
217 5005 1145 5043 nahe war, sah man nur Umrisse, hohe Berge, von Nebel
219 5044 1145 5083 gefüllte Buchten. Natürlich wurde mir gesagt, daß es
223 5078 1145 5131 reiche Inseln seien, und ich konnte mir wohl vorstellen,
217 5117 1145 5159 man würde dort, hätte das Schiff nur für ein paar
225 5144 1145 5189 Stunden angelegt, ähnliche Entdeckerfreuden gefunden
217 5186 1145 5225 haben wie am Tag zuvor auf Madeira. Ich blieb noch
217 5217 1123 5264 lange an der Reling stehen, hatte auch wieder einen
216 5256 1119 5296 der leichten Fieberanfälle mit Ohren- und Halsschmer¬
225 5289 1145 5331 zen, der Husten hörte nicht auf, und ich fragte mich, ob
211 5323 1146 5379 ich wohl unten im Kongo, in einem viel schlechteren
223 5366 1145 5405 Klima, krank werden würde. Dann sagte R. neben mir
225 5399 1145 5434 — jener französische Offizier, der seit Dünkirchen ver¬
219 5425 1145 5476 sucht, zu den Truppen de Gaulles zu stoßen —, viel¬
211 5465 1145 5511 leicht werde er nach so viel Opfern und zähem Eigen¬
217 5499 1145 5544 sinn nur an sein Ziel gelangen, um sich irgendwo auf
211 5533 1129 5581 einem verlorenen Posten zum Krüppel schießen zu lassen
223 5575 1145 5617 oder sich eine Seuche zu holen. Wir einigten uns gleich,
217 5614 1145 5652 daß solche Bedenken vor der persönlichen Gefahr heute
217 5646 1145 5686 nicht gelten, und daß man nichts mehr tun und sich
217 5680 1145 5720 wissentlich blind stellen müßte, wollte man um der
223 5711 1145 5762 Sicherheit der eigenen Haut willen den Einsatz ver¬
217 5752 355 5809 meiden.\:p\
273 5762 1145 5831 \p\Aber obwohl wir beide sicher aufrichtig waren,
219 5817 1145 5857 fragte ich mich doch, wie mir zumute wäre, sollte von
217 5855 1145 5898 mir jetzt oder wann immer der volle Einsatz verlangt
217 5894 1145 5935 werden, in einer Weise, die den sicheren Tod bedeuten
217 5922 1145 5968 würde. Solche Forderungen zu erfüllen, betrachtet jeder¬
219 5963 1145 6001 mann als die Pflicht eines jeden Soldaten, und ich
217 5999 1145 6040 würde ihnen auch nachkommen, denn selbstverständliche
217 6035 1145 6082 Taten schließen im gleichen Augenblick das Bedenken
223 6072 1145 6125 aus. Müßte ich mich jetzt über die Reling in dieses
1150 4442 2080 4482 nächtliche Wasser werfen, ich wäre rasch überwältigt,
1156 4480 2080 4521 und in einem einzigen, allumfassenden Augenblick des
1148 4511 2080 4563 Entsetzens und der Hingabe wäre alles vorbei: so
1150 4546 2082 4598 enge Grenzen sind unseren Anstrengungen gezogen,
1147 4577 2080 4640 von solchen Nichtigkeiten äußerer Gewalt hängen wir
1148 4623 2056 4662 ab. In einem Anfall von Feigheit stelle ich es fest
1135 4642 2080 4695 daß ich ja nicht sterben will, und mich doch nicht
1134 4687 2080 4736 darauf verlassen darf, es könne nicht, in jedem Augen¬
1134 4741 2080 4773 blick, an mich herantreten. Ich will nicht von einer so
1135 4762 2080 4809 faschen und unwürdigen Hoffnung leben, vielleicht
1135 4798 2080 4834 treffe es nur meinen Nachbar, und ich dürfe mich
1135 4834 2080 4873 glücklich weiterschwindeln. Von der Behauptung zu
1135 4866 2080 4907 leben, ich sei ein freier Mensch, der sich nicht fürchte,
1135 4902 2080 4945 für seine Ueberzeugungen einzustehen wider alle Ge¬
1135 4937 2055 4978 walt und Gefahr dieser Welt, und heimlich zu wissen,
1135 4970 2080 5009 ich würde vor dem ersten Zugriff dieser Gewalt, bei
1135 5004 2080 5042 der ersten Begegnung mit dem ernsten Anblick der
1135 5040 2050 5083 Gefahr, versagen? Wenn ich so leben könnte, dann
1135 5073 2050 5115 wären also alle unsere besten Anstrengungen ein über¬
1135 5113 2080 5164 flüssiger Betrug, und es genügte, zu essen und zu
1135 5148 2059 5195 schlafen — aber wozu würde man dieses Leben noch
1135 5177 1277 5236 fristen?\:p\
1201 5225 2080 5265 \p\Ich dachte in diesem Augenblick auch an eine Nach¬
1160 5254 2080 5303 richt, die ich vor der Abreise von Lissabon erhalten
1134 5280 2080 5347 hatte: daß zwei Menschen, die mir sehr nahestehen,
1135 5331 2062 5372 sich von London nach Afrika unterwegs auf einem
1135 5361 2080 5397 von den Deutschen versenkten Schiff befunden hatten.
1135 5394 2080 5441 Daß sie wahrscheinlich nicht mehr leben, hat eine ähn¬
1135 5432 2080 5475 liche, fast versteinernde Wirkung wie der Gedanke an
1135 5468 2080 5515 den eigenen, vielleicht nahen Tod, und doch kann ich
1135 5502 1736 5558 mich nicht darüber hinwegtäuschen.\:p\
1201 5544 2080 5587 \p\Das langsame Vorübergleiten an der nächtlichen
1135 5584 2080 5623 Insel Teneriffa verstärkte das Gefühl, wie wenig wir
1135 5621 2080 5656 trotz unserer Freiheit über den äußeren Vollzug un¬
1135 5657 2080 5702 seres Daseins vermögen. Es war wohl mein freier
1135 5683 2080 5730 Entschluß, in Lissabon dieses Schiff zu besteigen, und
1135 5725 2080 5772 noch für die Bedrängtesten unter meinen Reisegenossen,
1154 5762 2080 5804 die Flüchtlinge ohne Papiere, hätte es andere Wege
1135 5796 2080 5836 gegeben, und sie entschlossen sich für diesen: aber weiß
1135 5824 2080 5877 ein einziger von uns, wohin er ihn schließlich führen
1135 5865 2080 5901 wird? — Obwohl dies immer so sein muß, bei jedem
1135 5896 2080 5950 Schritt, den wir tun, wird es uns auf der Fahrt des
1134 5934 2050 5977 Dampfers, der für eine Weile sozusagen den Umkreis
1135 5970 2080 6010 unserer Existenz bestimmt, besonders deutlich ins Be¬
1135 6013 2080 6053 wußtsein gerufen. In Funchal, während eines kurzen
1135 6040 2080 6087 Aufenthaltes, der mich entzückte, dachte ich, daß ich
1134 6074 2080 6130 meine Pläne ändern, und auf dieser Insel ein ganz
2083 4447 2993 4491 neues Leben beginnen könnte. An die Kanarischen
2083 4489 2993 4526 Inseln werde ich mich nur wie an eine Vision eines
2083 4521 2993 4563 Landes erinnern, und sie vielleicht nie betreten. Aber
2083 4554 3007 4603 es bedeutet wenig, was uns äußerlich geschieht, da
2083 4592 2781 4649 unsere Liebe immer nach anderem strebt.\:p\
2136 4635 3007 4675 \p\Man hat mich den ganzen Tag gestört: Bekannte,
2083 4663 3006 4713 Kinder, Glockenzeichen, selbst mein guter Freund R.,
2083 4711 3007 4749 alles strömt rings um das besonnte Deck, über Trep¬
2083 4741 3007 4783 pen, durch den Salon, bis in diesen kleinen Raum,
2082 4774 3007 4826 wo am Morgen ein belgischer Priester oder einer der
2082 4812 2990 4853 bärtigen portugiesischen Missionare die Messe liest, und
2082 4854 3007 4897 wo ich den Versuch mache, zu schreiben. Oder nur ein
2083 4884 3007 4925 paar Stunden still zu sein, wirklich zu leben — zu
2083 4924 3007 4965 begreifen, zu nennen —, ja, aufzuschreiben, was im
2091 4952 3006 4994 Verlauf von Stunden und Stunden, Stimme um
2083 4986 3007 5034 Stimme, Eindruck hinter Einbruck, was uns in einem
2083 5016 3006 5064 erbarmungslosen Ablauf treibt und hinhält, uns von
2091 5058 3006 5100 Anstrengung zu größerer Anstrengnng jagt, uns von
2088 5093 2993 5144 Versprechungen trügerisch nährt, bis wir einmal nicht
2083 5132 2690 5175 mehr wollen und zusammenbrechen.\:p\
2132 5161 3006 5214 \p\Aber was will ich eigentlich, und wenn sie mich
2095 5204 3007 5245 stören, ein Kind ein harmloser Mensch, der umher¬
2083 5244 3007 5282 irrend ein wenig Ablenkung wünscht, von was muß ich
2083 5282 3007 5317 mich abhalten lassen? — Ich hadere dann wirklich, als
2083 5309 3007 5363 hätten sie mir die zum Atmen nötige Luft abgeschnitten,
2082 5352 3007 5389 und sie hatten keinerlei böse Absicht. Sie wollten nur
2083 5385 3007 5425 leben, sie auch, den Tag zubringen, mir eine Freund¬
2083 5422 3007 5458 lichkeit erweisen. Und ich kann, falls ich etwas auf¬
2085 5456 3007 5495 schreibe, keinen Menschen erreichen, keine Antwort er¬
2083 5491 2863 5546 halten, es gibt nicht einmal Post. Also was?\:p\
2132 5527 3006 5571 \p\Daß man nur von Notbehelfen lebe und sich not¬
2083 5570 3008 5613 dürftig nähre, immer die Stimmen ersticke, die ver¬
2083 5600 3007 5646 führen, es ist nicht wahr. Daß man nur den Duft und
2082 5636 3006 5687 die Farbe jener violetten Blütenbäume ahne, nie sie
2083 5676 3007 5719 mit den Augen sehen und fast vergehen könne, weil sie
2082 5708 3006 5759 nun die weißen Mauern färben, die Luft dieses stillen,
2083 5742 2987 5789 über der Stadt Funchal und seine grünen Hügel sich
2083 5778 2990 5824 ausbreitenden Abends füllen würden mit einer sicher
2083 5814 3007 5865 nie wiederkehrenden, sammetweichen Verzauberung, es
2083 5852 3007 5894 ist nicht wahr. Es ist nicht wahr, daß sie so leben sollen,
2083 5885 3007 5930 die Menschen: keine Feindeshand kann sie zwingen,
2083 5923 3008 5961 keine Macht hat sie dazu verurteilt, so bedürftig zu
2082 5962 3006 6008 sein, während doch ringsum Ahnungen mächtig sich
2083 5999 3008 6046 rühren wie Winde, die mit sich den Duft der Hyazinthe
2082 6032 2744 6093 tragen, eine Vogelstimme, einen Anruf.\:p\
2393 6062 2710 6140 (Fortsetzung folgt.)
