4800 6340
200 4702 2458 4960 Eine Stadt der Toten
295 4967 1476 5073 \p\Die Hochtäler des Kaukasus, weit abgelegen von den gro¬
225 5054 1484 5127 ßen Heer- und Völkerstraßen, sind teilweise bis heute so un¬
225 5113 1494 5174 bekannt geblieben, daß kein Fremder den Zugang zu ihnen
225 5167 1487 5229 findet, und kaum einer ihrer Bewohner das Tiefland kennt,
225 5207 1484 5276 seine anderssprachigen Nachbarn, die Festungsstätte am Ge¬
222 5273 1487 5327 birgsfuß, und die Hauptstädte Georgiens und Armeniens. In
240 5323 1484 5389 zahlreiche Stämme zerfallen, verschieden an Sprache, Reli¬
229 5374 1491 5443 gion und Lebensgewohnheit, hausen Össeten und Inguscheten,
236 5429 1487 5487 Tscherkessen und Georgier in ihren Dörfern, als Hirten und
233 5480 1487 5538 Jäger, in Stammesfehden und Blutrache gefangen, selbst zum
229 5534 1484 5596 Christentum bekehrt, pflegen sie noch alte heidnische Ge¬
229 5585 1429 5658 wohnheiten und dienen so unbewußt ihren alten Göttern.\:p\
269 5633 1498 5705 \p\Zu den sonderbarsten Erscheinungen der Täler Ossetiens
225 5680 1491 5749 zählen die Nekropolen, die man, weit von den Dörfern der
225 5738 1487 5803 Lebenden entfernt, auf einsamen Felskegeln, über öden Ge¬
225 5789 1487 5847 röllhalden über dem Talgrund begegnet. Es sind ganze Städte
225 5840 1487 5905 für die Toten errichtet — die Häuser sind Türme, mit klei¬
1593 4967 2862 5080 nen Oeffnungen, durch welche man die Leichen ins Innere
1593 5069 2862 5142 schiebt, Pyramiden aus Stein und Schieferplatten decken sie
1593 5120 2854 5185 und gemahnen fast an Ostasien [gemeint sind Pagoden, siehe Bildunterschrift zum Hauptbild]. Jede Familie besitzt einen
1593 5182 2836 5236 solchen Totenturm, man weiß nicht seit wieviel Jahrhunder¬
1593 5236 2854 5294 ten. Doch scheint es, daß unter den Grundsteinen der Türme
1589 5283 2847 5360 sich Gräber finden, die man in das fünfte christliche Jahr¬
1593 5327 2207 5393 hundert zurückdatieren darf.\:p\
1633 5367 2854 5451 \p\Heute sind die sonderbaren Grabstätten verlassen — so
1589 5447 2854 5505 erfährt man es offiziell. Hinter der Totenstadt liegt, etwas
1589 5491 2844 5553 erhöht, die Ruine einer christlichen Kirche. Aber welches selt¬
1593 5542 2851 5607 same Christentum wurde hier gepflegt! Auf dem Altar
1585 5593 2847 5651 schlachtete man Hähne zum Opfer — und wer kann wissen,
1596 5647 2854 5705 wieviele unheimliche und aus Frühzeiten stammende Bräuche
1593 5694 2851 5760 sich bei den Talbewohnern erhalten haben, die bis heute nur
1585 5753 2854 5825 durch einen weiten, steilen und mühseligen Saumweg mit der
1593 5800 2171 5883 Außenwelt verbunden sind!\:p\
2004 5825 2858 5949 Bildbericht von Dr. Annemarie Schwarzenbach
1654 1971 1902 2145 \f\Nekropole eines Dorfs in Nordossetien\:f\
800 4440 3724 4527 \fp\Die sonderbare Nekropole, die zu einem Dorfe in Nordossetien gehört. Fast pagodenhaft muten die viereckigen Pyramidendächer der Totentürme
804 4509 3709 4574 an. Sie stehen übereinandergestaffelt am steilen, kahlen Berghang und beherrschen mit ihren düsteren Silhouetten das weite Tal. Fahrbare Verkehrs¬
804 4556 3720 4633 spuren gibt es in diesem weitabgelegenen Tal Dargawskaja kaum. Nur mit Pferden und Maultieren sind die nordossetischen Totenstädte zu erreichen.\:fp\
3214 5543 3478 5579 \f\Eingang zur Totenstadt\:f\
2985 5705 4109 5782 \fp\Der Eingang zur Totenstadt sieht sich wie ein mittelalter¬
2985 5763 4102 5829 licher Zugang zu einer richtigen Festung an. Der Dragaws¬
2985 5818 4113 5873 kajafluß umspült den Hügel, zwei Totentürme und den
2989 5858 3520 5942 weithin sichtbaren Talweg.\:fp\
