4279 7100
688 4452 970 4517 Dixie Line
400 4495 1260 4571 Der Weg des amerikanischen Südens
417 4567 1248 4637 Von \g\Annemarie Clark–Schwarzenbach\:g\
805 4638 867 4669 III.
375 4690 1303 4762 In den \g\Cumberland–Bergen wird gejaßt\:g\
422 4746 1302 4798 \p\Wir waren froh, als wir endlich die Bahnstation
380 4783 1271 4833 und den «General Store» fanden, wo es einen geheiz¬
379 4829 1303 4869 ten Ofen und heißen Kaffee geben sollte. Ein Berg¬
373 4851 1302 4906 arbeiter von Palmer hatte uns den Weg erklärt, aber,
369 4891 1302 4935 obwohl Myles sich in dieser Gegend gut auskennt,
375 4932 1278 4978 hatten wir uns offenbar mehrmals geirrt, waren kreuz
375 4969 1303 5020 und quer, hügelauf und hügelab durch den Fichtenwald
381 5013 1302 5054 gefahren, es waren überall die gleichen Lehmwege,
375 5036 1302 5091 uneben, rötlich, vom Novemberregen aufgeweicht,
375 5074 1284 5118 manchmal mit Schlacke bedeckt, – und auf beiden Sei¬
375 5107 1302 5151 ten der Wege standen die Hütten der Bergarbeiter,
375 5141 1303 5191 aus rohem Holz gezimmert, nicht gestrichen, weil das
379 5180 1302 5226 Geld für die Oelfarbe nicht langte. Die Balken faul¬
375 5219 1302 5262 ten, das Dach war nicht dicht, zerbrochene Fensterschei¬
381 5253 1302 5292 ben waren mit Zeitungspapier verklebt oder mit einem
381 5291 1302 5332 Brett zugenagelt. In Palmer, wo die Kohlengesellschaft
385 5330 1289 5370 ihre Bureaux, ein großes Lagerhaus, und einen La¬
385 5362 1303 5409 den hat, wollte Myles sich nicht aufhalten. Der Streik
381 5396 1302 5435 war noch nicht beigelegt, und Myles. – Leiter der
381 5434 1302 5478 „Hochländer–Schule" und «CJO»–Organisator, war bei
375 5469 1303 5512 den Herren von der Grubengesellschaft unbeliebt. Die
381 5502 1302 5547 Anfangsbuchstaben des „Comités für Industrie–Organi¬
381 5538 1283 5581 sation“ sind ebenso gehaßt und gefürchtet wie der Name
385 5579 1302 5622 seines Präsidenten, des Gewerkschaftsführers \g\John
398 5605 1302 5655 L. Lewis\:g\. In der „Hochländer–Schule" schnappen die
391 5646 1302 5686 Bergarbeiter und Bauern der Cumberland–Berge neue
381 5691 1302 5727 Ideen auf, sie lernen, daß die amerikanische Verfassung
385 5714 1302 5765 jedem Bürger das Anrecht auf „Leben, Freiheit, und
381 5752 1302 5791 das Streben nach Glück" zugesteht, und daß es ein bes¬
391 5784 1289 5832 seres und glücklicheres Leben gibt als das Leben in
387 5826 1302 5870 Armut, das sie führen. Sie hören die gefährliche Lehre
387 5860 1286 5907 von der Macht, die selbst den Aermsten, den Arbeits¬
385 5895 1302 5940 losen, den „vergessenen Männern“ gegeben wird, wenn
385 5938 1303 5977 sie sich organisieren und zusammentun. Was sie in der
381 5971 1302 6010 „Hochländer–Schule“ gelernt haben, wenden sie nachher
381 6005 1303 6049 an in den Lagern der Holzfäller und den Siedlungen
385 6039 1302 6083 der Bergarbeiter. Die Herren der Grubengesellschaft [Achtung: letzte Zeile der Spalte ist jeweils fett]
1310 4421 2244 4466 und der Holzgesellschaft erklären ihren Arbeitern, daß
1310 4460 2244 4509 die «CJO»–Organisatoren Fremde sind, Rote, Ausländer
1310 4495 2244 4538 aus dem Norden. „Wenn Ihr der CJO–Gewerkschaft
1309 4526 2246 4588 beitretet, dann wird Euer Geld nach Rußland geschickt,
1309 4565 2246 4616 und nach Spanien, wo die Roten die Kirchen anzün¬
1312 4606 2244 4646 den." – Die Männer und Frauen der Cumberland–
1316 4637 2244 4692 Berge sind fromm, und sie trauen keinem Ausländer.
1312 4673 2209 4716 Aber ebensowenig trauen sie dem „Boß“, dem die Koh¬
1309 4712 2246 4754 lengruben und die Wälder gehören, der selber ein
1309 4747 2246 4793 „Ausländer" ist und in der Stadt wohnt und selten
1316 4783 2244 4831 in die Hügel herauskommt. Wenn er kommt, sitzt er in
1309 4819 2246 4851 einer großen, blanken Limousine und trägt eine Kra¬
1309 4850 2246 4888 watte, sogar Werktags. Myles ist kein Fremder, er ist
1309 4886 2246 4931 Einer von ihnen, ein Farmersohn, er spricht ihre
1318 4926 2244 4967 Sprache, raucht den gleichen Tabak, und am Samstag
1309 4963 2246 4997 abend kommen die Fidler in die Hochländer-Schule, ein
1309 4989 2218 5040 Feuer brennt im Kamin, und die Hillbillys und Lum¬
1309 5032 2218 5069 berjacks, die Jones und Marlton und Myles tanzen
1324 5070 2244 5106 „Squaredances". Tiefenteller, der auch zur Schule ge¬
1307 5109 2221 5145 hört, und den sie „Teffi" nennen, ruft die Figuren zum
1307 5135 2246 5181 Tanz aus, mit einer Stimme, die man drei Meilen
1307 5177 2246 5209 weit durch den Wald schallen hört. Niemand in Grundy
1309 5206 2246 5255 County weiß genau, was ein „Roter" ist. Aber alle
1309 5246 2246 5290 wissen, daß Myles und Teffi richtig sind, und daß man
1309 5276 1639 5331 ihnen trauen kann.\:p\
1371 5310 2215 5362 \p\Alle Bergarbeiter von Grundy County sind organi¬
1309 5325 2230 5400 siert. Viele von ihnen sind arbeitslos, denn die Gruben
1309 5388 2244 5430 der Cumberland–Berge sind alt und geben nicht mehr
1309 5428 2228 5470 viel Kohle her. Fast alle Holzfäller sind arbeitslos,
1309 5460 2222 5502 weil ein Holzspekulant aus Chattanooga vor dreißig
1309 5494 2220 5546 oder fünfzig Jahren den Wald kahlschlagen und das
1328 5535 2224 5573 Holz in den Norden verkauft hat. Auf den kahlen
1309 5565 2218 5626 Hängen der Hügel sammelt sich das Wasser im Früh¬
1309 5599 2246 5657 ling und frißt sich in die Erde ein, sodaß das Land
1309 5643 1663 5698 unbrauchbar wird.\:p\
1376 5663 2244 5727 \p\Inzwischen ist der Wald nachgewachsen, aus dem
1307 5688 2246 5767 dichten Unterholz streben die jungen Fichtenstämme
1309 5750 2246 5807 ans Licht. Die Farmer und Holzfäller haben von
1331 5791 2244 5837 Myles gelernt, daß der Wald, wenn man ihn schont
1309 5823 2224 5869 und pflegt, Reichtum bedeutet. Als ein neuer Holz¬
1331 5858 2244 5904 spekulant auf dem Plan erschien, um den jungen Wald
1309 5896 2246 5937 in Grundy County kahlzuschlagen, weigerten sich die
1309 5932 2246 5977 Lumberjacks, an die Arbeit zu gehen. Der Spekulant
1309 5967 2246 6005 hatte das Land um den Wald gekauft, aber die Far¬
1309 6001 2246 6053 mer und die arbeitslosen Holzfäller taten sich zusam¬
1309 6040 2246 6092 men, um ihr Land und ihren Wald zu schützen. Als die [Zeile ist fett markiert]
2244 4421 3152 4464 Polizei kam, um sie zu zwingen, die Bäume zu fällen,
2244 4459 3152 4502 oder dann anderen Holzfällern den Platz zu räumen,
2244 4496 3146 4537 die man von auswärts geholt hatte, nahmen die Män¬
2244 4529 3175 4571 ner von Grundy County ihre Flinten und verteidigten
2244 4569 3175 4607 den Wald. Es war nichts dagegen zu machen. Der
2244 4603 3175 4641 Spekulant mußte einen Vertrag unterzeichnen, nicht
2243 4639 3174 4688 mehr Holz zu fällen, als für den Wald gut war. Das
2250 4674 3177 4715 war der erste erfolgreiche Streik in Grundy County.
2244 4708 3177 4758 Seither macht die Organisation Fortschritte. Sogar
2244 4745 3146 4794 die «WPA»–Leute, die für die Regierung Notstands¬
2244 4779 3158 4820 arbeiten ausführen und die Wege reparieren, die der
2244 4817 3177 4860 Grubengesellschaft gehören, haben sich organisiert. Sie
2244 4853 3178 4902 streikten, als es sich herausstellte, daß die ohnehin mini¬
2244 4890 3161 4934 malen Löhne, die sie als „Unterstützung“ bezogen, gegen
2244 4932 3178 4974 die Bergarbeiter ausgespielt wurden, um auch ihre
2244 4960 3179 5007 Löhne zu drücken. Und mit ihnen streikten die Berg¬
2260 4994 2394 5053 arbeiter.\:p\ [space]
2309 5026 3181 5093 \p\Myles weiß, daß der Streik beendet sein muß, be¬
2244 5072 3181 5118 vor es in den Cumberland–Bergen Winter wird.
2260 5115 3181 5155 Bittere Armut herrscht in den Hütten der Farmer, acht–
2244 5147 3181 5209 und zehnköpfige Familien haben im ganzen Jahr
2244 5186 3167 5226 nur fünfzig Dollar auszugeben. «Camp four», ein
2244 5217 3182 5264 Holzlager, wo früher Stämme, Balken und Bretter zu
2244 5262 3165 5296 riesigen Stapeln anwuchsen, Sägemaschinen ratterten,
2256 5293 3184 5334 liegt still. Ein mangeres Maultier stampft im Kreis
2244 5334 3185 5374 über knisterndes Zuckerrohr und dreht die primitive
2272 5362 3185 5409 Mühle, wo die arbeitslosen Holzfäller ihr Maisbrot
2244 5403 3158 5435 herstellen. Maisbrot, manchmal ein Happen Schweine¬
2266 5436 3185 5479 fett, das ist das Mindeste, was man zum Leben braucht.
2261 5473 3184 5514 Jetzt herrscht Not auch in den elenden Häusern der
2262 5508 3185 5550 Bergarbeiter. Myles fährt nach Palmer, um zu hören,
2262 5541 3185 5583 was die Grubenarbeiter vorzuschlagen haben. Er fährt
2262 5580 3187 5624 nach «Camp four» und redet mit den Lumberjacks, und
2244 5604 3187 5659 er fordert «WPA»–Männer und Grubenarbeiter auf,
2262 5652 3167 5692 in den Laden bei der Bahnstation zu kommen und mit
2244 5675 3187 5725 ihm zu besprechen, wie der Streik beendet werden
2244 5721 3187 5760 kann. Der Bahnhof liegt mitten im Wald, er besteht
2244 5756 3188 5804 aus einem langen Lagerschuppen und einer Laderampe,
2244 5788 3188 5841 wo ein paar Männer mit vom Frost geröteten Gesich¬
2272 5830 3191 5875 tern Bretter von einem Lastwagen in den Waggon
2244 5861 3190 5901 schaffen. Der Laden ist ein fensterloser Raum mit ver¬
2244 5894 3169 5940 gitterter Türe, durch die spätes Nachmittagslicht ein¬
2244 5931 3190 5980 dringt. Vor dem Laden überdeckt ein primitives Dach
2244 5974 3190 6013 die Benzinpumpe. Lastwagen halten, die Chauffeure, in
2244 6009 3191 6049 Ohrenmützen und Lederjacken, trinken im Laden eine
2244 6039 2992 6090 Flasche Coca Cola, bevor sie weiterfahren.\:p\ [Zeile ist fett markiert]
3245 4420 4096 4466 \p\Der «General store» ist der Ahne des «Drugstores»,
3241 4458 4096 4497 – an Stelle der sauberen weißen Theke wird ein
3191 4493 4099 4535 Ladentisch aus rohem Holz zum Biertrinken und Kar¬
3187 4526 4100 4571 tenspielen verwendet, Kaffee wird hinten in der Küche
3187 4565 4096 4607 des Besitzers gekocht, es gibt alles, was ein Siedler
3188 4602 4096 4647 im Hinterland braucht, von der Rasierseife bis zum
3188 4637 4108 4681 Kautabak, von den Konserven bis zum Schweinespeck,
3188 4674 4102 4713 von elektrischen Taschenlampen bis zu Wasserstiefeln.
3190 4711 4109 4751 Und rings um den eisernen Ofen in der Mitte des
3193 4746 4108 4788 Ladens versammeln sich abends die Farmerbuben, die
3199 4779 4106 4818 Lumberjacks, die Arbeiter, und reden über Politik und
3191 4817 4105 4863 Hochzeiten, über Streik und Löhne, über die Ernte und
3191 4852 3482 4910 über das Wetter.\:p\
3245 4896 4105 4942 \p\Als wir mit Myles den General store betraten,
3192 4934 4105 4970 waren schon ein paar Männer versammelt, sie schüttel¬
3192 4969 4105 5006 ten Myles die Hand, rückten ein paar leere Bierkisten
3199 5004 4106 5047 zum Ofen, und forderten uns zum Sitzen auf. Der
3193 5037 4113 5080 Ladenbesitzer holte ein Stück Käse und alte Maiskuchen
3193 5076 4108 5114 vom Gestell, seine Frau verschwand im Hinterzimmer,
3193 5113 4109 5146 um Kaffee aufzuwärmen. Drei Burschen, die an der
3193 5145 4112 5184 Theke saßen und Karten spielten, wandten sich zu
3199 5178 4113 5222 Myles. „Warte einen Augenblick", sagten sie, „wir
3194 5217 4113 5255 machen nur das Spiel fertig,“ – und schmetterten die
3193 5252 4104 5297 Karten auf den Ladentisch. Es war nicht nur die Geste,
3194 5285 4121 5332 die mir vertraut vorkam. Sie spielten mit wenigen
3195 5319 4121 5367 Karten, – ein Bündel mit ausgeschiedenen niedrigen
3195 5357 3973 5413 Nummern hatten sie sorgfältig beiseite gelegt.\:p\
3251 5403 4112 5447 \p\„Wie heißt das Spiel?" fragte ich, – mir dämmer¬
3197 5432 4111 5479 ten beim Knallen der Karten Erinnerungen, wie es
3197 5472 4122 5508 sonst durch lange vergessene Melodien und Gerüche zu
3198 5508 4121 5545 geschehen pflegt. – «Jass» sagte einer der Spieler, ohne
3198 5541 4096 5581 aufzusehen. „Aber das ist ein Schweizer Spiel!" –
3198 5577 4117 5624 «Sure», antworteten die Burschen, „wir haben es von
3199 5613 4113 5650 den Schweizern gelernt. Alle Leute hier in unserer
3208 5649 4122 5689 Gegend spielen Jaß." – Der Ladeninhaber mischte sich
3199 5686 4113 5727 in das Gespräch. „Mein Bruder hat ein Schweizer
3199 5719 4118 5769 girl geheiratet", sagte er, „ihre Leute heißen Hunziker
3199 5758 4121 5795 und haben eine Farm im Gruetli. Die Schweizer von
3199 5791 4113 5833 Gruetli haben die besten Farmen und die fettesten
3200 5827 4121 5883 Kälber und machen roten Wein. Sie verstehen sich aufs
3200 5862 3354 5907 Bauern."\:p\
3253 5887 4121 5942 \p\So erfuhr ich zum ersten Mal, daß zur Gemeinde
3201 5931 4121 5980 Grundy County – einer Gemeinde von Holzfällern,
3201 5972 4115 6014 Grubenarbeitern und Farmern – etwa 24 Schweizer
3203 6000 4123 6052 Landsleute gehören, zu den angelsächsischen Marlton
3203 6040 4128 6094 und Jones, die Zürcher Suter, die Luzerner Stocker, \fml\\:p\
211 4389 1127 4439 \fml\\p\die Aarberger Staempfli, die Bon, Luchsinger, Schild
202 4438 1116 4471 und Schießer. Die ersten Schweizer sind 1869 herüber¬
217 4466 1113 4508 gekommen und haben ihre Siedlung „Gruetli“ getauft,
217 4502 1113 4546 die letzten kamen kurz vor dem Weltkrieg – viele Fa¬
211 4534 1127 4572 milien sind seither ausgestorben oder wieder abge¬
208 4570 1127 4613 wandert, die, welche blieben, haben dem kargen Boden
211 4607 1113 4651 von Tennessee mehr Wohlstand abgerungen als die
211 4643 1122 4683 alten angelsächsischen Siedler. „Und sie haben das
217 4678 1119 4715 beste Kartenspiel erfunden" sagte mir Myles – „wir
217 4705 1127 4750 haben es während des Streiks ausprobiert. Nichts ist
217 4747 1127 4805 besser, um die Zeit hinzubringen und die Moral zu
213 4780 705 4838 stärken, als ein richtiger Jaß."\:p\
261 4805 1128 4854 \p\Als wir endlich den General store verließen, war
213 4852 1128 4894 es draußen dunkel, Nebel hing zwischen den Fichten,
213 4889 1127 4921 es war bitter kalt. Wir nahmen vier Männer in un¬
213 4920 1127 4964 serem Wagen mit, – Männer in Lederwesten und
217 4951 1110 4997 dünnen Baumwollhosen, mit ernsten, hageren Gesich¬
217 4993 1127 5034 tern, die schweigsam an ihren Pfeifen sogen. „Wir
213 5023 1127 5071 fahren zuerst in die Schule zurück," schlug Myles vor,
217 5059 1127 5107 „dort gibt es für alle etwas Warmes zu essen. Dann
217 5096 1127 5139 telephoniere ich nach Palmer, und wenn der Boß von
217 5133 1127 5174 der Grubengesellschaft herüberkommt und bereit ist,
211 5165 1127 5233 die Sache mit uns zu besprechen, dann wissen wir,
208 5200 793 5246 was wir ihm vorschlagen wollen."\:p\
265 5232 1110 5276 \p\Die Männer waren einverstanden. Nur einer be¬
217 5270 1127 5311 stand darauf, daß er nach Hause wollte, seine Frau
213 5309 1127 5352 warte auf ihn. Er schien älter als die anderen. Sein
211 5345 1127 5386 gelbes Gesicht war mit grauen Bartstoppeln bedeckt,
213 5379 1127 5438 graues Haar wuchs ihm lang in den Nacken. „Sag
213 5418 1107 5456 deiner Frau, daß der Streik bald fertig sein wird,"
213 5450 1127 5496 sagte Myles zu ihm, als wir am Rand der Straße
217 5486 1113 5525 hielten, „– und wenn sie etwas braucht, Milch oder
217 5517 1127 5561 Gemüse für die Kinder, soll sie in die Schule herüber¬
217 5553 1127 5594 kommen." – Die Hütte des alten Mannes lag einige
213 5588 1113 5627 Schritte von der Straße entfernt, im Gebüsch. Die
213 5624 1110 5667 Türe wurde geöffnet, im schwach erleuchteten Türrah¬
213 5663 1104 5695 men stand die Frau. Der Mann ging dem ausgetre¬
217 5694 1127 5736 tenen Pfad entlang auf sie zu. Die Türe schloß sich.\:p\
265 5731 1099 5773 \p\„Er hat unter dem Streik gelitten," sagte Myles, –
213 5759 1127 5809 „er ist nicht so alt, wie er aussieht. Er hat fünf Kin¬
217 5796 1127 5840 der, die er nicht zur Schule schicken kann, weil sie
216 5827 573 5875 keine Kleider haben.“\:p\
265 5861 1127 5909 \p\„Weiß Gott, wir streiken nicht zum Spaß," sagte
213 5900 1127 5959 einer der Männer, – „aber während eines Streiks
213 5940 840 5986 zeigt es sich, was ein Mann wert ist."\:p\
261 5980 1128 6020 \p\„Er hat die Frau, und die Kinder, und kein Essen
213 6010 1127 6071 im Haus. Wahrscheinlich macht ihm die Frau die
1133 4396 2073 4450 Hölle heiß, – und er hat trotzdem durchgehalten“, sagte
1157 4432 1271 4477 Myles.\:p\
1199 4443 2073 4502 \p\Wir bogen durch das Holzgatter zur Hochländer–
1155 4501 2051 4543 Schule ein. Einer hinter dem andern betraten die
1133 4529 2073 4581 Männer das Haus. Aus dem Wohnraum schlug uns
1133 4580 2006 4634 die Wärme eines mächtigen Kaminfeuers entgegen.\:p\
