3899 5669
2258 1884 2834 2031 Graubünden
1658 2021 3544 2166 \p\\g\In Chur umsteigen\:g\. Von Chur kennt der
1555 2124 3559 2263 Fremde den Bahnhof, das Bahnhofrestaurant, den
1555 2251 3559 2355 Bahnhofplatz und vielleicht das erste Hotel am
1555 2350 3537 2495 Platz, den Steinbock. Das ist nicht viel, und der
1555 2473 3537 2595 Fremde behauptet deshalb zu Recht, Chur sei ein
1555 2567 3537 2687 unbewohnbares und trauriges Loch. Er weiß nicht,
1555 2677 3537 2797 daß der Feinschmecker im „Sternen“ zu Mittag ißt,
1568 2789 3547 2931 er selbst zieht der Einfachheit halber das Bahnhof¬
1573 2899 3539 3031 büfett vor, und das ist auch zu loben. Früher war
1555 3008 3549 3123 der Bischof ein mächtiger Herr, aber jetzt ist es
1555 3093 3547 3233 damit vorbei, seit 1524 ist ihm die weltliche Gewalt
1578 3213 3537 3355 genommen. Still bewohnt er sein weißes, reines Ba¬
1560 3327 3557 3445 rockschloß auf dem bischöflichen Hof, wo ganz zu
1573 3432 3539 3574 Beginn ein römisches Kastell stand. Die andere Seite
1555 3547 3527 3666 des Platzes beherrscht, ehrwürdiger und gewichtiger,
1555 3659 3522 3791 der romanische Dom. Er wurde im 12. Jahrhun¬
1568 3759 3537 3916 dert gebaut, sein Langhaus steht ein wenig schief
1555 3876 3537 3995 zum Chor, man mußte wohl den Felsen ausweichen.
1568 3986 3547 4078 Alte Grabsteine sind in die Wände und in den Boden
1555 4088 3527 4230 eingefügt, man schreitet ehrfürchtig über sie hin¬
1573 4197 3527 4310 weg. Auch Georg Jenatsch, der unchristliche Pa-
1555 4300 3547 4412 triot, ist hier begraben worden. Ein Turm, ein
1568 4419 3537 4546 Wächter des Mittelalters mit dem wohltönenden
1555 4519 3537 4636 Namen Marsöl, steht neben den frommen Häusern
1555 4621 3547 4781 der Chorherren und begrenzt wuchtig den Platz.\:p\\fml\
284 652 2258 790 \p\\fml\Aber am merkwürdigsten ist doch der friedfertige
291 771 2248 904 Kontrast der hellen Barockfassade und des ergrauten
296 879 2258 976 Doms, der im Lauf der Jahrhunderte beinahe
296 993 1586 1121 wieder zum Felsen geworden ist.\:p\
380 1082 2248 1218 \p\Noch mehr könnte man an Sehenswertem finden.
294 1200 2258 1314 Im Rathaus etwa die berühmte Bürgerratsstube,
284 1304 2238 1445 reich getäfelt und mit drei alten Kachelöfen behag¬
291 1415 2255 1556 lich ausgestattet. Das Regierungsgebäude — das
284 1522 2258 1652 sogenannte „graue Haus" – und die Kantonsbiblio¬
284 1635 2260 1741 thek haben trockene Titel und sind doch in schönem,
284 1736 2258 1872 herrschaftlichem Rokokostil erbaut. Die Reichsgasse
291 1838 2255 1974 dagegen ist so mittelalterlich wie ihr Name, links
296 1951 2258 2072 und rechts reihen sich die Patrizierhäuser und die
284 2053 2270 2169 Stadthäuser des Adels, mit einfachen Fassaden und
284 2161 2258 2287 in Stein gehauenen Wappen über den soliden Toren.
296 2277 2248 2384 Eine kleine Freude ist der St. Martinsbrunnen, aber
299 2386 2267 2507 die spätgotische Kirche, die dazu gehört, ist viel
296 2492 2260 2613 wichtiger. Das \g\rätische Museum\:g\ ist im alten
296 2594 2270 2705 Privathaus der Familie \g\Buol\:g\ untergebracht. Dort
301 2702 2263 2818 finden sich Waffen und Fahnen, Möbelstücke, Ge¬
284 2818 2272 2942 mälde, Trachten, allerlei Hausgerät, die älteste
296 2920 2260 3065 Druckerei des Landes und die kleinen bunten En¬
296 3023 2270 3171 gadiner Schlitten — ferner eine beachtenswerte
291 3144 2272 3248 Sammlung von Ausgrabungen aus römischer und
296 3246 2272 3386 vorrömischer Zeit — darunter große Steine mit
301 3357 2263 3495 unentzifferten Inschriften in etruskischen Buch¬
284 3460 2270 3596 staben. Man könnte in diesem Museum viel Zeit
301 3567 2275 3717 hinbringen, aber glücklicherweise sind die schwei¬
284 3670 2270 3838 zerischen Fahrpläne genau und sorgfältig berechnet,\:p\\fml\
1656 1557 3643 1700 \p\\fml\man hat in Chur genau soviel Aufenthalt, als ein
1668 1663 3284 1809 gutes Mittagessen füglich erfordern darf.\:p\
1752 1767 3628 1913 \p\\g\Menschen wohnen in Tälern:\:g\ Das sei be¬
1656 1891 3630 2024 drückend, behauptet man, Ausländer, Bewohner der
1663 1984 3615 2135 Ebene können es nicht ertragen, Albträume von aus¬
1668 2108 3630 2219 gesuchter Schrecklichkeit befallen sie, die Armen
1676 2207 3628 2338 glauben, daß die Felsen von allen Seiten auf sie
1663 2323 3628 2451 niederstürzen. Graubünden besteht nur aus Bergen
1663 2424 3615 2573 und Tälern, aus einhundertfünfzig Tälern, Paß¬
1668 2533 3618 2666 straßen verbinden sie, das ist eine spärliche Ver¬
1656 2642 3633 2741 bindung, die Leute wohnen abgeschnitten von aller
1668 2741 3618 2857 Welt in ihren Dörfern, links und rechts türmen sich
1668 2852 3630 2966 die Wände, die Weiden sind steile Halden, gebückt
1666 2973 3623 3092 geht der Mensch seiner Arbeit nach, nirgends kann
1656 3067 3633 3213 er frei ausschreiten oder ungehindert in die Ferne
1653 3171 1970 3297 blicken.\:p\
1740 3277 3628 3398 \p\Aber das Vorderrheintal ist ein vielseitiger und
1661 3403 3625 3514 fruchtbarer Landstrich, eng und abgeschieden wird
1656 3492 3630 3635 es erst hinter dem Kloster Disentis, wenn man bis
1653 3596 3633 3744 in das Tavetsch und zu dem neuerdings besonders
1668 3717 3630 3848 von Skifahrern viel aufgesuchten Dörfchen \g\Sedrun\:g\
1656 3825 3633 3934 vordringen will. Mit der Autopost fährt man von
1673 3929 3269 4073 Ilanz aus nach dem hochgelegenen \g\Flims\:g\.\:p\
1740 4038 3628 4157 \p\Manchmal fragt man sich, wie die Menschen wohl
1653 4142 3628 4283 bis in solche Abgelegenheit vorgedrungen sind, was
1656 4255 3618 4382 sie, in Zeiten, wo Land noch im Überfluß vorhanden
1668 4382 3623 4483 war, dazu getrieben hat. Aber Täler reizen dazu,
1663 4470 3628 4582 ihnen zu folgen und das „Ende" zu finden, man hat
1661 4572 3625 4730 gern ein Ziel vor sich, das mag mitgespielt haben.\:p\\fml\
320 634 2299 773 \p\\fml\Breit und fruchtbar ist auch das burgenreiche \g\Dom¬
327 748 2309 882 leschg\:g\ oder etwa das \g\Prättigau\:g\. \g\Klosters\:g\ liegt
320 855 2302 991 keineswegs vermauert, die Hügel steigen sanft und
315 956 2294 1093 allmählich an und sind im Winter ein vortreff¬
320 1075 2312 1182 liches Skigelände. Die berühmteste Tour, auch vom
325 1187 1311 1318 Tiefland aus jeden Sonn¬
327 1296 1323 1420 tag erneut unternommen,
320 1402 1335 1499 ist die \g\Parsenn\:g\ mit
317 1501 1333 1635 der Abfahrt nach Küblis.
320 1615 1335 1729 Neuestens ist auch die
317 1714 1311 1863 \g\Parsennbahn\:g\ fertigge¬
327 1836 1311 1960 stellt worden und macht der
332 1937 1311 2066 Corvigliabahn in St. Mo¬
305 2049 1335 2180 ritz Konkurrenz. Klosters
327 2150 1338 2289 selbst trägt seinen Namen
320 2269 1323 2403 eines alten Prämonstraten¬
325 2371 1335 2517 serklosters wegen, welches
320 2505 2299 2619 zur Reformationszeit aufgehoben wurde. Touren ins
315 2584 2284 2738 Silvrettagebiet nehmen am besten hier ihren Anfang.\:p\
404 2693 2297 2832 \p\\g\Davos\:g\ wirkt beinahe städtisch und besitzt alle
332 2805 2299 2928 Vorzüge eines vielbesuchten Fremdenortes. Die
325 2904 2297 3050 \g\Schatzalp\:g\ hat einen altbewährten Namen, eine
325 3023 2294 3137 Bahn führt hinauf, eine Bobbahn wird im Winter
305 3127 2287 3283 zwischen Schatzalp und Davos-Platz angelegt, zwi-
307 3243 2299 3350 schen „Dorf“ und „Platz“ erleichtert ein Autobus
320 3345 2292 3473 den Verkehr. Das schon genannte Skigebiet der
307 3464 2292 3602 Parsenn ist ebenso berühmt wie die Bolgen-Sprung¬
315 3570 2294 3704 schanze, im Sommer gibt es ein Strandbad, und
305 3679 2225 3833 Davos besitzt — es sei als Kuriosum erwähnt –\:p\\fml\
2323 2340 2365 2374 \f\Bündner Bauer, Zeichnung von Hans Tomamichl\:f\
1546 2366 2059 2497 \fp\Bündner Bauer\:fp\
1633 1554 3621 1710 \p\\fml\verhältnismäßig mehr private Pferdefuhrwerke als
1643 1683 3579 1832 irgendein Ort der Schweiz. Das „Fridericianum"
1633 1787 3604 1928 ist ein Schulsanatorium mit vollständigem deutschem
1651 1901 3609 2038 Gymnasium und Abiturrecht, in den letzten Jahren
1633 2003 3478 2152 sind Ferien-Hochschulkurse eingeführt worden.\:p\
1728 2114 3592 2266 \p\Aber alle diese Unternehmungen verdanken ihr
1638 2226 3597 2362 Daseinsrecht den Kranken, man erinnert sich an
1638 2333 3594 2456 eine Reihe berühmter Namen bis zu Christian Mor¬
1643 2434 3604 2561 genstern, die alle auf die gleiche traurige Weise mit
1643 2543 3612 2687 Davos verknüpft sind — auch Klabund liegt auf
1633 2662 3592 2806 dem neuen Friedhof, etwas außerhalb des Ortes, be¬
1633 2756 3609 2888 graben —, und Thomas Manns Zauberberg hat dem
1643 2870 3592 2999 Begriff „Sanatorium Europas" vollends eine klas¬
1633 2974 3604 3096 sische und doch umstrittene Prägung verliehen. Hier
1633 3079 3604 3232 lebt, denkt, schläft man anders, die gewöhnlichen
1633 3195 3592 3304 Auffassungen verblassen und unterliegen der stär¬
1633 3302 3604 3438 keren Suggestion. Es gibt, trotz allem, noch ein an¬
1633 3416 3592 3552 deres Davos — das Davos der Skifahrer und Berg¬
1633 3515 3592 3651 steiger, der Eishockeymannschaften und Sportbeflis¬
1633 3629 3604 3735 senen aller Art — und endlich, das alte Davos der
1638 3740 3621 3854 freien Walser, das Bündner Hochgericht mit dem
1629 3842 3609 3988 noch immer sehr stattlichen Rathaus und dem spitzen
1631 3934 2469 4068 Turm von St. Johann.\:p\
1735 4070 3609 4192 \p\Die freie hochgerichtliche Herrlichkeit dauerte bis
1656 4159 3631 4293 1848 — zwanzig Jahre später wurde sie durch den
1633 4276 3604 4402 neuen Ruhm ersetzt, als der deutsche Arzt Spengler
1638 4382 3621 4514 das Kurhaus gründete — und seither ist die Zahl
1633 4477 3495 4615 der Bewohner rund um das Sechsfache gestiegen.\:p\
1735 4586 3621 4764 \p\Die freien und deutschsprechenden Walser sind\:p\\fml\
377 660 2322 771 \p\\fml\bekanntermaßen ein Problem der mittelalterlichen
385 750 2317 871 Geschichtsforschung [vgl. dazu schwarzenbachs Dissertation]. Sie sitzen in Graubünden in
380 857 2312 966 hochgelegenen Tälern, besaßen von alters her be¬
380 964 2302 1071 sondere Freiheiten und weckten vielfach in der alten
385 1064 2317 1207 romanischen Bevölkerung den Wunsch, ähnliche
385 1180 2322 1314 Freiheiten zu gewinnen — wodurch sie anspornend
365 1285 2314 1412 auf die bündnerische Freiheitsbewegung im späten
380 1387 1455 1528 Mittelalter eingewirkt haben.\:p\
462 1487 2314 1623 \p\Professor Karl Meyer von der Universität Zürich
380 1589 2312 1711 hat nachgewiesen, daß einige der frühesten Walser
380 1699 2314 1840 Siedler aus dem italienischen Pomat stammten und
385 1818 2317 1942 von dort durch das Misox und über den Bernhardin
367 1910 2314 2030 in das Hinterrheintal gekommen sind. Das \g\Misox\:g\
380 2018 2312 2154 ist romantisch gelegen, eine Öffnung nach Süden,
380 2125 2314 2268 durch die gewaltige Talsperre, die Burg der Herren
385 2232 2310 2344 von Sax-Misox, bewacht. Schweizer Studenten haben,
385 2339 2310 2465 in freiwilligen Arbeitskolonien organisiert, die Burg
380 2441 2324 2594 ganz freigelegt und teilweise gesichert. Sie ist eine
385 2555 2297 2682 der schönsten und bedeutendsten Burgen Graubün¬
385 2643 2310 2772 dens, auf einem Felsblock über der Moèsa erbaut.
380 2862 2314 3001 von Sax-Misox — haben die Burg samt der Herrschaft
397 2762 2310 2901 Die wahrscheinlichen Gründer – eben jene Herren
380 2972 2312 3096 über die Mesolcina an die Mailänder Familie der Tri¬
392 3091 2312 3203 vulzio verkauft, aber die Bündner ließen sie im Jahre
397 3186 2317 3300 1526 schleifen, damit sie nicht einem Angreifer als
380 3283 2312 3427 fester Stützpunkt diene. Heute ist das Dörfchen \g\San
380 3388 2290 3524 Bernardino\:g\, auf der obersten Talstufe, als Luftkur¬
367 3505 2302 3621 ort und seiner Schönheit wegen berühmt geworden.
367 3609 2324 3780 Es war ein bevorzugtes Refugium Heinrich Federers.\:p\
1811 1521 3746 1680 \p\Es gibt enge, schluchtenreiche Täler, dunkel be¬
1746 1642 3753 1776 waldet wie der unterste Teil des Engadins und
1728 1743 3743 1887 schwermütig-düster wie das Val Sinestra. Aber wei¬
1741 1864 3746 1968 ter oben werden fast alle Täler flach und sozusagen
1738 1965 3756 2119 den Gipfeln ebenbürtig, die schroffen Gegensätze
1746 2086 3736 2190 verschwinden. Die obersten Talstufen haben ein be¬
1730 2222 3748 2331 freites und großartiges Wesen an sich, sie laufen
1728 2306 3743 2444 aus und verlieren sich irgendwo in einem Trümmer¬
1728 2412 3519 2533 feld, oder sie führen in andere Täler hinüber.\:p\
1824 2520 3753 2639 \p\So etwa ist das \g\Aversertal\:g\, es ist auch sehr
1715 2631 3731 2775 hoch gelegen, auf dem Kirchhügel von \g\Avers-
1741 2734 3746 2883 Cresta\:g\ wachsen Edelweiß wie an anderen Orten die
1746 2848 3736 2982 Gänseblümchen. Aber sie sind natürlich verändert,
1728 2964 3743 3093 sie sind dünner, zarter und gefälliger, weit entfernt
1746 3072 3741 3236 von den filzig-wetterfesten Exemplaren im Fels¬
1733 3204 2036 3322 gestein.\:p\
1811 3289 3738 3418 \p\Zuhinterst im Tal liegt auf der eindrucksvollen
1728 3408 3736 3521 Höhe von 2133 Metern das Dörfchen \g\Juf\:g\. Früher
1733 3521 3748 3658 besaß es den Vorzug, das höchste ständig bewohnte
1730 3620 3741 3753 Dorf Europas zu sein, heute ist es Sommersiedlung,
1728 3746 3743 3864 von hier aus geht man über die Forcellina und den
1730 3849 2946 3978 Lunghin nach Maloja hinunter.\:p\
1816 3955 3736 4094 \p\Kurz vor Juf, an der Abzweigung des Val Bre¬
1723 4069 3726 4202 galga, steht das alte Podestathaus, bescheiden, ehr¬
1728 4180 3622 4319 würdig und standhaft, wie ein verlorener Posten.\:p\
1811 4291 3728 4437 \p\\g\Burgen im Domleschg\:g\. Ein älterer Herr
1715 4409 3728 4548 fuhr mit einem jüngeren von Chur ins Engadin
1720 4538 3741 4649 und erklärte ihm allen Ernstes die Aussicht. Der
1715 4624 3743 4795 Jüngere war vermutlich sein Neffe, er hörte zu und\:p\\fml\
309 604 2261 736 \p\\fml\gab sich Mühe. Als Schloß Ortenstein auftauchte,
302 729 2264 864 sagte der Onkel, dies sei Hohenrätien, die Juvalt¬
314 832 2254 960 ruinen seien Niederrätien, das seien einfach zwei
314 940 2264 1065 Grafschaften, und die Planta seien seit Cäsars Zeiten
309 1046 2254 1159 als Raubgrafen hier gesessen. Später sah man die
302 1159 2266 1272 zerfallenen Türme von Canova und Paspels, und
322 1259 2254 1387 der Onkel erzählte angeregt, und immer allen Ern¬
322 1375 2254 1483 stes, diese Schlösser hätten die Türken gebaut, unter
314 1478 2266 1620 Chingis Chan seien sie von Venedig her über die
314 1593 2266 1699 Alpen gedrungen, der tapfere Jürg Jenatsch, ein
322 1691 2266 1827 Priester im Dienste des Prinzen Eugen, habe sie
309 1797 2249 1925 bekämpft und dabei das bündnerische Banner ster¬
302 1905 2254 2055 bend verschluckt. Es war greulich mitanzuhören,
302 2013 2266 2121 aber andere halten die Burgen für ausgebrannte
327 2131 2276 2264 Bergkapellen und Pferdeställe, sie fragen, ob dieses
314 2234 2266 2369 abwegige Land überhaupt eine Geschichte aufweisen
314 2327 2264 2482 könne, bevor die segensreiche Fremdenindustrie er¬
314 2440 2254 2578 funden worden sei. Jawohl, das fragte man mich,
302 2553 2264 2698 angesichts der Burg Rhäzüns überdies, allen Ernstes.\:p\
415 2659 2266 2791 \p\Ob diese Leute wissen, daß ein Land bereichert
314 2762 2276 2872 und höchlichst interessant wird, wenn man etwas
324 2865 2266 2990 über seine Geschichte erfährt! Aber im \g\Dom¬
322 2971 2273 3101 leschg\:g\ drängt sich die Geschichte ja förmlich auf,
314 3088 2264 3206 die Talschaft ist schön, mild und anregend zugleich,
314 3192 2266 3331 und die Burgen kann man ebensowenig daraus weg¬
322 3292 2273 3422 denken wie etwa aus der klassischen Strecke im
314 3405 2288 3538 Rheinland. Aber Türken gab es hier keine, und
314 3520 2266 3651 die Familie Planta, Bergwerksbesitzer, reiche Bauern,
314 3621 2278 3766 Inhaber bischöflicher Beamtungen, alles, nur keine\:p\\fml\
1645 1550 3635 1662 \p\\fml\Raubritter, gehören eigentlich ins Engadin. Die
1645 1660 3630 1778 Burgen im Domleschg — man sehe sich einmal
1645 1755 3630 1895 das „Burgenbuch" von Erwin Poeschel an — sind
1642 1872 3618 2005 größtenteils von Churer Bischöfen erbaut worden,
1638 1980 3615 2118 sie gingen aus Meierhöfen hervor, waren Verwal¬
1630 2085 3630 2238 tungssitze und Zollstationen. Die Herren machten
1638 2200 3615 2328 sich selbständig, sobald die Unsicherheit der Zeiten
1635 2310 3628 2445 und die Schwäche eines Bischofs es erlaubten, ihre
1638 2420 3628 2542 Rechte waren usurpierte Lehen, und die von Vaz
1632 2535 3622 2668 oder etwa die von Rhäzüns sind dann große Namen
1632 2638 3635 2758 von erstem Rang und Ansehen geworden. Viele
1632 2740 3618 2888 Burgen sind seither zerstört worden, aber Rhäzüns,
1630 2845 3618 2992 Ortenstein, Rietberg, Tagstein, um die berühmtesten
1625 2960 3625 3105 zu nennen, sind auch heute bewohnt und stilvoll
1620 3070 2100 3208 eingerichtet.\:p\
1715 3178 3620 3322 \p\\g\Arosa\:g\. Man braucht nicht in Arosa gewesen zu
1622 3298 3615 3420 sein, um genau über seine Vorzüge Bescheid zu
1635 3398 3610 3542 wissen — daß es nämlich die schönsten Skifelder,
1615 3502 3625 3648 die schattigsten Waldspaziergänge, das hübscheste
1622 3605 3615 3740 Kirchlein, die blauesten Seen und die heilsamste
1610 3720 3608 3850 Sonne besitzt — man bekommt das durch die Pla¬
1610 3842 3610 3990 kate in den Wartesälen der schweizerischen Bundes¬
1615 3942 3608 4098 bahnen fortwährend und eindringlich vor Augen ge¬
1608 4075 3608 4198 führt. Es steht jedenfalls fest, daß die besten,
1622 4158 3610 4312 schlagkräftigsten und buntesten Plakate der Schweiz
1628 4285 3605 4412 für Arosa gemalt werden[vgl. https://plakatarchiv.com/kantone/GR_Arosa_1915-1940/documents/doc1/pdf/full.pdf]. Keine Postkarte ist ferner
1615 4382 3608 4505 so verbreitet wie die Ansicht des Kirchleins von
1615 4490 3618 4615 Innerarosa. Ein Lob für die Reklamekunst, der
1615 4600 3605 4770 aber — es soll gleich gesagt sein — die Tatsachen\:p\\fml\
404 571 2379 682 \p\\fml\vollkommen gerecht werden. Man erreicht Arosa
409 690 2364 815 sehr angenehm von Chur aus mit der Chur—Arosa¬
404 795 2371 909 bahn. Ein einfallsreicher Autofahrer hat es diesen
428 894 2374 1051 Winter auch fertig gebracht, in seinem Wagen mit
416 1017 2364 1157 Hilfe der Bobbahn bis Arosa zu gelangen. Der
416 1118 2359 1236 Wagen, behauptet er, sei dabei nicht einmal ernst¬
404 1226 2371 1347 lich zu Schaden gekommen. In Arosa eingetroffen,
392 1327 2364 1463 befindet man sich zuerst im runden Kessel des Ober¬
404 1438 2371 1559 sees. Der Untersee ist nur im Sommer wegen seines
409 1544 2352 1672 Strandbades wichtig. Ein Autobus fährt vom Ober¬
416 1660 2371 1800 see die lange, gewundene Dorfstraße hinauf bis zum
404 1768 2359 1879 Kulmhotel. Im Kulm und im noch etwas höher
404 1881 2374 2000 gelegenen Tschuggen wohnt man am besten und
409 1975 2369 2118 am teuersten. Wer gern allein Ski läuft, sollte im
404 2083 2364 2226 Hotel Prätschli, auf der jenseitigen Anhöhe des Tal¬
409 2192 2376 2325 kessels, wohnen. Das mondäne Leben Arosas verteilt
404 2305 2364 2421 sich und hat keinen rechten Mittelpunkt, der Kur¬
409 2401 2369 2514 saal zieht am meisten Leute an. Arosa hat sein klas¬
409 2517 2376 2657 sisches Skigebiet, die Hörnliabfahrt — die einem
409 2632 2369 2756 glattgetretenen Parkettboden genau so ähnlich sieht
404 2726 2364 2886 wie die Übungsfelder von St. Moritz und Pontre¬
404 2839 2371 2972 sina —, die Auswahl an großen und kleineren Touren
404 2948 2364 3088 ist beinahe so groß wie im zu Recht berühmten Ski¬
409 3051 2369 3191 gebiet der \g\Lenzerheide\:g\, die Schneeverhältnisse
409 3157 2364 3283 sind zuverlässig und die Sonne Winters und Som-
404 3283 1288 3411 mers gleich angenehm.\:p\
488 3371 2374 3529 \p\Die kleinen braunen Häuser von Innerarosa sind
409 3482 2364 3625 weit hinauf über den Hang verstreut und erleichtern
404 3603 2379 3721 dem Skifahrer den Anstieg, weil sie die Strecke\:p\\fml\
1538 1510 3529 1658 \p\\fml\übersichtlich und anspornend zerlegen. Im Frühling
1543 1630 3527 1755 verwandeln sich die Hänge plötzlich in wahre Blu¬
1530 1747 3527 1879 menteppiche, und dieser Vorgang hat in der kargen
1543 1862 3522 1994 und ernsten Landschaft etwas unglaubwürdig Mär¬
1540 1959 1977 2099 chenhaftes.\:p\
1633 2049 3507 2188 \p\Arosa befindet sich, wie man sagt, in der auf¬
1543 2166 3527 2308 steigenden Linie. In diesem Winter hat sich die
1543 2276 3527 2425 belgische Königsfamilie leutselig und inoffiziell in
1538 2398 3519 2517 der Konditorei Simmen gezeigt, und eines der Ser¬
1538 2507 3517 2637 viermädchen versicherte mir nachher, daß die Kö¬
1538 2617 3519 2752 nigin bei ihr den ersten Cocktail ihres Lebens ge-
1543 2719 3527 2859 trunken habe. Wenige Wochen später setzte Max
1555 2834 3390 2949 Reinhardt die Reihe der berühmten Gäste fort.\:p\
1618 2944 3519 3078 \p\Besonders die Deutschen bevorzugen heute Arosa,
1548 3046 3519 3175 wie die Engländer oder Holländer die Lenzerheide,
1543 3160 3527 3275 und wie vor ganz kurzer Zeit jedermann St. Moritz
1538 3263 3519 3410 bevorzugte. Niemand wird im Ernst behaupten,
1538 3365 3529 3517 daß die Wälder auf der Lenzerheide oder die Sonne
1538 3490 3529 3612 im Engadin die Konkurrenz mit Arosa nicht be¬
1530 3592 3527 3704 stehen. Aber man kann über die tatsächliche aktuelle
1538 3704 3537 3843 Berühmtheit von Arosa ebensowenig diskutieren wie
1548 3816 2458 3941 über jede andere Mode.\:p\
1620 3906 3519 4038 \p\\g\Engadin\:g\. Es ist tröstlich, daß man die schon
1528 4028 3527 4148 zuviel gerühmte, bis zum Überdruß mißverstandene
1538 4153 3529 4265 und auf die Probe gestellte Schönheit des Engadins
1525 4245 3519 4359 durch einen großen Namen legitimieren darf, durch
1538 4357 3519 4489 Friedrich \g\Nietzsche\:g\ nämlich, womit der Ver¬
1528 4464 3514 4581 dacht, es handle sich um eine Modesache, um ge¬
1525 4576 3519 4716 machtes Ansehen und forcierte Übertriebenheit, hin¬\:p\\fml\
302 627 2262 773 \p\\fml\länglich abgewiesen ist. Nietzsche kam seiner Krank-
300 746 2272 884 heit wegen hinauf, er konnte den Wind nicht er¬
315 857 2284 1003 tragen, Rapallo hatte er vergeblich versucht, aber
315 956 1073 1095 Sils-Maria liebte er.\:p\
404 1070 2279 1187 \p\Damit ist schon etwas über den Charakter dieser
307 1174 2279 1288 Landschaft ausgesagt, daß sie nämlich dem Süden
315 1281 2284 1412 verschwistert ist und daß darin ihre Besonderheit,
307 1392 1982 1504 ihre besondere Schönheit, ihren Grund hat.\:p\
409 1501 2269 1643 \p\Venedig [Schwarzenbach war zur Zeit der Verfassung innerhalb kurzer Zeit 1930 und 1931 in Venedig gewesen, vgl. Venedigreisen] und Sils, eine weithergeholte Zusammen¬
297 1610 2279 1749 stellung, ganz willkürlich und ohne Berechtigung:
302 1722 2294 1851 Aber wer beides kennt, und dazu Nietzsche [Nietzsche besuchte Venedig insgesamt fünf Mal und widmete ihm das gleichnamige Gedicht] und
315 1823 2294 1965 etwas von der sogenannten deutschen Sehnsucht, der
327 1932 2282 2076 wird sie nicht mehr völlig abstreiten wollen. Das
307 2046 2279 2155 Engadin liegt auf 1800 Meter Höhe, das ist aber
320 2148 2267 2292 weniger entscheidend als seine deutliche Hinwen¬
315 2264 2282 2376 dung zum Süden, es liegt doch schon jenseits der
320 2373 2274 2490 höchsten Erhebungen und öffnet sich mit sichtlicher
320 2470 2279 2611 Bereitwilligkeit gegen die italienischen Landschaften.
307 2584 2287 2693 Ja, gerade die Verbindung von südlichem Licht und
302 2696 2272 2819 nordischer Herbheit gibt ihm jenen schwer zu fas¬
302 2795 2282 2946 senden und einzigartigen Reiz. Man spricht gern
320 2914 2279 3035 vom Engadiner Himmel, von seiner überraschenden
320 3013 2279 3129 und tiefen Bläue, das ist ein südliches Blau, man
315 3129 2282 3231 kennt es von den Küsten des Mittelmeers, von den
320 3238 2287 3374 Bergen hinter Genua oder Neapel. Südlich sind auch
307 3332 2274 3481 die Weiden, mit nackten, herben und glatten Um¬
297 3451 2284 3585 rissen, zu deutlich, zu klar und silhouettenhaft, zu
302 3560 2284 3699 formal gewissermaßen, um nordisch zu sein. Nir¬
302 3669 2272 3818 gends tritt dieselbe verwunderliche Mischung ver¬\:p\\fml\
1617 1708 3525 1839 \p\\fml\schiedener Elemente deutlicher zutage als in der ro¬
1609 1832 3525 1954 manischen Sprache der Bevölkerung. Die Gelehrten
1617 1914 3521 2069 sind sich noch nicht darüber schlüssig, ob die Ur¬
1609 2024 3420 2134 bevölkerung — oder jedenfalls die vorrömische –
1617 2124 3509 2244 mit den Etruskern in irgendeinen sicheren Zusam¬
1607 2249 3523 2369 menhang zu bringen sei. Aber die Sprache dieses
1621 2338 3501 2462 Volkes hat sich jedenfalls mit dem Lateinischen ver¬
1609 2448 3523 2563 mischt, und die heutigen romanischen Dialekte
1607 2546 3513 2666 klingen ungleich herber und gewichtiger als das
1609 2656 3523 2776 Italienische, ohne doch an Musikalität und Reichtum
1617 2761 3525 2872 der Vokale eingebüßt zu haben. Jedes Volk paßt
1609 2874 3511 2970 sich notwendig seinem Boden an; von einer so aus¬
1617 2994 3501 3090 gesprochenen und zugleich abgeschiedenen Land¬
1614 3094 3513 3209 schaft wie dem Engadin gilt das in besonderem
1609 3169 3509 3319 Maße, die Leute leben, einem natürlichen Gesetz
1609 3279 3501 3410 unterworfen, in Übereinstimmung mit der Erde, sie
1597 3389 3511 3513 haben ihren Hof, ihren Nachbarn, ihren täglichen
1609 3497 3511 3631 Kampf mit der Natur, damit ist es genug. Aber
1605 3609 3509 3734 diese Bauern verraten gleich ihren romanischen Ein¬
1597 3707 3501 3815 schlag, die Frauen sind dunkelhaarig und reizvoll wie
1609 3813 3492 3964 Italienerinnen, aber herber, ernster und unverständ¬
1595 3909 1851 4040 licher.\:p\
1693 3988 3513 4139 \p\Man sagt, ein wenig vorschnell, das Engadin sei
1593 4112 3501 4237 das schönste Hochtal der Welt. Solche Urteile sind
1590 4251 3509 4352 nun einmal anfechtbar und können keine allgemeine
1597 4352 3490 4452 Gültigkeit fordern. Aber für viele, und für die aller¬
1609 4459 3497 4548 verschiedensten Leute besitzt diese zugleich warme
1595 4543 3487 4675 und harte Landschaft eine, wenn man so will, my¬
1585 4651 3513 4800 steriöse Anziehungskraft. Es ist ein kühles und\:p\\fml\
279 588 2260 734 \p\\fml\reines Bergtal, von südlich intensiver Farbigkeit
284 706 2258 842 und einer inneren Ausgewogenheit, welche nicht
284 835 2248 953 einmal so sehr harmonisch ist, aber beruhigend und
296 919 2248 1050 groß in einem: Auf dem Rigi lebt man wie auf
291 1023 2248 1161 einem Schiff, man kann nicht fort — hier ruht
259 2934 2218 3083 man inmitten weiter Möglichkeiten, denn ringsum
257 3046 2221 3186 öffnen sich neue Täler, die Berge sind nicht un¬
267 3154 2218 3293 überwindlich, kein starrer Eiswall, sie führen hin¬
279 3278 2218 3389 über in andere gesegnete Länder. Der Maloja
259 3374 2213 3510 zum Beispiel ist ja gar kein Paß, er verbindet ein¬
272 3463 2221 3619 fach zwei Täler, die auf verschiedenen Höhen-
272 3594 2201 3715 stufen liegen. Man sollte den „Sturz ins Bergell"\:p\\fml\
1968 2670 2308 2706 \f\Zeichnung eines Engadiner Dorfes von Hans Tomamichl\:f\
1104 2761 1396 2905 \fp\Engadin\:fp\
1557 1688 3503 1815 \p\\fml\nicht versäumen, diesen jähen Blick vom Ausgang
1557 1788 3503 1910 und Anfang des Engadins in das in der Tiefe ver¬
1550 1907 3493 2034 lorene Tal, ein Anblick wie aus dem Flugzeug, aber
1550 2017 3496 2131 noch greifbarer und merkwürdiger. Unten im Ber¬
1574 2102 3496 2235 gell fährt man zunächst durch Bergwald und rauhe
1557 2223 3491 2357 Enge, dann beginnen reichere Wiesen und, gegen
1562 2330 3496 2459 Castasegna zu, die berühmten Kastanienwälder. Aber
1550 2428 3505 2537 nach \g\Soglio\:g\ hinauf führt eine Straße, sehr aus
1562 2535 3432 2673 der Welt, und ganz für sich steht dieses Dörfchen –
1562 2644 3493 2751 mit Ziegen, Torbogen, verfallenem Gemäuer, und,
1562 2749 3505 2892 unbegreiflich disproportioniert dazu, zwei herrlichen,
1574 2851 3508 2968 großräumigen Salispalästen. Einer davon ist als
1567 2965 3396 3097 Hotel eingerichtet, Rilke hat lange hier gewohnt.\:p\
1664 3065 3498 3191 \p\Daß in \g\Bondo\:g\ ein ebenso schöner, andersartiger
1567 3174 3496 3320 und stilvoll bewohnter Salispalast steht, ist weniger
1562 3279 3505 3408 bekannt. Wenn man schicklich seine Karte abgibt,
1562 3386 3496 3520 wird man als Wildfremder eingelassen und gast¬
1567 3500 3498 3607 freundlich umhergeführt, auch in die Bibliothek,
1562 3603 2900 3712 die von ledernen Einbänden strotzt.\:p\
1657 3702 3503 3834 \p\Aber was die Pracht der Bauwerke anbelangt,
1562 3817 3483 3948 kann das Engadin mit dem Bergell unschwer kon¬
1567 3914 3486 4036 kurrieren. Natürlich wird den achtzehnhundert Me¬
1562 4018 3505 4160 tern Rechnung getragen, die steinernen Häuser sind
1562 4130 3505 4264 massiv gegen Wind und Wetter und hochgetürmte
1567 4233 3491 4378 Schneemassen gebaut, ihre Fenster liegen wie Schieß¬
1567 4347 3510 4449 scharten in den dicken Mauern, zum Überfluß sind
1562 4456 3496 4561 sie mit schmiedeeisernen Gittern von bemerkens¬
1579 4554 3515 4661 werter Qualität versehen. Aber südlich, südlich sind
1567 4668 3510 4814 sie mehr als alles andere. Die Gassen haben den\:p\\fml\
338 624 2336 753 \p\\fml\Rinnstein in der Mitte und sind mit runden Steinen
338 738 2323 882 recht willkürlich gepflastert, die Torbogen und Ein¬
350 835 2326 984 gangshallen sind von wuchtigem Ernst, die Mauern
353 984 2316 1091 gerade und nackt und von monumentaler Einfach¬
343 1078 2309 1200 heit. Im Sommer sind die Fensternischen von Nel¬
350 1175 2326 1320 ken überwuchert, und nicht von gewöhnlichen Nel¬
348 1287 2316 1429 ken: groß und rot, von einem brennenden Gebirgs¬
335 1397 2323 1526 rot, langstielig und edel, hängen sie schwankend
355 1498 2323 1625 über die Mauern. Man schätzt sie im Tiefland, sie
353 1613 2321 1762 werden besonders gepflegt, ausgeführt und in den
338 1712 2314 1844 Städten recht teuer verkauft. Man erkennt sie gleich
345 1831 2319 1968 an ihrer lohenden, allen Gebirgsblumen eigenen In¬
326 1936 2291 2082 tensität. Der alte Kirchturm in Celerina ragt zwi¬
333 2040 2306 2184 schen zwei Hausgiebeln steil und schlank in den be¬
345 2154 2232 2284 törend blauen Himmel wie eine südliche Vision –
326 2251 2304 2405 in Zuoz ist der Baustil gemessener, das \g\Planta¬
338 2371 2316 2492 haus\:g\ ist von schwerer, vornehmer Barockpracht
323 2485 2311 2612 und steht an einem weiten, gar nicht mehr dörf¬
338 2592 2316 2738 lichen Platz. Der alte Turm daneben ist eng und
326 2704 2316 2833 mittelalterlich, er wird der Plantenturm genannt,
323 2813 2311 2947 denn die Planta waren ein adliges Geschlecht und
326 2905 2291 3042 spielten jahrhundertelang eine oligarchische Rolle.
333 3022 2296 3168 Aber sie waren nicht die einzigen, die so anspruchs¬
331 3129 2306 3273 volle Häuser besaßen, Zuoz hatte früher mehrere
338 3250 2304 3395 Türme und ein geradezu städtisches Gepräge. Mehr
326 3357 2286 3481 oder weniger prächtig, mehr oder weniger gut er¬
321 3457 2296 3593 halten findet man dieselben Häuser im ganzen En¬
326 3573 2291 3690 gadin, in Campovasto etwa, im älteren Teil von
323 3680 2291 3832 Samaden, in Pontresina und zuhinterst im Fextal:\:p\\fml\
1553 1439 3613 1599 \p\\fml\wohnlich breite, bergende Häuser, die sich seit Jahr¬
1560 1558 3620 1679 hunderten nicht viel verändert haben, alles darin ist
1548 1694 3618 1833 so richtig, notwendig und wohlangebracht, von altem
1560 1792 3605 1936 Ansehen, von Generation zu Generation weiter¬
1555 1906 2832 2037 gegeben und voller Erinnerung.\:p\
1643 2009 3615 2158 \p\Der Adel ist aus Bauernhäusern hervorgegangen,
1555 2127 3613 2274 Stolz, Ehrfurcht, Besitzgefühl und ein festbegrün¬
1548 2243 3244 2356 deter Hausstand gehören notwendig dazu.\:p\
1656 2356 3615 2505 \p\Seit dem Eindringen der Fremden, sollte man
1560 2469 3618 2580 meinen, habe sich allerhand in nachteiliger Weise
1560 2575 3631 2732 verändert. Aber damit ist es nicht so arg, es gibt
1560 2696 3605 2848 weder Kurpromenaden noch jene ungezählten Post¬
1548 2802 3618 2941 kartenkioske und Geschäfte für Reiseandenken, die
1555 2915 3613 3057 sich in gewissen Kur- und Badeorten ständig auf¬
1560 3028 3618 3178 drängen. Einzig St. Moritz-Bad und etwa noch
1555 3144 3613 3268 Schuls-Tarasp zeigen einige verdächtige Spuren einer
1573 3270 3618 3404 veralteten und entwerteten Pracht. Die Landschaft
1560 3376 3618 3520 vollends kann durch einige mißglückte Hotel¬
1548 3484 3610 3631 bauten wahrhaftig nicht in nennenswertem Maße
1560 3597 3610 3744 verdorben werden, sie ist zuweilen — etwa zwischen
1566 3703 3615 3847 Sils und Campfèr — von erlesener und fast er¬
1548 3824 3618 3937 schütternder Unberührtheit. Der umwaldete Silsersee
1560 3937 3602 4079 erinnert übrigens an Schweden, im Sommer sind
1566 4053 3615 4161 die Vorzüge der dortigen Gegend merklicher als im
1573 4153 3618 4313 Winter. Aber das nahe \g\Fextal\:g\ ist dafür ein glattes
1578 4285 3615 4398 Vergnügen für den Skifahrer, das Hotel Sonne
1548 4396 3618 4532 im Fex trägt seinen Namen mit Überzeugung, das
1558 4511 3610 4648 Tal fängt wie ein Spiegel die Sonne auf und wirft
1548 4617 3618 4764 sie verschwendungslustig und glänzend zurück. Das\:p\\fml\
343 633 2364 759 \p\\fml\ist der Ort für Tailingparties, für Pferde, Schlitten¬
358 739 2379 883 geklingel, Skijöring, man weiß sich nicht zu fassen
356 853 1390 986 vor unbändiger Heiterkeit.\:p\
439 966 2364 1082 \p\\g\St. Moritz\:g\. Der Name eines Heiligen, einer alten
361 1072 2376 1203 Pfarrkirche, eines Dörfchens im Oberengadin — seit
351 1170 2364 1307 dem 19. Jahrhundert der eines Bades mit Hotels
361 1284 2356 1445 und Kurgästen, seiner heilkräftigen Quellen wegen,
348 1418 2356 1534 die doch nicht eine Erfindung dieses Jahrhunderts
351 1506 2356 1642 sind, sondern vielen Beweisen gemäß schon in
361 1619 2346 1766 grauer Broncezeit von Menschen gekannt und richtig
343 1735 2351 1884 benutzt wurden. Uraltes St. Moritz also, geschicht¬
351 1821 2346 1975 lich belasteter, kultivierter, reicher und bescheidener
353 1952 2359 2094 Boden: jetzt plötzlich weltberühmt, nicht mehr nur
343 2061 2338 2210 für seine Quellen, nicht mehr so sehr als seiner
351 2172 2278 2316 Sonne, seiner Seen, seiner Skifelder wegen, –
338 2270 2346 2432 St. Moritz, ein Wort aus der großen Welt, erst¬
338 2381 2351 2512 klassiger Name im internationalen Betrieb, ein
333 2507 2348 2633 Treffpunkt, eine Legitimation, ein dickes Ausruf¬
320 2616 2346 2767 zeichen auf bunten städtischen Plakaten. Ein Bahn¬
333 2719 2346 2866 hof für Luxuszüge aus ganz Europa, Hotels, Bars,
335 2833 2351 2987 Küchen, Spaziergänge, Autostraßen, Preise und
335 2946 2353 3088 Schlittenfahrten: alles durchaus erstklassig, groß¬
323 3050 2341 3209 zügig, der ganzen zivilisierten Welt zugedacht, ihrem
333 3163 1420 3279 letzten Luxus gleichgestellt.\:p\
419 3277 2326 3418 \p\St. Moritz, schiefer Turm, ein paar alte Enga¬
320 3393 2328 3524 dinerhäuser, Kirchgang, harte Bauernarbeit, Fuhr¬
320 3481 2338 3642 leute, holzgetäfelte Stuben, im Winter blendende
320 3597 2338 3731 Schneefelder, im Juni sanfte, leuchtend übersäte
318 3713 2336 3870 Blumenwiesen, Wege durch den Wald, Alphütten auf\:p\\fml\
1583 1522 3606 1680 \p\\fml\Giop, graues Gestein am Piz Nair, Gipfel, Fuorclas,
1601 1624 3611 1787 Besteigungen, nicht weit davon milchig-gläserne
1596 1766 2934 1878 Gletscher und Grenze der Urwelt.\:p\
1710 1843 3604 1983 \p\Viele bekritteln St. Moritz, weil man nur mondän
1586 1965 3611 2092 dort leben, aber keinen ehrlichen Sport treiben
1586 2079 3609 2196 könne, viele lieben es, weil man Sport treibe und
1591 2189 3599 2308 zugleich in eleganter Gesellschaft lebe, viele sagen,
1588 2298 3599 2446 die Jazz im Carlton und die im Palace seien unüber¬
1573 2410 3604 2525 trefflich, aber die Berge störten. Was ist das Ganze:\:p\
1685 2509 3591 2662 \p\Eine Stadt auf 1800 Meter Höhe, in einem Hoch¬
1573 2619 3583 2774 tal, nicht einer Kohlengrube, nicht eines Elektrizi¬
1591 2744 3599 2883 tätswerkes wegen, nein, einfach des Vergnügens
1573 2853 3606 2967 halber, beinahe zum Spaß hierhergesetzt. Mit mehr
1578 2967 3594 3100 oder weniger Geschmack wurden große klotzige Pa¬
1591 3062 3599 3230 läste gebaut und reihen sich aufdringlich am Ab¬
1573 3169 3591 3326 hang: aber sie sind prachtvoll, erstrangig und läs¬
1578 3293 3599 3418 sig, — die Kulmhotels am ältesten, das Palace am
1565 3403 3609 3530 internationalsten und durch seinen von allen zu
1560 3517 3594 3650 Recht gelobten Besitzer Kaspar Badrutt berühmt,
1573 3622 3591 3767 denn die Gnade des Grafen Keyserling hat ihm doch
1558 3728 3573 3876 nicht viel schaden können [in "Spektrum Europas " kritisiert der Schriftsteller und Philosoph Hermann Graf Keyserling 1928 zum Empören der schweizerischen Öffentlichkeit die Schweiz scharf, nimmt aber einzelne Schweizer und insbesondere Kaspar Badrutt aus ("Doch hier muss ich das über die schweizerische Nicht-Angepasstheit Gesagte gleich erstmalig einschränken: die am besten, weil seit längster Zeit typisierten Schweizer (das Wort immer europäisch, nicht eidgenössisch verstanden), also die Gastwirte im weitesten Verstand, die Pastoren, Erzieher und Ärzte wissen meist, dass ihre moderne Rolle eben auf der Funktion, nicht der Nation beruht, die gewissermaßen ihre Privatsache ist. Die sind entsprechend innerlich frei; die sind ein unbedingt wertvoller Bestandteil der europäischen Gesellschaft. Hans Badrutt vom Palace-Hotel in St. Moritz z. B. rechne ich direkt zu den zählenden Persönlichkeiten dieser Zeit.", vgl. S. X-Y)] — das Carlton mit bei¬
1560 3848 3594 3988 nahe privatem und angenehmem Charakter, das
1578 3955 3586 4075 Grandhotel, und endlich, stilvoll und exklusiv, vor¬
1560 4064 3588 4209 nehm-distanziert außerhalb des Dorfes, das Suvretta¬
1560 4171 3591 4306 haus mit dem konkurrenzlosen Blick in das sanft
1558 4278 3237 4431 erweiterte Tal von Campfèr und Silvaplana.\:p\
1685 4405 3581 4540 \p\Vieles wäre zu nennen: das Segantinimuseum, wo
1550 4533 3586 4642 man nicht im ersten Stock stehenbleiben soll, denn
1560 4617 2945 4772 da hängen nur die Reproduktionen –\:p\\fml\
439 682 2347 858 \p\Das Museum Engiadinais, wo altes Hausgerät so
354 791 2345 979 lustig und lehrreich aufgebaut wurde, eine ganze
315 3180 2293 3334 bäuerliche Kultur, geschmackvoll, buntfarben und
320 3287 657 3418 vielseitig – \:p\
389 3393 2285 3540 \p\Die Bahn nach \g\Chantarella\:g\ — und daß hier
312 3510 2278 3654 früher Korn gebaut wurde, denn Chantarella be-
305 3629 1180 3743 deutet Äckerchenhalde –\:p\
389 3728 2285 3884 \p\Die \g\Corvigliabahn\:g\, weil sie viel zu teuer und\:p\\fml\
746 1063 939 1512 \f\Zeichnung des in Graubünden gefeierten Festes Calanda Mars bzw. Calandamarz [unklar ob es wie die anderen Illustration von Hans Tomamichl stammt, da es eine schwer leserliche Signatur aufweist]\:f\
1086 3024 1527 3168 \fp\Calanda Mars\:fp\
1620 1603 3612 1734 \p\\fml\im Winter immer überfüllt ist — Die Rennen auf
1638 1709 3592 1843 dem St. Moritzersee, die Tennisturniere im August,
1633 1823 3600 1950 das Strandbad am Statzersee hinter der Meierei, wo
1645 1925 3612 2044 Wilhelm Furtwängler ein Häuschen hat — überhaupt
1633 2034 3612 2170 die berühmten Leute von Lili de Alvarez bis zu
1635 2141 3605 2272 Emil Ludwig — die Kuchen von Hanselmann, die
1633 2240 3592 2376 Golflinks bei Samaden, das Haus Frizzoni in Cele¬
1638 2361 3592 2468 rina, eine Confiserie und fast ein kleines Engadiner
1633 2463 3587 2599 Museum. Nichts fehlt, was der Verwöhnte an Be¬
1657 2562 3605 2705 quemlichkeit etwa fordern möchte, rote Citroën¬
1633 2676 3605 2790 raupenautomobile fahren stäubend durch den Schnee,
1650 2785 3605 2921 pelzbeschwerte Schlitten zu den großen Sprung¬
1638 2896 3610 3042 schanzen, den spannendsten Ereignissen der Winter¬
1645 3018 1903 3127 saison.\:p\
1722 3104 3605 3253 \p\Das Großstädtische ist nicht in erster Linie wich¬
1633 3213 3612 3350 tig, es ist fast als Spiel gedacht, man spielt mit
1633 3312 3612 3456 dem, was im Tiefland, in London, Berlin, New-York
1645 3431 3587 3570 ernst, schwerwiegend und beunruhigend ist. Hier
1633 3535 3605 3677 auf 1800 Meter Höhe, werden die Leute gewichtlos
1650 3649 3605 3781 und leichtherzig, es gibt zuviel Sonne, zuviel Musik,
1638 3756 3067 3880 zuviel leise berauschende Farbigkeit.\:p\
1729 3860 3597 3981 \p\\g\Nach Alp Grüm\:g\. Im März sehen die Leute ein,
1638 3969 3610 4110 daß das Engadin zu schön sei, als daß man sich
1638 4071 3622 4189 noch länger darin aufhalten könne, scharenweise
1650 4182 3610 4316 reisen sie ab und lassen Hotelhallen, Eisbahnen und
1650 4289 3610 4417 Blumengeschäfte verödet zurück. Im März, man
1645 4405 3612 4539 kann nicht mehr Ski fahren, der Schnee fließt in
1650 4509 3622 4621 kleinen Bächen durch die Dorfstraßen, aber ein¬
1633 4618 3615 4762 zelne Begeisterte lassen sich nicht abhalten und\:p\\fml\
283 645 2297 782 \p\\fml\unternehmen jetzt, gerade jetzt von den Bernina¬
291 751 2315 870 häusern aus die gelungensten Besteigungen. Die
291 858 2302 979 Bauern feiern nach altrömischer Sitte die Kalenden
291 979 2315 1103 des März, „Calanda Mars“ heißt das Fest, und es
276 1088 2302 1207 ist aufregend und eindrucksvoll, daß eine so un¬
276 1199 2312 1326 bestreitbare und direkte Spur des römischen Reichs
278 1290 1493 1429 sich bis heute erhalten konnte.\:p\
372 1409 2292 1553 \p\Im März also, es ist sehr, sehr warm, und wir
288 1515 2300 1670 wissen nicht genau, was wir beginnen sollen. Des¬
296 1634 2295 1776 halb losen wir, ob wir nach Muottas Muraigl fah¬
283 1746 2297 1865 ren wollen, oder auf die Corviglia, oder über¬
278 1862 2310 2006 haupt — — und dann lösen wir Billette für Alp
276 1968 2300 2120 Grüm. Diesmal ist ein überschwengliches Urteil
283 2087 2280 2201 am Platz: das ist eine der schönsten, unübertreff¬
276 2186 2302 2330 lichsten, einfallsreichsten Fahrten, die man sich
271 2302 2302 2434 überhaupt ersinnen kann. Wie Pfeile schleudert die
266 2414 2287 2527 Sonne ihre Strahlen aus einem unnatürlich blauen
276 2530 2300 2636 Himmel, der Morteratschgletscher und die breite
281 2634 2285 2778 Wand der Bernina liegen weiß und prächtig unter
273 2760 2274 2869 ihren heiteren Angriffen, Glanz und Heiterkeit über¬
266 2866 2264 2970 treffen sich gegenseitig, wer soll das überhaupt er¬
271 2963 2285 3130 tragen! Wir steigen aus und folgen dem Fußweg
271 3064 2269 3218 nach Alp Grüm hinauf, es ist ein steiler Weg,
253 3200 2274 3342 ältere Leute gehen langsam, wir laufen, wir machen
276 3302 2280 3418 ein Wettrennen daraus. Plötzlich öffnet sich der
283 3403 2272 3555 Blick ins Puschlav, Straße und Bahn führen ge¬
273 3502 2287 3646 wunden in die Tiefe, dort beginnt Italien, Madonna
258 3615 2280 3780 di Tirano, Frühling, ein gesegnetes Land. Und es
253 3737 2274 3861 ist grün, während wir zwischen weißen Schnee¬\:p\\fml\
1662 1517 3666 1675 \p\\fml\massen stehen, ganz verloren in einem riesigen, auf¬
1657 1637 3668 1753 getürmten, blendenden Meer: Ein grünes Land zu
1662 1743 3666 1881 unseren Füßen, der See von Le Prese wie ein tiefer
1675 1843 3666 1991 grüner Edelstein, von grünen, fruchtbaren Wiesen
1657 1956 3671 2111 umgeben. Ein Gedanke wird wach, ein einfacher,
1655 2056 3531 2202 ein schwindelnder Gedanke: Die Erde bricht auf.\:p\
1758 2184 3668 2332 \p\\g\In das Unterengadin\:g\ reist man gewöhnlich
1662 2297 3668 2412 der Heilquellen von Schuls-Tarasp wegen, es ist
1662 2405 3668 2520 eine romantische Fahrt von Bevers aus abwärts, das
1662 2520 3666 2648 Tal drängt sich beängstigend zusammen und ist zu
1657 2623 3651 2768 dicht bewaldet, um für den Wintersport angenehm
1657 2733 3656 2866 zu sein. Zuletzt gibt es auch keine Dörfer mehr, sie
1657 2838 3648 2984 haben keinen Platz und haben sich aus der feucht-
1662 2944 3646 3077 rauschenden Enge hinaufverzogen auf sonnige Hoch-
1675 3052 3653 3190 plateaus, die dem Süden zugewendet sind. So liegen
1662 3172 3653 3287 Guarda, Lavin, Ardez, Fetan — jedes von ihnen
1657 3292 3651 3405 hat übrigens ein einfaches, aber durchaus gutes und
1650 3378 3653 3546 gepflegtes Hotel aufzuweisen, in Fetan heißt es
1657 3505 3651 3626 Bellavista und beherbergt in zahlreichen Auflagen
1642 3606 3656 3741 die Eltern der „Fetanerinnen, die sich, etwa 80 an
1645 3721 3641 3864 der Zahl, in dem prächtigen und liebenswerten In-
1645 3819 3651 3967 stitut oberhalb des Dorfes aufhalten [Schwarzenbach selbst hat ab 1925 (bis wann? bis zur Matura in Chur 1927?) das Institut besucht]: international,
1645 3942 3648 4077 mehr oder weniger sportlich, mehr oder weniger
1647 4045 3643 4177 lernbegierig, führen sie ein ähnlich beneidenswertes
1642 4145 3656 4308 Dasein wie ihre Kollegen, die Lyzeumsschüler von
1630 4273 1873 4396 Zuoz.\:p\
1753 4363 3628 4514 \p\Von Schuls nach Fetan fahren neuerdings Post¬
1637 4491 3648 4616 automobile auf einer Straße, die einem städtischen
1650 4606 3643 4744 Chauffeur halsbrecherisch vorkommt. Auf 1800\:p\\fml\
319 602 2364 753 \p\\fml\Metern Höhe spielt das keine Rolle, aber die Straße
332 730 2371 845 von Fetan nach Ardez ist für die Automobilisten
332 845 2351 988 bequemer und zugleich abwechslungsreich und ro¬
334 962 710 1087 mantisch.\:p\
416 1052 2346 1195 \p\\g\Schuls\:g\ heißt auf romanisch Scuol, es liegt nur
319 1169 2351 1297 noch 1244 Meter hoch; von den Hotels werden Bel¬
337 1274 2364 1432 vedere und Engadinerhof besonders gelobt. Der alte
332 1404 2364 1532 Dorfteil Unterschuls mit dem schönen romanischen
337 1516 2101 1651 Turm der St. Georgskirche hat intimen Reiz.\:p\
416 1621 2369 1736 \p\\g\Tarasp\:g\ ist besuchter und liegt nicht ganz so von
332 1728 2364 1851 allen Seiten beengt. Neben den berühmten Quellen
327 1853 2154 1986 gibt es hier auch schon hübsche Spaziergänge.\:p\
419 1953 2351 2090 \p\Am erfreulichsten ist die Lage von Vulpera.
355 2055 2364 2200 Waldhaus und Schweizerhof sind schöne Hotels, die
319 2167 2371 2310 auch verwöhnte Leute sicher befriedigen, dazu
337 2290 2364 2433 gibt es einen Golfplatz, ein bald fertiggestelltes
345 2394 2359 2542 Strandbad, Tennisplätze und viele gar nicht an¬
327 2509 2346 2660 strengende Spaziergänge. Im \g\Scarltal\:g\ wurde
337 2627 2356 2759 früher Silber gewonnen, jetzt sind die Bergwerke
345 2731 2351 2872 verlassen, aber das Tal ist wunderschön, schatten¬
319 2841 2333 2981 reich, mit Schluchten, Wald und Bach und plötz¬
332 2956 2351 3073 lichen Ausblicken auf die steil emporsteigenden Fels¬
332 3058 2346 3188 wände. Auch das Schloß \g\Tarasp\:g\ sollte man be¬
319 3175 2351 3318 suchen, es ist Eigentum des Großherzogs von Hes¬
319 3288 2351 3438 sen, der es aber Werktags zwischen drei und vier
332 3395 2351 3543 Uhr den Besuchern öffnet. Der älteste Turm steht
319 3510 2359 3650 seit dem 11. Jahrhundert, dann wurde ein Stück
319 3630 2346 3750 nach dem anderen recht wahllos und praktisch
327 3732 2353 3905 dazugebaut, der Grundriß ist darum sehr kompli¬\:p\\fml\
1646 1663 3605 1788 \p\\fml\ziert geworden, aber das stört die einheitliche Wir-
1655 1783 3612 1930 kung keineswegs. Schuls-Tarasp und Vulpera sind
1660 1895 3607 2028 auch für Bergtouren gute Ausgangspunkte. Die
1655 2003 3587 2143 Möglichkeiten sind groß, Lischanna, Pisoc und Ses¬
1675 2113 3073 2223 venna werden am meisten bevorzugt.\:p\
1746 2204 3597 2343 \p\\g\Der Nationalpark\:g\. Das Gebiet ist gut ge-
1668 2302 3612 2451 wählt, rauh und zerklüftet, voller Arven-, Lärchen-
1668 2424 3600 2561 und Föhrenwälder, mit engen Tälern und hoch¬
1655 2527 3600 2672 ragenden Felsmassen, ganz nur für Hirsch, Gemse,
1655 2637 3605 2762 Fuchs und Bär, für wildes Getier, für Birk- und
1655 2738 3592 2853 Schneehühner aus dem hohen Norden. Die Spazier¬
1668 2850 3592 2985 gänger müssen sich an vorgeschriebene Pfade halten,
1663 2951 3607 3088 auf Schritt und Tritt erinnert man sie daran, daß
1655 3058 3592 3181 sie hier, in der Wildnis, nur Fremde, Besucher, Ge¬
1668 3174 3605 3281 duldete sind, nichts mehr. Man geht von \g\Zernez\:g\
1655 3272 3612 3414 aus, verläßt bald die alte Ofenbergstraße und biegt,
1648 3382 3607 3509 nicht weit davon, in das \g\Val Cluoza\:g\ ein. Das ist
1655 3485 3605 3622 noch nicht allzu überraschend, eine bewaldete
1655 3587 3612 3707 Schlucht, ein Wildbach. Der Weg ist weit und
1655 3700 3612 3835 ungefährlich. Das Blockhaus erreicht man wie die
1668 3803 3600 3923 letzte wirtliche Stätte am Rand der Wildnis, da¬
1663 3908 3597 4023 hinter beginnt die Einöde, einsame Täler, zerklüftet,
1668 4016 3617 4131 kahl und großartig, verlieren sich in das Gebirge
1655 4129 3624 4229 hinein. Wenn man ihnen folgt, dem \g\Val Sassa\:g\
1655 4231 3612 4349 oder dem \g\Val del Diavel\:g\, so ist es, als gehe man
1668 4329 2841 4471 dem Ende der Welt entgegen.\:p\
1741 4437 3612 4547 \p\Ausflüge durch den Nationalpark: Von Zernez
1663 4552 3622 4677 bis zum Blockhaus, dann über Alp Murtèr und auf
1655 4658 3612 4775 der Ofenbergstraße bis zum Hotel Ofenberg. Über\:p\\fml\
314 567 2270 710 \p\\fml\den Ofenpaß und Alp da Munt nach Scarl. Von
314 679 2255 812 Scarl zurück nach Schuls-Tarasp - oder durch Val
321 791 2255 944 Mingèr und Val Plavna bis Fontana-Tarasp. 3 bis
309 2793 2194 2934 5 Tage. Oder: Zernez — Blockhaus, Val Sassa –
302 2904 2214 3050 Übergang über die Fuorcla Val Sassa (2860 Meter),
289 3014 2226 3138 in das Val Müschauns, Alp Purchèr (das war früher
289 3118 2223 3247 eine Schweinealp) — durch das Val Varusch (Park¬
289 3238 2233 3340 hütte) nach Scanfs. Diese Tour ist anstrengend und
302 3352 1326 3476 ohne Führer nicht ratsam.\:p\
1314 2476 1535 2676 \f\Zeichnung des Nationalparks von Hans Tomamichl\:f\
1053 2673 1479 2814 \fp\Nationalpark\:fp\
