4800 6340
3624 624 4022 763 Die
3624 1062 4623 1250 Obelisken
3642 1348 3929 1489 von
3635 1840 4304 1968 Istanbul
285 4696 1861 4828 \p\Zwischen den beiden herrlichen Moscheen Sultan Ahmed und
255 4780 1856 4869 St. Sophie liegt einer der schönsten Plätze des alten Stambul, der
255 4851 1847 4913 des Hypodroms. Hier stand vor über 2000 Jahren der von Septimus
244 4903 1854 4981 Severus begonnene, von Konstantin vollendete Riesenbau, in dem
251 4967 1847 5045 reiche Kunstschätze aufgestellt wurden. Kriege und Eroberungszüge
251 5022 1854 5092 zerstörten und zerstreuten sie. Erhalten sind die beiden aus Aegypten
251 5090 1838 5159 importierten Obelisken. — Der Obelisk des Theodosius, der künst¬
251 5145 1847 5215 lerisch wertvollere, ist zugleich das älteste und am besten konservierte
251 5206 1858 5282 Denkmal Konstantinopels. Aus seinen Hieroglyphen geht hervor, daß
251 5263 1836 5334 der Pharao Thumosis III. vor fast 3500 Jahren diesen Obelisk in Helio¬
251 5323 1849 5407 polis errichtete. Nahezu 1900 Jahre später beschloß Julian Apostata,
251 5384 1858 5457 ihn nach Bysanz zu überführen, aber erst nach seinem Tode konnte
255 5439 1849 5514 Theodosius der Große 390 n. Chr. den Plan zur Ausführung bringen,
251 5500 1847 5578 der den Bau einer eigenen Straße vom Meer nach dem heutigen Stand-
253 5562 1856 5630 ort nötig machte. — Der ungeheure Granitblock, mit dem Sockel über
251 5619 1847 5698 24 Meter hoch, ist mit wohlerhaltenen Hieroglyphen und Darstellun¬
251 5678 1856 5767 gen geschmückt, die unter anderem künden: «Dieser Fürst, der die
251 5732 1836 5826 ganze Erde besiegte und Aegyptens Grenzen über den Naharin (Eu¬
253 5796 1849 5881 phrat) ausdehnte, war ein Pflegling der Sonne. Sein Königreich ist so
251 5862 1838 5960 fest begründet wie das der Gottheit im Himmel.» — Die späteren la¬
3733 2482 4443 2583 teinischen und griechischen In¬
3737 2558 4457 2644 schriften und die prächtigen
3731 2608 4434 2701 Skulpturen auf dem Sockel ge¬l
3731 2676 4457 2758 ten dem Ruhm des Kaisers
3740 2738 4448 2799 Theodosius des Großen. — Der
3731 2794 4441 2865 32 Meter hohe sogenannte Ge¬
3731 2861 4453 2927 mauerte Obelisk ist jüngeren
3731 2922 4448 2999 Datums. Konstantin VII. (911
3731 2972 4453 3063 bis 959) hat, wie die Inschrift
3731 3031 4441 3118 besagt, «diese herrliche Pyra¬
3731 3097 4453 3163 mide, aus Rhodos stammend
3731 3157 4453 3232 und von der Zeit zerstört, weit
3731 3214 4448 3291 schöner als sie jemals gewesen,
3742 3273 4439 3352 wiederhergestellt». — Der Ge¬
3731 3337 4439 3419 mauerte Obelisk soll, nach An
3731 3391 4457 3462 sicht von Sachkennern, einst
3731 3453 4453 3539 auch als Brunnen gedient und
3740 3510 4434 3592 vier Wasserspeier getragen ha¬
3733 3578 4439 3651 ben. Er war mit reichen Bronze¬
3731 3635 4446 3701 reliefs geschmückt, die in den
3731 3694 4450 3778 Kreuzzügen vernichtet wurden.
3731 3751 4450 3844 Die Vertiefungen, aus denen sie
3731 3815 4448 3899 herausgerissen wurden, sind
3728 3869 4289 3972 noch deutlich erkennbar.\:p\
802 3998 1419 4044 \f\Sockel des Theodosiusobelisks\:f\
458 4398 2289 4487 \fp\Der Sockel des Theodosiusobelisks mit den prächtigen römischen Skulpturen und Inschriften.\:fp\
2844 5484 3303 5527 \f\Hypodromplatz von Istanbul\:f\
2050 5256 2471 5352 \fp\Der Hypodromplatz
2047 5350 2469 5405 von Istanbul mit dem
2057 5391 2426 5457 Theodosiusobelisk
2047 5436 2460 5502 (links) und dem so¬
2050 5484 2457 5548 genannten Gemauer¬
2041 5530 2462 5598 ten Obelisk (Mitte).
2043 5578 2473 5650 Rechts im Hintergrund
2052 5630 2462 5694 die Aja Sophia, die
2050 5678 2469 5739 ehemals größte und
2052 5726 2464 5789 berühmteste Moschee
2047 5771 2469 5828 von Konstantinopel,
2050 5826 2464 5883 die jetzt in ein Muse¬
2047 5869 2469 5942 um umgewandelt ist.\:fp\
