4192 7076
492 4704 955 4774 Im Innern Syriens
321 4766 1121 4831 Von Annemarie \g\Clarac-Schwarzenbach\:g\
323 4811 1190 4888 \p\Syrien stellt sich dem Reisenden vor als ein frucht¬
271 4872 1193 4924 bares Küstenland, der Côte d'Azur manchmal verblüf¬
267 4906 1192 4944 fend ähnlich, mit graublauen Olivenbäumen und gel¬
260 4940 1160 4996 ben Felsen, Farbtöne Cézannes, den schönen Ab¬
263 4972 1159 5025 hängen des Libanon, auf seinem höchsten Kamm noch
266 5010 1192 5064 schneegekrönt, und einer belebten, erstrangigen Asphalt¬
266 5041 1192 5096 straße, die dem blauen Meer entlang Fischerdörfer und
271 5079 1193 5126 Kreuzritterstädte miteinander verbindet. Aber, \g\die¬
269 5114 1193 5163 ses\:g\ Syrien ist das des ersten Aspekts, vorbehalten
260 5146 1192 5203 den Leuten, die auf Luxusdampfern zur Osterzeit eine
274 5180 1192 5230 Mittelmeerfahrt unternehmen. Erst von Damaskus
265 5210 1160 5267 und von Aleppo aus führen die Straßen ins weite
261 5247 1192 5311 Innere, Straßen, die bald abbrechen, vor großen
267 5288 1192 5330 Wegsteinen, deren schwarze Pfeile, lateinische und,
271 5320 1193 5381 arabische Schriftzeichen nach den Wüstenspuren weisen:
271 5352 1192 5399 Palmyra, Abu Kemal, Deir-ez-Zor, Resafé. Hier be¬
269 5390 1193 5448 ginnt sie, die Atmosphäre der Wüste, der großen, unter
269 5428 1193 5473 einer blendenden Sonne liegenden Landstriche, die
265 5459 1194 5520 reichen vom Libanon bis zum Euphrat, und von den
265 5493 1193 5537 armenischen Bergen bis hinunter nach Arabien. Die
267 5525 1192 5573 Straße bricht ab, an ihrem Ende bietet sich der sonder¬
269 5554 1193 5611 bare Anblick der Spuren, die fächerförmig auseinan¬
265 5591 1192 5642 derstreben, über Sandhügel laufen, und an einem fer¬
265 5631 1164 5672 nen Horizont sich wieder vereinen: gleichgültig, welcher
261 5668 1192 5706 man folgt. Und während langer Tagesstunden ist das
267 5695 1192 5750 Licht so gleichmäßig weiß über den Himmel verteilt,
261 5725 1192 5773 daß man den Stand der Sonne nicht finden kann, um
267 5762 1166 5807 sich nach ihr zu orientieren. Die Wüste ist nicht gleich¬
265 5806 1193 5839 mäßig, und selten flach bis zu einem kreisrunden
267 5834 1167 5877 Horizont. Die syrische Wüste besteht aus ockergelbem
271 5869 1193 5909 Sand, der manchmal unmerklich sich in Erde verwan¬
261 5904 1192 5954 delt, fruchtbar wird und nach den Frühlingsregen
271 5932 1193 5978 von grünen Weiden bedeckt ist. Steiniger Boden, mit
269 5968 1193 6026 harten Grasbüscheln zwischen den Steinen, Kamel¬
266 6006 1192 6059 herden raufen sie in würdiger Genügsamkeit. Fels¬
271 6037 1193 6085 platten, Erosionstäler, die graugelben, ausgewaschenen
265 6069 1193 6120 kreidigen Felsbrüchen folgen. Und wieder die wellige,
267 6108 1193 6160 unaufhörliche, von ihren regellosen Karawanenspuren
1196 4666 2107 4718 durchlaufene Einöde, streng, verschlossen, heimgesucht
1199 4706 1666 4744 von entsetzlicher Einsamkeit.\:p\
1247 4725 2117 4786 \p\Und hier, inmitten der Winde, die sich plötzlich er¬
1200 4766 2117 4821 heben und gelben Staub auf ihren Flügeln tragen,
1202 4804 2117 4853 inmitten der Farben von Abend und Morgen, die
1187 4844 2117 4885 sonst dem Meer vorbehalten sind, inmitten der groß¬
1188 4883 2117 4925 artigen Integrität wohnen die Beduinen. Man stellt
1188 4916 2117 4958 sie sich würdiger vor, gravitätisch wie ihre Kamele,
1202 4946 2095 4992 schwermütig-wild wie die Indianer. Aber diese Wü¬
1200 4983 2116 5019 stensöhne sind, im Gegenteil, heiter und kindlich, zum
1187 5024 2117 5070 Lachen geneigt, gastfreundlich und neugierig: wild, ge¬
1188 5051 2117 5104 fährlich, nur in einem Sinn, der uns fremd ist. Denn,
1188 5081 2117 5131 was wir Europäer gewöhnlich von ihnen wissen kön¬
1188 5131 2085 5174 nen, bleibt durchaus an der Oberfläche, und selten ge
1188 5157 2117 5204 lingt es jemandem, selbst nach jahrelangem Kontakt,
1188 5191 2033 5238 die Kluft zwischen uns und ihnen zu überwinden.\:p\
1240 5227 2117 5272 \p\Für uns sind Wüstenfahrten etwas Erschreckendes.
1188 5258 2117 5310 Es heißt, übermenschliche Gewalten versuchen, sich in
1188 5294 2117 5344 den Bereich der Wüste zu begeben wie in den des
1188 5338 2094 5383 Meeres. Wer sie zu lieben vorgibt, ist nicht ganz auf¬
1188 5374 2117 5410 richtig, oder es ist eine mit Schwermut und Welt¬
1188 5411 2117 5447 flucht gemischte Liebe. Die Beduinen aber wohnen in
1188 5444 2117 5484 der Wüste wie die Fische im Wasser, dieser gewaltige
1188 5486 2117 5535 Horizont ist ihnen natürlich, diese Kargheit, ja Feind¬
1188 5522 2117 5557 schaft der Natur ist ihnen freundlich, und die Gesetze
1188 5551 2117 5592 der Jahreszeit, der Frühlingsregen, der Staubstürme,
1188 5588 2117 5633 der kalten Nächte sind in ihnen so stark wie in den Zug¬
1188 5619 1310 5666 vögeln.\:p\
1243 5662 2117 5702 \p\Hat man dies einmal erfahren, so weiß man, wie
1188 5695 2094 5746 tief die Fremdheit ist zwischen diesen noch im Noma¬
1188 5724 2117 5774 dentum als einer uralten Kollektivform befangenen
1188 5757 2117 5807 Leuten, und uns, deren Bindungen kaum mehr spür¬
1188 5793 1801 5845 bar und unwirksam geworden sind.\:p\
1242 5826 2118 5886 \p\Es ist, in diesem Jahr, ein fruchtbarer Frühling.
1188 5860 2118 5915 Viel Regen ist gefallen, grüne Teppiche breiten sich
1188 5914 2118 5942 aus. Ueberall erblickt man die Lager der Stämme,
1187 5940 2117 5994 oft nur fünfzig schwarze Zelte, oft mehrere Hundert
1188 5979 2117 6017 um das Prachtszelt eines Scheichs oder Emirs ge¬
1188 6000 2117 6071 schart. Schafherden, Pferde und Kamele befinden sich
1188 6051 2117 6100 auf der Wanderung. Am Abend findet man sie an
1187 6081 2117 6141 Wasserläufen, weißgelockte Kamelfüllen spielen im gro¬
1187 6124 1976 6184 tesken Galopp ihrer langen und steifen Beine.\:p\
2176 4671 3039 4720 \p\Die Beduinenlager sind beweglich, trotz der An¬
2124 4710 3030 4761 strengung der Mandatbehörden, sie wenigstens teil¬
2114 4757 3030 4794 weise zu stabilisieren, und die Wanderungen der
2114 4781 3057 4832 Stämme auf einen Weideboden von vierzig oder fünf¬
2114 4833 3025 4874 zig Quadratkilometer zu beschränken. Aber es gibt in
2114 4850 3057 4911 Bereich der Wüste, in Flußoasen, auch feste Siedlun¬
2114 4897 3026 4945 gen, Städte, Märkte, Festungen, Garnisonen. Meistens
2113 4933 3057 4977 verbinden sie beides: und neben den Bazarhallen der
2134 4960 3057 5016 Händler und Handwerker, wohin die Beduinen von
2114 4981 3057 5041 weither für ihre Einkäufe kommen, breitet sich die
2114 5027 3024 5087 typische Garnison der Wüste aus: die Aneinander¬
2114 5070 3057 5124 reihung von Kasernenvierecken, Höfen und Ställen,
2114 5104 3057 5151 Krankenhaus, Offiziersmesse und Militärfriedhof, dies
2124 5151 3059 5200 alles von den gleichen, gelben Lehmmauern gleich¬
2114 5181 3056 5233 mäßig eingeschlossen. Baracken daneben: Kantinen,
2134 5208 3057 5261 Bars, und im Innern der arabischen Stadt die engen
2114 5253 3057 5299 Türen kleiner Hotels mit schmierigen Schildern: «Hotel
2113 5290 3057 5343 de France» und «Palais du Luxe» heißen diese Ver¬
2114 5327 3058 5378 gnügungsstätten, wo kreidig und karminrot gefärbte
2129 5357 3058 5412 Mädchen, von Krankheit und Fieber ausgemergelt, die
2114 5398 3025 5440 dünnen Arme zu lustlosen Tanz-Darbietungen erheben.
2114 5434 3057 5481 Man sieht sie, durch die schwankenden Bambusstäbe vor
2114 5460 3021 5513 den Türen, und hinter trüben Moskitogittern. Frem¬
2114 5508 3025 5551 denlegion liegt in diesen Garnisonen, und, noch schlim¬
2114 5535 3024 5580 mer, die „afrikanischen Bataillone“, in die man unver
2114 5564 3057 5624 besserliche Kerle zur Strafe versetzt. Am Abend füllen
2114 5611 3057 5667 sie die Straßen: Roter Fez, Käppi und Tropenhelm.
2124 5641 3057 5690 Und Grammophone kreischen und arabischer Singsang
2114 5671 2585 5738 bricht stundenlang nicht ab.\:p\
2171 5691 3057 5785 \p\Es gibt Offiziere, die selbst aus solchen Posten das
2113 5759 3018 5818 Beste machen, und Straßenbau und Bewässerung, land¬
2114 5807 3057 5847 wirtschaftliche Anleitung und hygienische Maßnahmen
2113 5848 3030 5884 der Bevölkerung zugute kommen lassen. Aber was
2114 5861 3058 5927 ihnen nicht gelingen kann, ist: die Atmosphäre der Ver¬
2114 5905 3057 5942 lorenheit zu zerstreuen, die unter diesem trostlosen
2114 5939 3057 5988 Himmel herrscht. Viel Leute sterben hier, von Heim¬
2114 5989 3057 6018 weh verzehrt. Schlimmer ist es für die Anderen, denen
2114 6017 3058 6078 keine andere Möglichkeit geblieben ist, zu leben als in
2113 6047 3018 6121 der Nachbarschaft der Wüste, in der schlechthin ausweg
2114 6080 2358 6138 losen Fremde.\:p\
