4375 7119
679 4440 979 4510 Dixie Line,
396 4497 1247 4555 der Weg des amerikanischen Südens
412 4551 1245 4617 Von \g\Annemarie Clarck-Schwarzenbach\:g\
803 4632 870 4663 IV.
488 4664 1182 4738 \g\Die Stadt des unaufhörlichen
679 4717 982 4770 Versprechens\:g\
432 4742 1291 4808 \p\\g\Birmingham\:g\, eine Stadt in \g\Alabama\:g\,
382 4800 1291 4842 wurde im Jahre 1870 von ein paar Spekulanten ge¬
379 4828 1292 4877 gründet. 1870, das heißt: kaum vier Jahre nach dem
382 4874 1291 4916 Ende des amerikanischen Bürgerkriegs und der unheil¬
379 4905 1292 4952 vollen Niederlage der Südstaaten. 1861 hatte der
382 4943 1272 4987 Sonderbund der Sklavenstaaten, die Confederacy, Jef¬
382 4982 1291 5024 ferson Davis zu ihrem Präsidenten gewählt. Im glei¬
376 5018 1292 5061 chen Jahr hatte sich der seit 1819 bestehende Staat
384 5051 1292 5090 Alabama dieser Konföderation angeschlossen. Ihre
379 5093 1292 5124 Hauptstadt, \g\Montgomery\:g\, ist heute eine roman¬
379 5124 1293 5175 tische Stadt mit einem grünen Hügel, auf dem die
379 5158 1280 5197 weiße Kuppel und die weißen Säulengänge des Kapi¬
376 5199 1274 5240 tols nachts künstlich beleuchtet werden, mit vorneh¬
382 5232 1291 5272 men Häusern, einem Negerquartier, Obstständen voller
381 5265 1291 5313 Orangen, Grapefruits und Zuckerrohr, einem alten
379 5303 1292 5345 "Southern Hotel", dessen schäbige Veranda von dün¬
379 5341 1292 5378 nen Holzsäulen getragen wird, mit einem Baumwoll¬
379 5378 1277 5421 markt, wohin die schwarzen und weißen Sharecrop¬
384 5410 1292 5451 pers, die Baumwollpflücker, ihre Ballen in Maultier¬
379 5448 1284 5487 karren bringen. Seit langer Zeit geht es mit der
384 5481 1292 5521 Baumwolle bergab. Es schwinden die ausländischen
382 5518 1291 5563 Märkte, es schwindet die Fruchtbarkeit des Bodens,
384 5554 1292 5592 der von langem Anbau erschöpft ist. Die schlimme
384 5590 1292 5634 Seuche, genannt "Boll weevil", hielt ihren Einzug auf
382 5625 1291 5661 den Plantagen und auf den armen Feldern der Baum¬
375 5659 1291 5701 wollpächter. Die Weltkrise meldete sich an, die Baum¬
382 5693 1291 5733 wollpreise sanken 1932 gewissermaßen unter den Null¬
384 5730 1292 5771 punkt, auf fünf und 6 Cents für das Pfund. Die Söhne
384 5769 1292 5807 der Sklaven und die armen Weißen frohlockten:
382 5805 1291 5843 "König Baumwolle wird entthront", und eine Klein¬
384 5835 1292 5877 stadt errichtete auf ihrem Marktplatz, dem "Boll
384 5871 1292 5916 weevil", der von Gott gesandten Baumwollseuche, ein
382 5908 1291 5948 Denkmal. Gescheite Leute wußten, daß das Ende der
382 5947 1291 5987 Baumwolle das Ende des "Plantagensystems" und des
384 5983 1292 6025 "Sharecropper–Systems" bedeutete. Aber trotzdem
384 6014 1292 6069 widerhallte das Land des „Baumwollgürtels" von der
1309 4425 2222 4467 Klage der armen Kreatur, von der Klage des Share¬
1307 4461 2222 4506 croppers, der mit dem Ende der Baumwolle sein eige¬
1303 4492 1749 4541 nes Ende herannahen sah.\:p\
1354 4535 2222 4570 \p\Was bedeutete die "Entthronung des Königs
1307 4569 2211 4617 Baumwolle“ für die, die frohlockten und der Boll
1313 4606 1975 4653 weevil–Seuche ein Denkmal errichteten?\:p\
1360 4647 2224 4690 \p\Die Sharecroopers, – die Pächter und Taglöhner,
1309 4680 2222 4724 die Männer, Frauen und Kinder –, die armen
1309 4718 2222 4772 Weißen, und ihre gehaßten Kollegen, die Farbigen,
1295 4757 2222 4801 sie alle hatten sich seit dem Sezessionskrieg daran ge¬
1295 4790 2222 4838 wöhnt, daß das Schicksal, das ihnen gemeinsam war,
1295 4826 2222 4868 "Baumwolle" hieß. Niedrige Baumwollpreise hießen
1295 4864 2222 4909 weniger Kredit im Laden des Plantagenbesitzers,
1295 4896 2222 4939 weniger Holz zum Heizen, weniger Maisbrot und
1313 4938 2222 4976 Schweinefett. Die Regierung in Washington schickte
1295 4961 2222 5021 Geld und Entschädigung. Aber die Summen des
1295 5014 2222 5050 "NRA" des "National Recovery Act", kamen mehr den
1295 5051 2222 5088 Plantagenbesitzern, den Landherren zugute als den
1324 5078 2222 5122 "Pflückern". Und die Neger deuteten die drei Buch¬
1295 5108 2209 5159 staben NRA als "Negroes rarely admitted", "Neger sel¬
1295 5146 1561 5199 ten zugelassen".\:p\
1359 5162 2222 5241 \p\Die Züge füllten sich, die in die großen Städte fuh¬
1295 5231 2222 5279 ren: nach Detroit und Chicago, nach Alabama, nach
1295 5265 2199 5308 Birmingham. Die Städte waren das gelobte Land,
1295 5301 2222 5345 wo nicht Milch und Honig reichlich flossen, wo aber ein
1295 5340 2222 5378 bescheidener Mann Arbeit und Bargeld zu finden
1318 5374 2222 5423 hoffte, zum täglichen Brot für sich, seine Frau und
1295 5399 1534 5455 seine Kinder.\:p\
1360 5440 2222 5493 \p\Birmingham hieß "die Stadt des unaufhörlichen
1295 5489 2222 5531 Versprechens". – Sie wurde gegründet kurz nach der
1295 5526 2222 5570 bitteren Niederlage des Bürgerkriegs, kurz nach der
1295 5561 2222 5594 Sklavenbefreiung, – kurz nach dem Triumph des geld¬
1295 5588 2222 5635 gierigen, städtereichen, kulturlosen, revolutionären
1295 5635 2222 5675 Nordens über den Süden mit seinen Baumwoll‐, Reis‐
1295 5668 2222 5720 und Zuckerplantagen, seinen großen Herren aus eng¬
1295 5705 2222 5755 lischen aristokratischen Familien, seinen weißen Säulen,
1295 5737 2222 5779 seiner "antebellum"‐Kultur und seinen Sklavenquar¬
1295 5778 2224 5822 tieren. Die Kapitalisten und Fabrikherren aus dem
1295 5797 2222 5866 Norden hatten soeben gesiegt, als Birmingham im
1295 5851 2203 5889 Staate Alabama gegründet wurde. Und es wurde ge¬
1295 5877 2224 5932 gründet von schlauen Spekulanten, weil sie wußten,
1295 5915 2222 5963 daß es in der Umgebung der neuen Stadt genug
1295 5944 2222 6004 Kohle, Eisen und Limbstone gab, um hier die größte
1295 5984 2222 6028 Stahlindustrie der Welt aufzubauen. Birmingham
1295 6022 2222 6076 (Alabama) wurde bevölkert mit dem Abschaum zweier
2229 4433 3158 4462 Rassen, die sich gegenseitig fürchteten. Ein Jahr spä¬
2229 4469 3074 4506 ter, 1871, sagte der Eisenkönig Abraham S. Hewiitt:\:p\
2298 4498 3159 4542 \p\"Die Tatsache steht fest. Alabama wird das indu¬
2229 4537 2842 4585 strielle Zentrum des Erdballs sein."\:p\
2288 4569 3158 4608 \p\Es folgte Versprechung nach Versprechung. "Bir¬
2237 4606 3158 4647 mingham wird 1940 die Stadt Pittsburgh überflügelt
2229 4639 3158 4682 haben" hieß es, und: "Birmingham wird die größte
2229 4679 3158 4721 amerikanische Binnenstadt werden". – Im Jahre 1937
2229 4712 3158 4758 erklärte ein Ingenieur vor den versammelten Mitglie¬
2229 4750 3158 4786 dern einiger vornehmer und reaktionärer Herrenklubs
2229 4782 3158 4834 in Birmingham: "Meine Herren, Alabama verfügt
2229 4823 3158 4868 über unendliche Reserven an potentiellen Reich¬
2229 4856 2371 4910 tümern."\:p\
2286 4875 3159 4936 \p\Aber trotz Roheisen und Kohle ist Birmingham
2229 4922 3158 4966 heute eine der ärmsten Städte Amerikas. Es gibt in
2229 4955 3158 5005 den Vereinigten Staaten 94 Städte mit mehr als
2229 5004 3158 5050 100,000 Einwohnern. Unter ihnen verzeichnet Birming¬
2229 5032 3158 5073 ham mit seinen 250,000 die niedrigsten Ausgaben pro
2229 5070 3158 5118 Kopf der Bevölkerung. Als das "New Deal" Roosevelts
2229 5102 3158 5157 ins Leben gerufen wurde, war Birmingham eine der
2243 5143 3158 5179 Städte, die am dringendsten der staatlichen Unter¬
2247 5176 3158 5217 stützung bedurften. Krankheiten wie Syphilis waren
2229 5203 3158 5259 in Birmingham am meisten verbreitet. In seinem
2229 5253 3158 5292 Negerviertel hat die Regierung eines ihrer wenigen
2229 5271 3158 5340 Negerprojekte ausgeführt: das Wohnungsprojekt
2229 5323 3158 5370 "Smithfield Courts". Neben den noch nicht benützten
2243 5351 3158 5404 Wohnungen mit ihren sauberen Räumen, elektrischen
2229 5392 3143 5438 Kochherden und Heizanlagen hausen Tausende von
2237 5428 3143 5475 Negern in elenden Hütten ohne Licht und Wasser. Die
2229 5456 3158 5505 Ziffer der Arbeitslosen und Unterstützungsbedürftigen
2229 5493 3158 5546 ist hoch, die Löhne derjenigen, die arbeiten dürfen, sind
2229 5537 3135 5579 außerordentlich niedrig. Die Stahlwerke von Birming¬
2229 5565 3135 5613 ham sind von einem der riesigen amerikanischen Stahl¬
2229 5609 3158 5651 trusts aufgekauft worden. "Kapital aus dem Norden"
2229 5646 3158 5693 ist heute die Hoffnung des amerikanischen Südens.
2229 5673 3136 5716 Der "gemeine Mann" weiß, daß der Kapitalist aus
2229 5710 3158 5759 New York und Boston nach Alabama kommt, weil hier
2229 5749 3158 5792 die Löhne niedrig, die "Hände" der Arbeiter billig
2228 5782 3158 5833 zu haben sind. Der durch den Bürgerkrieg ruinierte
2229 5821 3158 5860 Aristokrat des Südens haßt den "Yankee" aus dem
2243 5857 3143 5893 Norden, weil aus dem Norden nichts Gutes kommen
2229 5880 3141 5935 kann. – Birmingham (Alabama) sollte Pittsburgh
2229 5924 3158 5969 überflügeln und das industrielle Zentrum des Erd¬
2229 5962 3158 5998 balls werden. Die ganze Nacht hindurch glühen seine
2229 5989 3158 6040 Hochöfen, und jagen Funkengarben in den blauschwar¬
2229 6021 3158 6090 zen Himmel. Arme Weiße arbeiten in den Fabriken,
3163 4426 4074 4470 vergessene Männer, Leute aus dem Hinterland. Neger,
3172 4469 4071 4504 Enkel von Sklaven, verrichten die niedrigste und
3163 4497 4071 4546 schmutzigste Arbeit. Kohle ist vorhanden, Roheisen ist
3172 4537 4085 4574 vorhanden, Limbstone ist vorhanden. Birmingham
3163 4571 4074 4614 ist eine große Stadt geworden, mit Stahlwerken, Hoch¬
3163 4605 4080 4647 öfen, Kinos, Straßenbahnen, Hotels, Zeitungen, und
3163 4645 4084 4684 ist immer noch eine der ärmsten Städte Amerikas. Die
3163 4676 4077 4723 Menschen, die in Birmingham arbeiten, haben nie
3163 4711 4077 4756 genug Geld verdient, um ein Hemd aus der Baum¬
3163 4748 4077 4798 wolle zu kaufen, die von ihren Vätern und Brüdern
3163 4782 4074 4823 draußen auf den Feldern von Alabama gesät und ge¬
3163 4822 4084 4859 erntet wird. Die alte Sklavenpsychologie regiert in
3172 4858 4080 4894 den Fabriken von Birmingham wie auf den Plan¬
3163 4893 4077 4934 tagen des Staates Alabama. Die Seuche "Boll
3163 4932 4080 4967 weevil" hat die Baumwollfelder ruiniert. Die Pro¬
3163 4967 4080 5004 leten, die schwarzen und die weißen, warten auf ein
3163 5011 4080 5042 ähnliches Zeichen, um sich gegen ihre Herren, gegen
3163 5029 4081 5077 ihr Schicksal, gegen die Armut, zu erheben. "Schlechte
3163 5071 4077 5120 Zeiten kommen zuerst nach Birmingham, und bleiben
3163 5109 4074 5156 am längsten" lautet der Spruch. Aber auch die lang¬
3163 5144 4080 5187 mütigste Geduld muß einmal ihr Ende finden.
3163 5169 4084 5224 Birmingham ist reich an "potentiellen Reichtümern".
3163 5217 4080 5260 Industrie kommt in den Süden. Sie kommt, um die
3163 5252 4089 5292 "billigen Hände" auszubeuten. Aber die weißen und
3163 5287 4089 5328 die schwarzen Männer von Birmingham sind nicht
3162 5321 4089 5373 mehr die gleichen, die vor 77 Jahren in die Stadt des
3162 5353 3797 5409 "unaufhörlichen Versprechens" kamen.\:p\ [space]
3231 5399 4077 5454 \p\Birmingham erlebt heute seine "zweite Stunde",
3177 5439 4085 5496 der Süden verändert sich, die Baumwolle bringt nichts
3163 5489 4089 5534 mehr ein, die Felder sind erschöpft und gehören,
3163 5519 4086 5561 außerdem, großenteils den Landbanken und Versiche¬
3181 5559 4089 5599 rungsgesellschaften. Industrie heißt die neue Hoff¬
3163 5588 4089 5640 nung, und Birmingham hat, immer noch, seine poten¬
3177 5631 4086 5671 tiellen Reichtümer, sein Roherz, seine Kohle. 1870
3163 5657 4089 5710 wurde viel Geld in Birmingham investiert. Es hat sich
3175 5706 4084 5744 nicht gelohnt. Birmingham heißt noch immer die Stadt
3163 5737 4086 5785 des "unaufhörlichen Versprechens". Sonntags sind
3163 5772 4086 5819 die Kirchen überfüllt. Die Neger singen schwermütig
3163 5812 4086 5851 und inbrünstig. Sie glauben an das Paradies. Sie
3163 5827 4086 5889 verwechseln das Paradies mit dem, was ihnen einst
3183 5880 4091 5921 in der Stadt Birmingham versprochen wurde. Sie
3163 5895 3295 5966 singen:\:p\ [space]
3163 5951 3895 6010 \p\"Wenn die Sonne nicht mehr scheinen will,
3163 6018 3951 6053 Wenn die Heiligen in den Himmel einziehen,
3163 6029 4077 6102 Dann, o Herr, möchte ich in der Zahl derer sein ..."\:p\
