<?xml version="1.0" encoding="UTF-8"?>
<validation-wrapper>
   <PcGts xmlns="http://schema.primaresearch.org/PAGE/gts/pagecontent/2013-07-15"
          xmlns:xsi="http://www.w3.org/2001/XMLSchema-instance"
          xsi:schemaLocation="http://schema.primaresearch.org/PAGE/gts/pagecontent/2013-07-15 http://schema.primaresearch.org/PAGE/gts/pagecontent/2013-07-15/pagecontent.xsd">
      <Metadata>
         <Creator>prov=READ-COOP:name=TrHtr:version=2.25.0:model_id=51170:date=02_04_2025_10:01</Creator>
         <Created>2025-03-31T17:13:24.933+02:00</Created>
         <LastChange>2025-04-02T10:08:45.330+02:00</LastChange>
         <TranskribusMetadata docId="7715171"
                              pageId="94283975"
                              pageNr="1"
                              tsid="238677489"
                              status="IN_PROGRESS"
                              userId="295817"
                              imgUrl="https://files.transkribus.eu/Get?id=YBVXYFGQLCEDMHGYELDEMURY&amp;fileType=view"
                              xmlUrl="https://files.transkribus.eu/Get?id=HOZCXXVPHCVRMNMGKMOEQVPV"
                              imageId="78892232"/>
      </Metadata>
      <Page imageFilename="smallform_0568_001.jpg"
            imageWidth="3569"
            imageHeight="4538">
         <ReadingOrder>
            <OrderedGroup id="ro_1743581325330" caption="Regions reading order">
               <RegionRefIndexed index="0" regionRef="r"/>
               <RegionRefIndexed index="1" regionRef="r_2"/>
               <RegionRefIndexed index="2" regionRef="r_3"/>
            </OrderedGroup>
         </ReadingOrder>
         <TextRegion id="r" custom="readingOrder {index:0;}">
            <Coords points="1953,778 3181,778 3181,898 1953,898"/>
            <TextLine id="r_tl_1" custom="readingOrder {index:0;}">
               <Coords points="2014,872 3082,892 3082,823 3038,809 2014,809"/>
               <Baseline points="2021,862 2043,862 2065,862 2088,861 2110,861 2133,861 2155,859 2177,861 2200,861 2222,861 2245,861 2257,861 2258,861 2280,862 2303,861 2325,859 2348,861 2370,859 2392,861 2415,859 2437,859 2460,858 2482,859 2504,859 2527,861 2551,859 2573,861 2585,861 2594,859 2615,858 2637,859 2660,859 2682,858 2704,859 2727,858 2749,856 2772,858 2794,859 2816,858 2839,858 2861,858 2884,858 2906,858 2928,858 2951,858 2973,858 2995,858 3018,858 3040,859 3063,861 3085,858"/>
               <TextEquiv>
                  <Unicode>Nationale Jugend in Portugal</Unicode>
               </TextEquiv>
            </TextLine>
            <TextEquiv>
               <Unicode/>
            </TextEquiv>
         </TextRegion>
         <TextRegion id="r_2" custom="readingOrder {index:1;}">
            <Coords points="1870,898 2614,898 2614,1973 1870,1973"/>
            <TextLine id="r_2_tl_1" custom="readingOrder {index:0;}">
               <Coords points="1889,944 2557,948 2557,916 2461,895 2402,917 2139,920 1889,889"/>
               <Baseline points="1897,940 1910,938 1933,938 1955,938 1977,938 2000,938 2022,940 2045,938 2067,938 2089,938 2112,938 2134,938 2157,937 2179,937 2201,937 2224,938 2246,937 2269,937 2291,937 2313,937 2336,937 2358,937 2380,937 2403,937 2425,937 2448,937 2470,937 2492,937 2515,937 2537,937 2560,937"/>
               <TextEquiv>
                  <Unicode>\p\Am 27. April konnte der eminente Staats¬</Unicode>
               </TextEquiv>
            </TextLine>
            <TextLine id="r_2_tl_2" custom="readingOrder {index:1;}">
               <Coords points="1893,988 2564,992 2564,947 1893,951"/>
               <Baseline points="1901,980 1916,979 1939,979 1961,979 1983,979 2006,979 2028,979 2051,979 2073,979 2095,979 2118,977 2140,979 2163,979 2185,977 2207,977 2230,977 2252,977 2274,979 2297,977 2319,979 2342,979 2364,977 2386,977 2409,977 2431,977 2454,977 2476,977 2498,977 2521,977 2543,977 2566,979"/>
               <TextEquiv>
                  <Unicode>chef des neuen Portugal, Dr. Oliveira</Unicode>
               </TextEquiv>
            </TextLine>
            <TextLine id="r_2_tl_3" custom="readingOrder {index:2;}">
               <Coords points="1889,1037 2561,1026 2561,993 2532,985 1889,992"/>
               <Baseline points="1897,1019 1919,1019 1942,1019 1964,1019 1986,1019 2009,1019 2031,1019 2054,1018 2076,1019 2098,1018 2121,1018 2143,1018 2165,1018 2188,1018 2210,1018 2233,1018 2255,1019 2277,1019 2300,1018 2322,1018 2345,1021 2367,1019 2389,1018 2412,1018 2434,1018 2457,1018 2479,1018 2501,1018 2524,1016 2546,1016 2564,1019"/>
               <TextEquiv>
                  <Unicode>Salazar, den 14. Jahrestag jener Natio¬</Unicode>
               </TextEquiv>
            </TextLine>
            <TextLine id="r_2_tl_4" custom="readingOrder {index:3;}">
               <Coords points="1889,1066 2563,1065 2549,1022 2324,1045 2186,1022 1889,1038"/>
               <Baseline points="1897,1059 1916,1059 1939,1059 1961,1059 1983,1058 2006,1059 2028,1059 2051,1058 2073,1058 2095,1058 2118,1058 2140,1058 2163,1058 2185,1058 2207,1058 2230,1058 2252,1058 2274,1058 2297,1058 2319,1058 2342,1058 2364,1058 2386,1058 2409,1058 2431,1058 2454,1058 2476,1056 2498,1056 2521,1056 2543,1056 2566,1056"/>
               <TextEquiv>
                  <Unicode>nalen Revolution begehen, die im Frieden</Unicode>
               </TextEquiv>
            </TextLine>
            <TextLine id="r_2_tl_5" custom="readingOrder {index:4;}">
               <Coords points="1889,1105 2557,1105 2557,1068 1889,1069"/>
               <Baseline points="1897,1100 1910,1100 1933,1100 1955,1100 1977,1098 2000,1098 2022,1098 2045,1098 2067,1098 2089,1098 2112,1098 2134,1098 2157,1098 2179,1098 2201,1098 2224,1098 2246,1098 2269,1098 2291,1098 2313,1098 2336,1098 2358,1098 2380,1098 2403,1098 2425,1098 2448,1098 2470,1098 2492,1097 2515,1097 2537,1097 2560,1098"/>
               <TextEquiv>
                  <Unicode>begonnen und durchgeführt, das politi¬</Unicode>
               </TextEquiv>
            </TextLine>
            <TextLine id="r_2_tl_6" custom="readingOrder {index:5;}">
               <Coords points="1886,1148 2564,1152 2551,1106 1886,1122"/>
               <Baseline points="1894,1141 1895,1141 1918,1140 1940,1140 1962,1140 1985,1140 2007,1138 2030,1138 2052,1138 2074,1138 2097,1138 2119,1138 2142,1138 2164,1138 2186,1138 2209,1138 2231,1138 2254,1138 2276,1138 2298,1138 2321,1138 2343,1137 2366,1137 2388,1137 2410,1138 2433,1137 2455,1137 2477,1137 2500,1137 2522,1137 2545,1137 2567,1140"/>
               <TextEquiv>
                  <Unicode>sche und soziale Werk des «Korporativen</Unicode>
               </TextEquiv>
            </TextLine>
            <TextLine id="r_2_tl_7" custom="readingOrder {index:6;}">
               <Coords points="1889,1183 2567,1185 2567,1153 2499,1146 2039,1166 1889,1148"/>
               <Baseline points="1897,1180 1919,1180 1942,1180 1964,1180 1986,1179 2009,1179 2031,1179 2054,1179 2076,1179 2098,1179 2121,1179 2143,1179 2165,1180 2188,1179 2210,1179 2233,1179 2255,1179 2277,1179 2300,1179 2322,1179 2345,1179 2367,1179 2389,1179 2412,1177 2434,1177 2457,1177 2479,1179 2501,1177 2524,1177 2546,1177 2569,1180 2570,1180"/>
               <TextEquiv>
                  <Unicode>Staates» hervorgebracht hat. Der Staat</Unicode>
               </TextEquiv>
            </TextLine>
            <TextLine id="r_2_tl_8" custom="readingOrder {index:7;}">
               <Coords points="1893,1229 2567,1229 2567,1185 1893,1190"/>
               <Baseline points="1900,1221 1921,1219 1943,1219 1965,1221 1988,1219 2010,1219 2033,1219 2055,1219 2077,1219 2100,1219 2122,1219 2145,1219 2167,1219 2189,1218 2212,1219 2234,1219 2257,1218 2279,1218 2301,1218 2324,1218 2346,1218 2369,1218 2391,1218 2413,1218 2436,1218 2458,1218 2480,1218 2503,1218 2525,1218 2548,1218 2570,1219"/>
               <TextEquiv>
                  <Unicode>Salazars, der die traditionellen Elemente</Unicode>
               </TextEquiv>
            </TextLine>
            <TextLine id="r_2_tl_9" custom="readingOrder {index:8;}">
               <Coords points="1893,1267 2557,1266 2539,1226 1893,1227"/>
               <Baseline points="1900,1261 1922,1259 1945,1259 1967,1259 1989,1259 2012,1259 2034,1259 2057,1259 2079,1259 2101,1259 2124,1259 2146,1258 2168,1259 2191,1259 2213,1259 2236,1259 2258,1258 2280,1258 2303,1258 2325,1258 2348,1258 2370,1258 2392,1258 2415,1258 2437,1258 2460,1258 2482,1258 2504,1258 2527,1258 2549,1258 2561,1261"/>
               <TextEquiv>
                  <Unicode>und Notwendigkeiten der Nation und Ge¬</Unicode>
               </TextEquiv>
            </TextLine>
            <TextLine id="r_2_tl_10" custom="readingOrder {index:9;}">
               <Coords points="1889,1310 2567,1306 2567,1278 1889,1281"/>
               <Baseline points="1897,1301 1898,1301 1921,1301 1943,1300 1965,1300 1988,1300 2010,1300 2033,1300 2055,1298 2077,1298 2100,1298 2122,1300 2145,1298 2167,1298 2189,1298 2212,1298 2234,1298 2257,1298 2279,1298 2301,1298 2324,1298 2346,1298 2369,1298 2391,1298 2413,1298 2436,1298 2458,1298 2480,1298 2503,1298 2525,1298 2548,1298 2570,1300"/>
               <TextEquiv>
                  <Unicode>sellschaft mit den sozialen Forderungen</Unicode>
               </TextEquiv>
            </TextLine>
            <TextLine id="r_2_tl_11" custom="readingOrder {index:10;}">
               <Coords points="1893,1350 2557,1349 2540,1306 1893,1319"/>
               <Baseline points="1900,1341 1910,1340 1933,1340 1955,1340 1977,1340 2000,1340 2022,1340 2045,1340 2067,1340 2089,1340 2112,1340 2134,1339 2157,1339 2179,1339 2201,1339 2224,1339 2246,1339 2269,1339 2291,1339 2313,1340 2336,1339 2358,1339 2380,1339 2403,1339 2425,1339 2448,1339 2470,1339 2492,1339 2515,1339 2537,1337 2560,1339"/>
               <TextEquiv>
                  <Unicode>unserer Zeit in Einklang bringt, ist un¬</Unicode>
               </TextEquiv>
            </TextLine>
            <TextLine id="r_2_tl_12" custom="readingOrder {index:11;}">
               <Coords points="1893,1392 2560,1391 2544,1345 1893,1350"/>
               <Baseline points="1900,1382 1913,1380 1936,1380 1958,1380 1980,1379 2003,1380 2025,1380 2048,1380 2070,1379 2092,1379 2115,1379 2137,1379 2160,1379 2182,1379 2204,1379 2227,1379 2249,1379 2271,1379 2294,1379 2316,1379 2339,1379 2361,1379 2383,1379 2406,1379 2428,1379 2451,1377 2473,1377 2495,1377 2518,1377 2540,1377 2563,1380"/>
               <TextEquiv>
                  <Unicode>trennbar verbunden mit einer morali¬</Unicode>
               </TextEquiv>
            </TextLine>
            <TextLine id="r_2_tl_13" custom="readingOrder {index:12;}">
               <Coords points="1890,1436 2563,1427 2563,1388 1890,1395"/>
               <Baseline points="1898,1422 1916,1421 1939,1421 1961,1421 1983,1421 2006,1419 2028,1419 2051,1419 2073,1419 2095,1419 2118,1419 2140,1419 2163,1419 2185,1421 2207,1419 2230,1419 2252,1419 2274,1419 2297,1419 2319,1419 2342,1419 2364,1419 2386,1418 2409,1418 2431,1419 2454,1418 2476,1418 2498,1418 2521,1418 2543,1418 2566,1421"/>
               <TextEquiv>
                  <Unicode>schen Erneuerung des Menschen und sei¬</Unicode>
               </TextEquiv>
            </TextLine>
            <TextLine id="r_2_tl_14" custom="readingOrder {index:13;}">
               <Coords points="1893,1472 2560,1467 2545,1424 1894,1438"/>
               <Baseline points="1900,1462 1913,1461 1936,1461 1958,1461 1980,1461 2003,1459 2025,1459 2048,1459 2070,1459 2092,1459 2115,1459 2137,1461 2160,1461 2182,1459 2204,1459 2227,1459 2249,1459 2271,1459 2294,1459 2316,1459 2339,1459 2361,1459 2383,1459 2406,1459 2428,1459 2451,1459 2473,1461 2495,1459 2518,1459 2540,1458 2563,1461"/>
               <TextEquiv>
                  <Unicode>ner Auffassung von den Pflichten gegen</Unicode>
               </TextEquiv>
            </TextLine>
            <TextLine id="r_2_tl_15" custom="readingOrder {index:14;}">
               <Coords points="1893,1510 2565,1511 2553,1468 1893,1472"/>
               <Baseline points="1900,1501 1919,1501 1942,1501 1964,1501 1986,1501 2009,1500 2031,1500 2054,1501 2076,1500 2098,1500 2121,1500 2143,1500 2165,1500 2188,1500 2210,1500 2233,1500 2255,1500 2277,1500 2300,1500 2322,1500 2345,1498 2367,1498 2389,1498 2412,1498 2434,1498 2457,1498 2479,1500 2501,1500 2524,1498 2546,1498 2569,1500"/>
               <TextEquiv>
                  <Unicode>über der Kollektivität. So erklärt sich</Unicode>
               </TextEquiv>
            </TextLine>
            <TextLine id="r_2_tl_16" custom="readingOrder {index:15;}">
               <Coords points="1889,1558 2560,1552 2532,1507 1889,1522"/>
               <Baseline points="1897,1542 1913,1542 1936,1542 1958,1542 1980,1540 2003,1540 2025,1540 2048,1540 2070,1540 2092,1540 2115,1540 2137,1540 2160,1540 2182,1540 2204,1539 2227,1539 2249,1539 2271,1539 2294,1539 2316,1539 2339,1539 2361,1539 2383,1539 2406,1540 2428,1540 2451,1539 2473,1539 2495,1540 2518,1539 2540,1539 2563,1540"/>
               <TextEquiv>
                  <Unicode>die hervorragende Bedeutung der Ju¬</Unicode>
               </TextEquiv>
            </TextLine>
            <TextLine id="r_2_tl_17" custom="readingOrder {index:16;}">
               <Coords points="1893,1595 2495,1590 2495,1552 2210,1563 1962,1544 1893,1563"/>
               <Baseline points="1900,1586 1916,1583 1939,1582 1961,1582 1983,1580 2006,1580 2028,1580 2051,1580 2073,1580 2095,1580 2118,1580 2140,1582 2163,1579 2185,1579 2207,1580 2230,1579 2252,1579 2274,1579 2297,1579 2319,1579 2342,1579 2364,1579 2386,1579 2409,1579 2431,1579 2454,1579 2476,1579 2498,1580"/>
               <TextEquiv>
                  <Unicode>genderziehung im neuen Portugal.\:p\</Unicode>
               </TextEquiv>
            </TextLine>
            <TextLine id="r_2_tl_18" custom="readingOrder {index:17;}">
               <Coords points="1896,1635 2561,1631 2561,1583 2424,1603 2368,1583 2256,1603 1896,1594"/>
               <Baseline points="1903,1621 1925,1621 1948,1621 1970,1621 1992,1621 2015,1621 2037,1621 2060,1621 2082,1621 2104,1621 2127,1621 2149,1621 2171,1619 2194,1621 2216,1619 2239,1619 2261,1619 2283,1619 2306,1619 2328,1619 2351,1619 2373,1619 2395,1618 2418,1618 2440,1618 2463,1618 2485,1618 2507,1618 2530,1619 2552,1619 2564,1621"/>
               <TextEquiv>
                  <Unicode>\p\Ohne darauf ein Monopol zu erheben</Unicode>
               </TextEquiv>
            </TextLine>
            <TextLine id="r_2_tl_19" custom="readingOrder {index:18;}">
               <Coords points="1893,1668 2456,1660 2560,1679 2560,1636 2520,1631 1893,1632"/>
               <Baseline points="1900,1661 1913,1661 1936,1661 1958,1661 1980,1661 2003,1661 2025,1661 2048,1659 2070,1659 2092,1659 2115,1659 2137,1659 2160,1659 2182,1659 2204,1659 2227,1659 2249,1659 2271,1659 2294,1659 2316,1659 2339,1658 2361,1659 2383,1658 2406,1658 2428,1658 2451,1658 2473,1658 2495,1658 2518,1658 2540,1658 2563,1659"/>
               <TextEquiv>
                  <Unicode>ohne Familie, Schule und Kirche auszu¬</Unicode>
               </TextEquiv>
            </TextLine>
            <TextLine id="r_2_tl_20" custom="readingOrder {index:19;}">
               <Coords points="1889,1707 2564,1711 2565,1676 1890,1684"/>
               <Baseline points="1897,1703 1918,1701 1940,1701 1962,1701 1985,1701 2007,1701 2030,1701 2052,1701 2074,1700 2097,1700 2119,1701 2142,1700 2164,1700 2186,1700 2209,1700 2231,1700 2254,1698 2276,1698 2298,1698 2321,1698 2343,1698 2366,1698 2388,1698 2410,1698 2433,1698 2455,1698 2477,1698 2500,1698 2522,1698 2545,1698 2567,1701"/>
               <TextEquiv>
                  <Unicode>schalten, hat es sich der Staat doch zur</Unicode>
               </TextEquiv>
            </TextLine>
            <TextLine id="r_2_tl_21" custom="readingOrder {index:20;}">
               <Coords points="1893,1745 1993,1764 2564,1753 2564,1712 2533,1704 1893,1711"/>
               <Baseline points="1900,1743 1916,1742 1939,1742 1961,1743 1983,1742 2006,1742 2028,1742 2051,1743 2073,1742 2095,1740 2118,1740 2140,1740 2163,1740 2185,1740 2207,1740 2230,1740 2252,1740 2274,1740 2297,1740 2319,1740 2342,1739 2364,1739 2386,1739 2409,1739 2431,1739 2454,1739 2476,1740 2498,1740 2521,1739 2543,1739 2566,1739"/>
               <TextEquiv>
                  <Unicode>Aufgabe gemacht, die Erziehung der</Unicode>
               </TextEquiv>
            </TextLine>
            <TextLine id="r_2_tl_22" custom="readingOrder {index:21;}">
               <Coords points="1893,1795 2567,1791 2568,1755 1933,1765 1894,1745"/>
               <Baseline points="1901,1786 1921,1783 1943,1782 1965,1783 1988,1782 2010,1782 2033,1780 2055,1780 2077,1780 2100,1780 2122,1780 2145,1780 2167,1780 2189,1780 2212,1779 2234,1779 2257,1779 2279,1779 2301,1779 2324,1779 2346,1779 2369,1779 2391,1779 2413,1779 2436,1779 2458,1779 2480,1777 2503,1777 2525,1779 2548,1779 2570,1780"/>
               <TextEquiv>
                  <Unicode>jungen Portugiesen zu charaktervollen,</Unicode>
               </TextEquiv>
            </TextLine>
            <TextLine id="r_2_tl_23" custom="readingOrder {index:22;}">
               <Coords points="1893,1826 2564,1826 2564,1799 2517,1787 1893,1795"/>
               <Baseline points="1900,1822 1918,1822 1940,1822 1962,1821 1985,1821 2007,1821 2030,1821 2052,1821 2074,1821 2097,1821 2119,1821 2142,1822 2164,1821 2186,1821 2209,1821 2231,1821 2254,1819 2276,1819 2298,1819 2321,1819 2343,1819 2366,1819 2388,1819 2410,1818 2433,1818 2455,1818 2477,1819 2500,1818 2522,1818 2545,1818 2567,1821"/>
               <TextEquiv>
                  <Unicode>harmonischen, und disziplinierten Men¬</Unicode>
               </TextEquiv>
            </TextLine>
            <TextLine id="r_2_tl_24" custom="readingOrder {index:23;}">
               <Coords points="1893,1868 2453,1873 2481,1866 2483,1842 1894,1828"/>
               <Baseline points="1900,1864 1903,1864 1925,1862 1948,1862 1970,1862 1992,1861 2015,1861 2037,1861 2060,1861 2082,1861 2104,1861 2127,1859 2149,1861 2171,1859 2194,1859 2216,1859 2239,1859 2261,1859 2283,1859 2306,1859 2328,1859 2351,1859 2373,1858 2395,1858 2418,1858 2440,1858 2463,1858 2485,1861"/>
               <TextEquiv>
                  <Unicode>schen zu leiten und zu überwachen.\:p\</Unicode>
               </TextEquiv>
            </TextLine>
            <TextLine id="r_2_tl_25" custom="readingOrder {index:24;}">
               <Coords points="1893,1909 2565,1905 2565,1878 2472,1866 1893,1873"/>
               <Baseline points="1900,1904 1919,1903 1942,1901 1964,1903 1986,1901 2009,1901 2031,1901 2054,1901 2076,1901 2098,1901 2121,1900 2143,1901 2165,1900 2188,1900 2210,1900 2233,1900 2255,1900 2277,1903 2300,1900 2322,1900 2345,1900 2367,1900 2389,1898 2412,1900 2434,1900 2457,1898 2479,1898 2501,1898 2524,1898 2546,1898 2569,1901"/>
               <TextEquiv>
                  <Unicode>\p\Die Charakterbildung ist das oberste</Unicode>
               </TextEquiv>
            </TextLine>
            <TextLine id="r_2_tl_26" custom="readingOrder {index:25;}">
               <Coords points="1896,1969 1956,1948 2246,1946 2311,1973 2382,1946 2563,1950 2528,1904 2296,1926 1896,1912"/>
               <Baseline points="1903,1943 1916,1942 1939,1942 1961,1942 1983,1942 2006,1942 2028,1942 2051,1942 2073,1940 2095,1940 2118,1940 2140,1940 2163,1940 2185,1940 2207,1940 2230,1940 2252,1940 2274,1940 2297,1942 2319,1940 2342,1940 2364,1939 2386,1939 2409,1939 2431,1939 2454,1939 2476,1939 2498,1939 2521,1939 2543,1937 2566,1939"/>
               <TextEquiv>
                  <Unicode>Ziel der 1936 ins Leben gerufenen natio¬</Unicode>
               </TextEquiv>
            </TextLine>
            <TextEquiv>
               <Unicode/>
            </TextEquiv>
         </TextRegion>
         <TextRegion id="r_3" custom="readingOrder {index:2;}">
            <Coords points="2602,914 3351,914 3351,1973 2602,1973"/>
            <TextLine id="r_3_tl_1" custom="readingOrder {index:0;}">
               <Coords points="2612,944 3287,951 3287,904 3238,887 3119,912 2677,896 2612,915"/>
               <Baseline points="2619,935 2642,935 2664,934 2686,934 2709,935 2731,934 2754,935 2776,935 2798,935 2821,934 2843,934 2866,934 2888,934 2910,934 2933,934 2955,934 2978,934 3000,934 3022,934 3045,935 3067,934 3090,934 3112,935 3134,934 3157,935 3179,935 3201,935 3224,935 3246,935 3269,935 3290,938"/>
               <TextEquiv>
                  <Unicode>nalen Jugendorganisation, der «Mocidade</Unicode>
               </TextEquiv>
            </TextLine>
            <TextLine id="r_3_tl_2" custom="readingOrder {index:1;}">
               <Coords points="2615,986 3275,989 3276,953 2616,945"/>
               <Baseline points="2622,977 2628,976 2651,976 2673,976 2695,976 2718,976 2740,976 2763,976 2785,976 2807,974 2830,976 2852,974 2875,974 2897,974 2919,974 2942,974 2964,974 2987,974 3009,974 3031,974 3054,974 3076,974 3098,974 3121,974 3143,974 3166,974 3188,974 3210,974 3233,974 3255,974 3278,976"/>
               <TextEquiv>
                  <Unicode>Portuguesa», welche ein Programm kör¬</Unicode>
               </TextEquiv>
            </TextLine>
            <TextLine id="r_3_tl_3" custom="readingOrder {index:2;}">
               <Coords points="2615,1034 3280,1026 3280,985 2615,992"/>
               <Baseline points="2622,1021 2645,1016 2667,1016 2689,1016 2712,1015 2734,1015 2757,1016 2779,1015 2801,1015 2824,1015 2846,1015 2869,1015 2891,1015 2913,1016 2936,1015 2958,1015 2981,1016 3003,1015 3025,1015 3048,1015 3070,1015 3093,1015 3115,1015 3137,1015 3160,1015 3182,1015 3204,1015 3227,1015 3249,1015 3272,1015 3284,1018"/>
               <TextEquiv>
                  <Unicode>perlicher Ertüchtigung, sportlichen Trai¬</Unicode>
               </TextEquiv>
            </TextLine>
            <TextLine id="r_3_tl_4" custom="readingOrder {index:3;}">
               <Coords points="2612,1065 3283,1064 3283,1026 2612,1033"/>
               <Baseline points="2619,1056 2642,1056 2664,1056 2686,1056 2709,1056 2731,1056 2754,1055 2776,1055 2798,1055 2821,1055 2843,1055 2866,1055 2888,1055 2910,1055 2933,1053 2955,1053 2978,1053 3000,1053 3022,1053 3045,1053 3067,1053 3090,1053 3112,1053 3134,1053 3157,1053 3179,1053 3201,1053 3224,1055 3246,1053 3269,1053 3285,1056"/>
               <TextEquiv>
                  <Unicode>nings und militärischer Vorbereitung für</Unicode>
               </TextEquiv>
            </TextLine>
            <TextLine id="r_3_tl_5" custom="readingOrder {index:4;}">
               <Coords points="2613,1100 3282,1105 3282,1062 2613,1076"/>
               <Baseline points="2621,1097 2636,1097 2658,1097 2681,1097 2703,1097 2725,1095 2748,1095 2770,1095 2792,1095 2815,1095 2837,1095 2860,1095 2882,1095 2904,1095 2927,1095 2949,1094 2972,1095 2994,1094 3016,1094 3039,1094 3061,1094 3084,1094 3106,1092 3128,1092 3151,1092 3173,1092 3196,1092 3218,1092 3240,1092 3263,1094 3285,1095"/>
               <TextEquiv>
                  <Unicode>die letzten Jahrgänge mit moralischer</Unicode>
               </TextEquiv>
            </TextLine>
            <TextLine id="r_3_tl_6" custom="readingOrder {index:5;}">
               <Coords points="2617,1145 3284,1142 3284,1105 2617,1110"/>
               <Baseline points="2624,1138 2637,1137 2660,1135 2682,1137 2704,1137 2727,1135 2749,1135 2772,1135 2794,1135 2816,1135 2839,1134 2861,1134 2884,1134 2906,1134 2928,1134 2951,1134 2973,1134 2995,1134 3018,1133 3040,1134 3063,1133 3085,1133 3107,1133 3130,1133 3152,1133 3175,1133 3197,1134 3219,1134 3242,1133 3264,1133 3287,1134"/>
               <TextEquiv>
                  <Unicode>und politisch nationaler Formung und</Unicode>
               </TextEquiv>
            </TextLine>
            <TextLine id="r_3_tl_7" custom="readingOrder {index:6;}">
               <Coords points="2613,1186 3291,1186 3291,1140 3059,1161 2613,1145"/>
               <Baseline points="2621,1176 2643,1176 2666,1176 2688,1176 2710,1176 2733,1176 2755,1176 2778,1176 2800,1174 2822,1174 2845,1174 2867,1174 2889,1176 2912,1176 2934,1174 2957,1174 2979,1174 3001,1174 3024,1174 3046,1173 3069,1173 3091,1173 3113,1173 3136,1173 3158,1173 3181,1173 3203,1173 3225,1173 3248,1173 3270,1173 3293,1174"/>
               <TextEquiv>
                  <Unicode>Schulung vereinigt. In den scholaren und</Unicode>
               </TextEquiv>
            </TextLine>
            <TextLine id="r_3_tl_8" custom="readingOrder {index:7;}">
               <Coords points="2617,1223 3278,1225 3258,1182 2617,1187"/>
               <Baseline points="2624,1216 2631,1216 2654,1216 2676,1216 2698,1216 2721,1216 2743,1215 2766,1215 2788,1215 2810,1215 2833,1215 2855,1215 2878,1215 2900,1216 2922,1215 2945,1215 2967,1215 2990,1215 3012,1215 3034,1213 3057,1215 3079,1215 3101,1213 3124,1213 3146,1213 3169,1213 3191,1213 3213,1213 3236,1212 3258,1213 3281,1215"/>
               <TextEquiv>
                  <Unicode>ex-scholaren Jugendzentren, und in Fe¬</Unicode>
               </TextEquiv>
            </TextLine>
            <TextLine id="r_3_tl_9" custom="readingOrder {index:8;}">
               <Coords points="2615,1266 3290,1265 3291,1229 2616,1238"/>
               <Baseline points="2622,1258 2643,1256 2666,1256 2688,1256 2710,1256 2733,1256 2755,1256 2778,1256 2800,1255 2822,1255 2845,1255 2867,1255 2889,1255 2912,1255 2934,1255 2957,1255 2979,1253 3001,1253 3024,1253 3046,1253 3069,1253 3091,1253 3113,1253 3136,1253 3158,1253 3181,1253 3203,1253 3225,1253 3248,1252 3270,1252 3293,1253"/>
               <TextEquiv>
                  <Unicode>rienlagern in der Natur ihrer so schönen</Unicode>
               </TextEquiv>
            </TextLine>
            <TextLine id="r_3_tl_10" custom="readingOrder {index:9;}">
               <Coords points="2615,1309 3288,1299 3278,1261 2615,1266"/>
               <Baseline points="2622,1298 2642,1297 2664,1297 2686,1297 2709,1297 2731,1297 2754,1297 2776,1295 2798,1295 2821,1295 2843,1295 2866,1295 2888,1295 2910,1295 2933,1295 2955,1294 2978,1294 3000,1294 3022,1294 3045,1294 3067,1294 3090,1294 3112,1294 3134,1294 3157,1294 3179,1294 3201,1292 3224,1294 3246,1292 3269,1292 3291,1295"/>
               <TextEquiv>
                  <Unicode>Heimat lernen die Kinder Portugals ein</Unicode>
               </TextEquiv>
            </TextLine>
            <TextLine id="r_3_tl_11" custom="readingOrder {index:10;}">
               <Coords points="2612,1355 3276,1347 3291,1311 2613,1315"/>
               <Baseline points="2619,1339 2621,1339 2643,1337 2666,1337 2688,1337 2710,1337 2733,1336 2755,1336 2778,1336 2800,1336 2822,1336 2845,1336 2867,1334 2889,1336 2912,1334 2934,1334 2957,1334 2979,1334 3001,1334 3024,1334 3046,1334 3069,1334 3091,1334 3113,1334 3136,1333 3158,1333 3181,1333 3203,1333 3225,1334 3248,1333 3270,1333 3293,1337"/>
               <TextEquiv>
                  <Unicode>solidarisches Zusammenleben, Disziplin,</Unicode>
               </TextEquiv>
            </TextLine>
            <TextLine id="r_3_tl_12" custom="readingOrder {index:11;}">
               <Coords points="2615,1384 3287,1381 3287,1345 2615,1354"/>
               <Baseline points="2622,1379 2640,1377 2663,1377 2685,1377 2707,1377 2730,1377 2752,1376 2775,1376 2797,1376 2819,1376 2842,1376 2864,1376 2887,1376 2909,1376 2931,1376 2954,1374 2976,1374 2998,1374 3021,1374 3043,1374 3066,1374 3088,1374 3110,1373 3133,1373 3155,1373 3178,1373 3200,1373 3222,1373 3245,1373 3267,1373 3290,1373"/>
               <TextEquiv>
                  <Unicode>und selbstlose Opferbereitschaft. Die</Unicode>
               </TextEquiv>
            </TextLine>
            <TextLine id="r_3_tl_13" custom="readingOrder {index:12;}">
               <Coords points="2617,1424 3284,1427 3284,1392 3258,1381 2617,1387"/>
               <Baseline points="2624,1419 2637,1418 2660,1418 2682,1418 2704,1416 2727,1416 2749,1416 2772,1416 2794,1416 2816,1416 2839,1416 2861,1415 2884,1415 2906,1415 2928,1416 2951,1415 2973,1415 2995,1415 3018,1415 3040,1413 3063,1413 3085,1415 3107,1413 3130,1413 3152,1413 3175,1413 3197,1413 3219,1413 3242,1413 3264,1412 3287,1416"/>
               <TextEquiv>
                  <Unicode>Nationale Jugend ist in die vier Alters¬</Unicode>
               </TextEquiv>
            </TextLine>
            <TextLine id="r_3_tl_14" custom="readingOrder {index:13;}">
               <Coords points="2617,1463 3278,1459 3278,1428 3167,1420 2959,1439 2617,1424"/>
               <Baseline points="2624,1458 2631,1458 2654,1458 2676,1458 2698,1456 2721,1456 2743,1456 2766,1456 2788,1456 2810,1456 2833,1455 2855,1456 2878,1456 2900,1455 2922,1455 2945,1455 2967,1455 2990,1455 3012,1455 3034,1455 3057,1453 3079,1453 3101,1453 3124,1453 3146,1453 3169,1453 3191,1453 3213,1453 3236,1453 3258,1453 3281,1455"/>
               <TextEquiv>
                  <Unicode>klassen der Lusitos, Infantes, Vanguar¬</Unicode>
               </TextEquiv>
            </TextLine>
            <TextLine id="r_3_tl_15" custom="readingOrder {index:14;}">
               <Coords points="2617,1512 3284,1504 3262,1462 2617,1475"/>
               <Baseline points="2625,1500 2639,1498 2661,1497 2683,1497 2706,1497 2728,1497 2751,1497 2773,1497 2795,1497 2818,1495 2840,1495 2863,1495 2885,1495 2907,1495 2930,1495 2952,1495 2975,1495 2997,1495 3019,1494 3042,1494 3064,1494 3087,1494 3109,1494 3131,1494 3154,1494 3176,1494 3198,1494 3221,1494 3243,1492 3266,1492 3288,1495"/>
               <TextEquiv>
                  <Unicode>distas und Cadetes eingeteilt und ist für</Unicode>
               </TextEquiv>
            </TextLine>
            <TextLine id="r_3_tl_16" custom="readingOrder {index:15;}">
               <Coords points="2617,1543 3284,1536 3262,1500 2617,1512"/>
               <Baseline points="2624,1539 2637,1539 2660,1537 2682,1537 2704,1537 2727,1537 2749,1537 2772,1536 2794,1537 2816,1537 2839,1536 2861,1536 2884,1536 2906,1534 2928,1536 2951,1536 2973,1536 2995,1534 3018,1534 3040,1534 3063,1534 3085,1534 3107,1534 3130,1534 3152,1533 3175,1533 3197,1533 3219,1534 3242,1533 3264,1533 3287,1536"/>
               <TextEquiv>
                  <Unicode>die Kinder bis zum 14. Jahr obligato¬</Unicode>
               </TextEquiv>
            </TextLine>
            <TextLine id="r_3_tl_17" custom="readingOrder {index:16;}">
               <Coords points="2615,1584 3287,1586 3288,1535 2616,1554"/>
               <Baseline points="2622,1577 2640,1577 2663,1577 2685,1577 2707,1577 2730,1577 2752,1577 2775,1577 2797,1576 2819,1576 2842,1576 2864,1576 2887,1576 2909,1576 2931,1576 2954,1574 2976,1574 2998,1576 3021,1574 3043,1574 3066,1574 3088,1574 3110,1574 3133,1574 3155,1573 3178,1573 3200,1573 3222,1573 3245,1573 3267,1573 3290,1576"/>
               <TextEquiv>
                  <Unicode>risch. Die freiwilligen, älteren Vanguar¬</Unicode>
               </TextEquiv>
            </TextLine>
            <TextLine id="r_3_tl_18" custom="readingOrder {index:17;}">
               <Coords points="2615,1620 3135,1635 3288,1628 3290,1592 2616,1590"/>
               <Baseline points="2622,1619 2642,1618 2664,1618 2686,1618 2709,1618 2731,1618 2754,1616 2776,1616 2798,1616 2821,1618 2843,1616 2866,1616 2888,1616 2910,1616 2933,1616 2955,1616 2978,1615 3000,1615 3022,1615 3045,1615 3067,1615 3090,1615 3112,1615 3134,1613 3157,1613 3179,1613 3201,1615 3224,1613 3246,1613 3269,1613 3291,1615"/>
               <TextEquiv>
                  <Unicode>distas und Cadetes können sich, vom</Unicode>
               </TextEquiv>
            </TextLine>
            <TextLine id="r_3_tl_19" custom="readingOrder {index:18;}">
               <Coords points="2615,1676 2942,1656 3287,1672 3287,1627 3259,1623 3006,1621 2943,1645 2898,1624 2615,1624"/>
               <Baseline points="2622,1658 2640,1658 2663,1658 2685,1656 2707,1656 2730,1656 2752,1656 2775,1656 2797,1656 2819,1655 2842,1656 2864,1656 2887,1656 2909,1656 2931,1655 2954,1655 2976,1655 2998,1655 3021,1655 3043,1653 3066,1653 3088,1653 3110,1653 3133,1653 3155,1653 3178,1653 3200,1653 3222,1653 3245,1653 3267,1653 3290,1655"/>
               <TextEquiv>
                  <Unicode>Sportsarzt beraten und überwacht, für</Unicode>
               </TextEquiv>
            </TextLine>
            <TextLine id="r_3_tl_20" custom="readingOrder {index:19;}">
               <Coords points="2615,1711 3292,1704 3292,1671 3235,1657 2615,1681"/>
               <Baseline points="2622,1700 2624,1700 2646,1698 2669,1698 2691,1698 2713,1698 2736,1697 2758,1697 2781,1697 2803,1697 2825,1697 2848,1697 2870,1695 2892,1695 2915,1695 2937,1695 2960,1695 2982,1695 3004,1695 3027,1695 3049,1695 3072,1694 3094,1694 3116,1694 3139,1694 3161,1694 3184,1694 3206,1694 3228,1694 3251,1694 3273,1694 3296,1695"/>
               <TextEquiv>
                  <Unicode>einen Sport wie Fechten, Boxen, Reiten</Unicode>
               </TextEquiv>
            </TextLine>
            <TextLine id="r_3_tl_21" custom="readingOrder {index:20;}">
               <Coords points="2612,1749 3290,1741 3288,1704 2612,1715"/>
               <Baseline points="2619,1739 2621,1739 2643,1739 2666,1739 2688,1739 2710,1739 2733,1737 2755,1737 2778,1737 2800,1737 2822,1737 2845,1736 2867,1736 2889,1736 2912,1736 2934,1736 2957,1737 2979,1736 3001,1734 3024,1734 3046,1734 3069,1734 3091,1734 3113,1734 3136,1734 3158,1734 3181,1733 3203,1733 3225,1733 3248,1733 3270,1733 3293,1734"/>
               <TextEquiv>
                  <Unicode>usw. spezialisieren, während schon für</Unicode>
               </TextEquiv>
            </TextLine>
            <TextLine id="r_3_tl_22" custom="readingOrder {index:21;}">
               <Coords points="2617,1791 3288,1783 3278,1740 2865,1763 2617,1747"/>
               <Baseline points="2625,1779 2640,1779 2663,1779 2685,1779 2707,1777 2730,1777 2752,1777 2775,1777 2797,1776 2819,1776 2842,1776 2864,1776 2887,1776 2909,1776 2931,1776 2954,1776 2976,1774 2998,1774 3021,1776 3043,1774 3066,1774 3088,1774 3110,1774 3133,1774 3155,1773 3178,1774 3200,1773 3222,1773 3245,1773 3267,1773 3290,1774"/>
               <TextEquiv>
                  <Unicode>die Jüngeren und Jüngsten vor allem</Unicode>
               </TextEquiv>
            </TextLine>
            <TextLine id="r_3_tl_23" custom="readingOrder {index:22;}">
               <Coords points="2621,1830 3290,1822 3275,1780 2623,1789"/>
               <Baseline points="2628,1819 2643,1818 2666,1818 2688,1818 2710,1818 2733,1818 2755,1818 2778,1816 2800,1816 2822,1818 2845,1816 2867,1816 2889,1816 2912,1816 2934,1816 2957,1816 2979,1815 3001,1815 3024,1815 3046,1815 3069,1815 3091,1815 3113,1815 3136,1815 3158,1815 3181,1813 3203,1813 3225,1813 3248,1813 3270,1813 3293,1816"/>
               <TextEquiv>
                  <Unicode>Turnen obligatorisch ist und Segeln bei</Unicode>
               </TextEquiv>
            </TextLine>
            <TextLine id="r_3_tl_24" custom="readingOrder {index:23;}">
               <Coords points="2613,1869 3286,1869 3287,1818 2615,1828"/>
               <Baseline points="2622,1859 2640,1858 2663,1858 2685,1858 2707,1858 2730,1858 2752,1858 2775,1856 2797,1856 2819,1856 2842,1856 2864,1856 2887,1856 2909,1856 2931,1855 2954,1856 2976,1856 2998,1856 3021,1855 3043,1855 3066,1855 3088,1855 3110,1855 3133,1854 3155,1854 3178,1854 3200,1854 3222,1854 3245,1854 3267,1854 3290,1855"/>
               <TextEquiv>
                  <Unicode>diesen Nachkommen grosser Seefahrer</Unicode>
               </TextEquiv>
            </TextLine>
            <TextLine id="r_3_tl_25" custom="readingOrder {index:24;}">
               <Coords points="2615,1910 3063,1902 3063,1868 3027,1860 2978,1877 2929,1862 2615,1882"/>
               <Baseline points="2622,1898 2640,1898 2663,1898 2685,1898 2707,1898 2730,1898 2752,1898 2775,1897 2797,1897 2819,1897 2842,1897 2864,1897 2887,1895 2909,1895 2931,1895 2954,1897 2976,1895 2998,1895 3021,1895 3043,1895 3066,1897"/>
               <TextEquiv>
                  <Unicode>eine wichtige Rolle spielt!\:p\</Unicode>
               </TextEquiv>
            </TextLine>
            <TextLine id="r_3_tl_26" custom="readingOrder {index:25;}">
               <Coords points="2620,1948 3054,1944 3188,1968 3288,1940 3270,1904 2620,1909"/>
               <Baseline points="2627,1940 2642,1939 2664,1939 2686,1939 2709,1939 2731,1937 2754,1937 2776,1937 2798,1937 2821,1937 2843,1937 2866,1937 2888,1937 2910,1936 2933,1936 2955,1936 2978,1936 3000,1936 3022,1936 3045,1934 3067,1936 3090,1934 3112,1934 3134,1934 3157,1934 3179,1934 3201,1934 3224,1934 3246,1934 3269,1933 3291,1933"/>
               <TextEquiv>
                  <Unicode>\p\Die Chefs der «Mocidade Portuguesa»</Unicode>
               </TextEquiv>
            </TextLine>
            <TextEquiv>
               <Unicode/>
            </TextEquiv>
         </TextRegion>
      </Page>
   </PcGts>
   <PcGts xmlns="http://schema.primaresearch.org/PAGE/gts/pagecontent/2013-07-15"
          xmlns:xsi="http://www.w3.org/2001/XMLSchema-instance"
          xsi:schemaLocation="http://schema.primaresearch.org/PAGE/gts/pagecontent/2013-07-15 http://schema.primaresearch.org/PAGE/gts/pagecontent/2013-07-15/pagecontent.xsd">
      <Metadata>
         <Creator>prov=READ-COOP:name=TrHtr:version=2.25.0:model_id=51170:date=02_04_2025_10:02</Creator>
         <Created>2025-03-31T17:13:25.473+02:00</Created>
         <LastChange>2025-04-02T10:10:57.318+02:00</LastChange>
         <TranskribusMetadata docId="7715171"
                              pageId="94283921"
                              pageNr="2"
                              tsid="238679231"
                              status="IN_PROGRESS"
                              userId="295817"
                              imgUrl="https://files.transkribus.eu/Get?id=OAFQISQNJIJXPWTXTZGSWUBX&amp;fileType=view"
                              xmlUrl="https://files.transkribus.eu/Get?id=NSKEACFGSVMILNKHBJLIYWMB"
                              imageId="78892238"/>
      </Metadata>
      <Page imageFilename="smallform_0568_002.jpg"
            imageWidth="3569"
            imageHeight="4611">
         <ReadingOrder>
            <OrderedGroup id="ro_1743581457318" caption="Regions reading order">
               <RegionRefIndexed index="0" regionRef="r"/>
               <RegionRefIndexed index="1" regionRef="r_2"/>
               <RegionRefIndexed index="2" regionRef="r_3"/>
               <RegionRefIndexed index="3" regionRef="r_4"/>
            </OrderedGroup>
         </ReadingOrder>
         <TextRegion id="r" custom="readingOrder {index:0;}">
            <Coords points="1051,327 1775,327 1775,848 1051,848"/>
            <TextLine id="r_tl_1" custom="readingOrder {index:0;}">
               <Coords points="1070,360 1740,364 1740,323 1696,314 1070,324"/>
               <Baseline points="1075,353 1093,353 1116,353 1138,353 1160,353 1183,352 1205,352 1228,353 1250,353 1272,353 1295,352 1317,352 1340,352 1362,352 1384,352 1407,355 1429,347 1451,349 1474,350 1496,350 1519,350 1541,350 1563,350 1586,350 1608,350 1631,349 1653,349 1675,350 1698,349 1720,349 1742,346"/>
               <TextEquiv>
                  <Unicode>sind junge Männer, — Lehrer und Er¬</Unicode>
               </TextEquiv>
            </TextLine>
            <TextLine id="r_tl_2" custom="readingOrder {index:1;}">
               <Coords points="1076,402 1746,404 1738,363 1076,377"/>
               <Baseline points="1081,393 1104,393 1126,393 1149,393 1171,393 1193,393 1216,392 1238,393 1260,393 1283,392 1305,392 1328,392 1350,392 1372,390 1395,390 1417,392 1440,392 1462,390 1484,390 1507,390 1529,390 1551,390 1574,390 1596,389 1619,389 1641,389 1663,390 1686,390 1708,390 1730,390 1748,393"/>
               <TextEquiv>
                  <Unicode>zieher, Offiziere bis zum Kapitänsgrad,</Unicode>
               </TextEquiv>
            </TextLine>
            <TextLine id="r_tl_3" custom="readingOrder {index:2;}">
               <Coords points="1076,453 1743,440 1727,397 1259,418 1076,402"/>
               <Baseline points="1081,440 1096,435 1119,435 1141,435 1163,434 1186,435 1208,434 1231,434 1253,432 1275,432 1298,432 1320,432 1343,432 1365,432 1387,432 1410,432 1432,431 1454,431 1477,431 1499,431 1522,431 1544,431 1566,431 1589,429 1611,429 1633,429 1656,429 1678,429 1701,428 1723,428 1745,425"/>
               <TextEquiv>
                  <Unicode>junge Priester und Mönche für den mo¬</Unicode>
               </TextEquiv>
            </TextLine>
            <TextLine id="r_tl_4" custom="readingOrder {index:3;}">
               <Coords points="1073,482 1745,479 1738,440 1073,455"/>
               <Baseline points="1078,474 1098,474 1120,474 1143,474 1165,473 1187,473 1210,474 1232,473 1254,473 1277,473 1299,473 1322,473 1344,473 1366,473 1389,473 1411,471 1434,471 1456,471 1478,471 1501,471 1523,471 1545,471 1568,471 1590,470 1613,470 1635,470 1657,470 1680,471 1702,470 1725,470 1747,470"/>
               <TextEquiv>
                  <Unicode>ralischen und religiösen Unterricht. Die</Unicode>
               </TextEquiv>
            </TextLine>
            <TextLine id="r_tl_5" custom="readingOrder {index:4;}">
               <Coords points="1079,525 1743,519 1743,483 1079,487"/>
               <Baseline points="1084,516 1096,514 1119,514 1141,514 1163,513 1186,513 1208,513 1231,513 1253,513 1275,514 1298,513 1320,513 1343,513 1365,513 1387,513 1410,513 1432,513 1454,511 1477,511 1499,511 1522,511 1544,511 1566,511 1589,511 1611,510 1633,510 1656,510 1678,510 1701,508 1723,508 1745,511"/>
               <TextEquiv>
                  <Unicode>Leitung der Organisation ist in den Hän¬</Unicode>
               </TextEquiv>
            </TextLine>
            <TextLine id="r_tl_6" custom="readingOrder {index:5;}">
               <Coords points="1076,564 1682,562 1745,557 1746,519 1077,525"/>
               <Baseline points="1081,553 1099,555 1122,555 1144,555 1166,555 1189,555 1211,556 1234,555 1256,555 1278,553 1301,553 1323,553 1345,553 1368,553 1390,553 1413,553 1435,552 1457,552 1480,552 1502,552 1525,552 1547,552 1569,552 1592,552 1614,552 1636,550 1659,550 1681,550 1704,550 1726,550 1748,550"/>
               <TextEquiv>
                  <Unicode>den des jugendlichen Professors Marcelo</Unicode>
               </TextEquiv>
            </TextLine>
            <TextLine id="r_tl_7" custom="readingOrder {index:6;}">
               <Coords points="1082,603 1749,601 1749,563 1082,571"/>
               <Baseline points="1087,595 1102,595 1125,595 1147,595 1169,595 1192,595 1214,595 1237,593 1259,593 1281,593 1304,593 1326,593 1348,593 1371,593 1393,593 1416,592 1438,593 1460,592 1483,592 1505,592 1528,590 1550,592 1572,592 1595,592 1617,592 1639,592 1662,592 1684,592 1707,590 1729,590 1751,592"/>
               <TextEquiv>
                  <Unicode>Caetano als Nationaler Kommissar, und</Unicode>
               </TextEquiv>
            </TextLine>
            <TextLine id="r_tl_8" custom="readingOrder {index:7;}">
               <Coords points="1073,644 1742,640 1725,600 1074,616"/>
               <Baseline points="1078,637 1095,635 1117,635 1140,635 1162,635 1184,635 1207,634 1229,634 1251,634 1274,634 1296,634 1319,634 1341,634 1363,634 1386,634 1408,632 1431,632 1453,634 1475,632 1498,632 1520,632 1542,632 1565,632 1587,632 1610,632 1632,631 1654,631 1677,631 1699,631 1722,631 1744,632"/>
               <TextEquiv>
                  <Unicode>seiner Mitarbeiter. des Sekretär-Inspek¬</Unicode>
               </TextEquiv>
            </TextLine>
            <TextLine id="r_tl_9" custom="readingOrder {index:8;}">
               <Coords points="1078,678 1540,678 1583,704 1748,679 1727,639 1078,648"/>
               <Baseline points="1083,677 1101,675 1123,675 1146,675 1168,674 1190,674 1213,675 1235,674 1257,674 1280,674 1302,674 1325,674 1347,674 1369,674 1392,672 1414,672 1437,672 1459,672 1481,674 1504,672 1526,672 1548,672 1571,672 1593,672 1616,672 1638,672 1660,671 1683,672 1705,671 1728,671 1750,671"/>
               <TextEquiv>
                  <Unicode>tors Dr. Soares Franco, und des Majors</Unicode>
               </TextEquiv>
            </TextLine>
            <TextLine id="r_tl_10" custom="readingOrder {index:9;}">
               <Coords points="1085,725 1113,723 1118,727 1135,726 1141,731 1154,722 1179,727 1179,690 1165,690 1160,686 1152,692 1140,692 1125,683 1122,686 1115,682 1109,687 1099,682 1085,685"/>
               <Baseline points="1090,716 1113,716 1135,716 1157,716 1180,717 1181,717"/>
               <TextEquiv>
                  <Unicode>Vilar.\:p\</Unicode>
               </TextEquiv>
            </TextLine>
            <TextLine id="r_tl_11" custom="readingOrder {index:10;}">
               <Coords points="1076,764 1750,759 1736,714 1453,737 1076,726"/>
               <Baseline points="1081,756 1102,756 1125,756 1147,755 1169,755 1192,755 1214,755 1237,753 1259,753 1281,753 1304,753 1326,753 1348,753 1371,753 1393,753 1416,753 1438,752 1460,753 1483,752 1505,752 1528,752 1550,752 1572,752 1595,752 1617,752 1639,752 1662,752 1684,752 1707,752 1729,752 1751,753"/>
               <TextEquiv>
                  <Unicode>\p\In besonderen Schulen werden die «Chefs</Unicode>
               </TextEquiv>
            </TextLine>
            <TextLine id="r_tl_12" custom="readingOrder {index:11;}">
               <Coords points="1079,808 1746,805 1727,758 1653,777 1079,766"/>
               <Baseline points="1084,796 1099,796 1122,796 1144,796 1166,795 1189,795 1211,795 1234,795 1256,793 1278,795 1301,793 1323,793 1345,793 1368,793 1390,793 1413,793 1435,792 1457,792 1480,792 1502,792 1525,792 1547,792 1569,792 1592,792 1614,790 1636,792 1659,790 1681,792 1704,790 1726,790 1748,790"/>
               <TextEquiv>
                  <Unicode>der Jugend» herangebildet, denen es ob¬</Unicode>
               </TextEquiv>
            </TextLine>
            <TextEquiv>
               <Unicode/>
            </TextEquiv>
         </TextRegion>
         <TextRegion id="r_2" custom="readingOrder {index:1;}">
            <Coords points="1791,310 2511,310 2511,836 1791,836"/>
            <TextLine id="r_2_tl_1" custom="readingOrder {index:0;}">
               <Coords points="1800,359 2467,360 2467,324 2432,315 1800,323"/>
               <Baseline points="1805,350 1820,349 1842,349 1865,349 1887,349 1910,347 1932,347 1954,347 1977,347 1999,347 2021,346 2044,346 2066,346 2089,346 2111,346 2133,346 2156,346 2178,346 2201,346 2223,347 2245,346 2268,346 2290,346 2312,346 2335,346 2357,344 2380,344 2402,346 2424,344 2447,344 2469,344"/>
               <TextEquiv>
                  <Unicode>liegt, in der nationalen Organisation eine</Unicode>
               </TextEquiv>
            </TextLine>
            <TextLine id="r_2_tl_2" custom="readingOrder {index:1;}">
               <Coords points="1799,396 2435,401 2436,362 1800,359"/>
               <Baseline points="1805,389 1811,389 1833,387 1856,389 1878,389 1901,387 1923,387 1945,387 1968,387 1990,386 2013,387 2035,387 2057,386 2080,386 2102,386 2124,386 2147,386 2169,386 2192,386 2214,386 2236,386 2259,386 2281,384 2304,386 2326,384 2348,384 2371,384 2393,384 2415,384 2438,386"/>
               <TextEquiv>
                  <Unicode>Elite junger Portugiesen zu formen.\:p\</Unicode>
               </TextEquiv>
            </TextLine>
            <TextLine id="r_2_tl_3" custom="readingOrder {index:2;}">
               <Coords points="1799,438 2468,433 2468,403 2410,393 1799,396"/>
               <Baseline points="1804,429 1820,428 1842,428 1865,428 1887,428 1910,428 1932,428 1954,426 1977,426 1999,428 2021,426 2044,426 2066,428 2089,426 2111,426 2133,426 2156,426 2178,426 2201,426 2223,426 2245,426 2268,426 2290,426 2312,426 2335,425 2357,425 2380,426 2402,425 2424,425 2447,425 2469,425"/>
               <TextEquiv>
                  <Unicode>\p\Die «Mocidade Portuguesa» ist heute</Unicode>
               </TextEquiv>
            </TextLine>
            <TextLine id="r_2_tl_4" custom="readingOrder {index:3;}">
               <Coords points="1799,475 2469,473 2469,442 2431,434 2170,455 2126,436 1799,438"/>
               <Baseline points="1804,468 1822,468 1844,468 1866,468 1889,468 1911,468 1933,468 1956,468 1978,467 2001,468 2023,467 2045,467 2068,467 2090,467 2113,467 2135,467 2157,467 2180,467 2202,465 2224,465 2247,467 2269,465 2292,465 2314,465 2336,465 2359,465 2381,465 2403,465 2426,465 2448,465 2471,465"/>
               <TextEquiv>
                  <Unicode>schon weit mehr als eine Organisation</Unicode>
               </TextEquiv>
            </TextLine>
            <TextLine id="r_2_tl_5" custom="readingOrder {index:4;}">
               <Coords points="1799,515 2464,514 2464,479 1799,490"/>
               <Baseline points="1804,508 1820,507 1842,508 1865,508 1887,507 1910,507 1932,508 1954,507 1977,507 1999,507 2021,507 2044,507 2066,507 2089,507 2111,507 2133,507 2156,507 2178,507 2201,505 2223,507 2245,507 2268,505 2290,505 2312,505 2335,505 2357,505 2380,505 2402,505 2424,505 2447,504 2466,501"/>
               <TextEquiv>
                  <Unicode>mit partiellen Zielen, wie etwa sportli¬</Unicode>
               </TextEquiv>
            </TextLine>
            <TextLine id="r_2_tl_6" custom="readingOrder {index:5;}">
               <Coords points="1800,558 2467,556 2467,525 2442,520 1800,525"/>
               <Baseline points="1805,547 1820,549 1842,549 1865,547 1887,547 1910,547 1932,549 1954,547 1977,547 1999,547 2021,547 2044,547 2066,547 2089,547 2111,547 2133,547 2156,546 2178,546 2201,546 2223,546 2245,546 2268,546 2290,546 2312,546 2335,544 2357,546 2380,546 2402,546 2424,546 2447,546 2469,546"/>
               <TextEquiv>
                  <Unicode>cher oder nationaler Ausbildung: sie ist</Unicode>
               </TextEquiv>
            </TextLine>
            <TextLine id="r_2_tl_7" custom="readingOrder {index:6;}">
               <Coords points="1799,603 2468,598 2458,555 1800,564"/>
               <Baseline points="1804,589 1822,589 1844,589 1866,589 1889,587 1911,587 1933,587 1956,587 1978,587 2001,587 2023,587 2045,587 2068,587 2090,587 2113,587 2135,586 2157,586 2180,586 2202,586 2224,586 2247,586 2269,586 2292,586 2314,586 2336,586 2359,586 2381,586 2403,586 2426,584 2448,584 2471,581"/>
               <TextEquiv>
                  <Unicode>der lebendigste Ausdruck der portugiesi¬</Unicode>
               </TextEquiv>
            </TextLine>
            <TextLine id="r_2_tl_8" custom="readingOrder {index:7;}">
               <Coords points="1799,644 2469,638 2464,595 1800,603"/>
               <Baseline points="1804,631 1823,629 1845,629 1868,629 1890,629 1913,628 1935,628 1957,628 1980,628 2002,628 2024,628 2047,628 2069,626 2092,626 2114,626 2136,626 2159,626 2181,626 2204,626 2226,626 2248,626 2271,626 2293,625 2315,626 2338,625 2360,625 2383,625 2405,625 2427,625 2450,625 2472,626"/>
               <TextEquiv>
                  <Unicode>schen Jugend, die im christlich-humanen</Unicode>
               </TextEquiv>
            </TextLine>
            <TextLine id="r_2_tl_9" custom="readingOrder {index:8;}">
               <Coords points="1802,682 2467,675 2467,646 2421,636 1802,646"/>
               <Baseline points="1807,670 1810,670 1832,670 1854,670 1877,668 1899,670 1921,668 1944,668 1966,668 1989,668 2011,668 2033,667 2056,667 2078,667 2101,667 2123,667 2145,667 2168,667 2190,667 2212,667 2235,667 2257,667 2280,667 2302,665 2324,665 2347,665 2369,665 2392,664 2414,665 2436,665 2459,665 2469,667"/>
               <TextEquiv>
                  <Unicode>Geist und in der hohen Auffassung na¬</Unicode>
               </TextEquiv>
            </TextLine>
            <TextLine id="r_2_tl_10" custom="readingOrder {index:9;}">
               <Coords points="1799,713 2471,721 2472,677 1800,681"/>
               <Baseline points="1805,708 1825,710 1847,708 1869,708 1892,708 1914,708 1936,708 1959,708 1981,708 2004,708 2026,707 2048,707 2071,707 2093,707 2115,707 2138,705 2160,707 2183,707 2205,705 2227,705 2250,705 2272,705 2295,705 2317,705 2339,705 2362,705 2384,705 2406,705 2429,705 2451,705 2474,707"/>
               <TextEquiv>
                  <Unicode>tionaler Pflichten heranwächst, wie sie</Unicode>
               </TextEquiv>
            </TextLine>
            <TextLine id="r_2_tl_11" custom="readingOrder {index:10;}">
               <Coords points="1802,758 2371,759 2371,724 2293,715 1802,721"/>
               <Baseline points="1807,750 1813,750 1835,750 1857,749 1880,750 1902,750 1924,749 1947,749 1969,749 1992,749 2014,749 2036,749 2059,749 2081,747 2104,747 2126,747 2148,747 2171,747 2193,746 2215,746 2238,746 2260,746 2283,746 2305,746 2327,746 2350,746 2372,747"/>
               <TextEquiv>
                  <Unicode>das Werk Salazars kennzeichnen.\:p\</Unicode>
               </TextEquiv>
            </TextLine>
            <TextLine id="r_2_tl_12" custom="readingOrder {index:11;}">
               <Coords points="1940,805 2438,799 2470,795 2471,754 1941,763"/>
               <Baseline points="1945,789 1957,790 1980,790 2002,790 2024,789 2047,789 2069,787 2092,787 2114,787 2136,787 2159,787 2181,787 2204,787 2226,787 2248,786 2271,786 2293,786 2315,786 2338,786 2360,786 2383,786 2405,786 2427,784 2450,786 2472,786"/>
               <TextEquiv>
                  <Unicode>Dr. Annemarie Schwarzenbach.</Unicode>
               </TextEquiv>
            </TextLine>
            <TextEquiv>
               <Unicode/>
            </TextEquiv>
         </TextRegion>
         <TextRegion id="r_3" custom="readingOrder {index:2;}">
            <Coords points="149,327 1030,327 1030,1713 149,1713"/>
            <TextLine id="l" custom="readingOrder {index:0;}">
               <Coords points="300,684 373,677 392,690 425,663 464,679 510,653 531,669 664,655 729,684 729,625 668,646 631,627 595,635 567,612 447,647 394,608 300,624"/>
               <Baseline points="305,661 731,661"/>
               <TextEquiv>
                  <Unicode>\f\Portugiesische Jugend\:f\</Unicode>
               </TextEquiv>
            </TextLine>
            <TextEquiv>
               <Unicode/>
            </TextEquiv>
         </TextRegion>
         <TextRegion id="r_4" custom="readingOrder {index:3;}">
            <Coords points="219,1721 985,1721 985,2031 219,2031"/>
            <TextLine id="r_4_tl_1" custom="readingOrder {index:0;}">
               <Coords points="229,1767 948,1761 948,1715 781,1735 229,1719"/>
               <Baseline points="234,1756 255,1754 277,1754 299,1754 322,1754 344,1754 367,1754 389,1754 411,1754 434,1754 456,1754 479,1753 501,1753 523,1753 546,1753 568,1753 590,1753 613,1753 635,1753 658,1753 680,1753 702,1753 725,1753 747,1751 769,1753 792,1753 814,1751 837,1751 859,1751 881,1751 904,1751 926,1750 949,1750"/>
               <TextEquiv>
                  <Unicode>\fp\Portugal besitzt ein bedeutendes Kolonial¬</Unicode>
               </TextEquiv>
            </TextLine>
            <TextLine id="r_4_tl_2" custom="readingOrder {index:1;}">
               <Coords points="230,1802 950,1800 944,1756 230,1768"/>
               <Baseline points="235,1792 258,1790 280,1790 302,1790 325,1790 347,1790 370,1790 392,1790 414,1790 437,1790 459,1790 481,1789 504,1790 526,1789 549,1790 571,1789 593,1789 616,1789 638,1789 661,1789 683,1787 705,1787 728,1789 750,1787 772,1787 795,1789 817,1787 840,1787 862,1787 884,1787 907,1787 929,1786 952,1787"/>
               <TextEquiv>
                  <Unicode>reich und ist sich seiner grossen Tradition</Unicode>
               </TextEquiv>
            </TextLine>
            <TextLine id="r_4_tl_3" custom="readingOrder {index:2;}">
               <Coords points="230,1835 951,1828 951,1802 230,1808"/>
               <Baseline points="235,1826 237,1826 259,1826 282,1826 304,1826 326,1826 349,1826 371,1826 393,1826 416,1825 438,1826 461,1826 483,1825 505,1825 528,1825 550,1825 573,1825 595,1825 617,1825 640,1823 662,1825 684,1825 707,1825 729,1825 752,1823 774,1823 796,1825 819,1823 841,1823 864,1823 886,1823 908,1823 931,1823 953,1825"/>
               <TextEquiv>
                  <Unicode>und kolonisatorischen Aufgaben bewusst.</Unicode>
               </TextEquiv>
            </TextLine>
            <TextLine id="r_4_tl_4" custom="readingOrder {index:3;}">
               <Coords points="230,1868 954,1866 931,1832 230,1836"/>
               <Baseline points="235,1863 238,1862 261,1862 283,1862 305,1862 328,1862 350,1862 373,1862 395,1862 417,1860 440,1862 462,1860 484,1860 507,1860 529,1860 552,1860 574,1860 596,1860 619,1860 641,1860 664,1860 686,1859 708,1859 731,1859 753,1859 775,1859 798,1859 820,1859 843,1859 865,1859 887,1857 910,1859 932,1857 955,1860"/>
               <TextEquiv>
                  <Unicode>Im Lager der «Portugiesischen Jugend» in</Unicode>
               </TextEquiv>
            </TextLine>
            <TextLine id="r_4_tl_5" custom="readingOrder {index:4;}">
               <Coords points="235,1903 947,1902 936,1866 235,1869"/>
               <Baseline points="240,1898 255,1898 277,1898 299,1898 322,1898 344,1898 367,1898 389,1898 411,1896 434,1896 456,1896 479,1896 501,1896 523,1896 546,1895 568,1896 590,1896 613,1896 635,1896 658,1895 680,1896 702,1896 725,1895 747,1895 769,1895 792,1895 814,1895 837,1895 859,1895 881,1895 904,1893 926,1893 949,1893"/>
               <TextEquiv>
                  <Unicode>Caparica lernen schon die Jüngsten soli¬</Unicode>
               </TextEquiv>
            </TextLine>
            <TextLine id="r_4_tl_6" custom="readingOrder {index:5;}">
               <Coords points="230,1952 951,1938 930,1901 230,1904"/>
               <Baseline points="235,1935 237,1933 259,1933 282,1933 304,1933 326,1933 349,1932 371,1933 393,1933 416,1932 438,1932 461,1932 483,1932 505,1930 528,1932 550,1930 573,1930 595,1930 617,1930 640,1930 662,1930 684,1930 707,1930 729,1930 752,1930 774,1930 796,1930 819,1930 841,1930 864,1930 886,1930 908,1929 931,1929 953,1929"/>
               <TextEquiv>
                  <Unicode>darisch mit dem kleinen Kameraden aus</Unicode>
               </TextEquiv>
            </TextLine>
            <TextLine id="r_4_tl_7" custom="readingOrder {index:6;}">
               <Coords points="396,1972 429,1983 756,1978 785,1974 786,1951 690,1937 617,1950 397,1944"/>
               <Baseline points="401,1969 407,1969 429,1968 452,1968 474,1968 496,1968 519,1968 541,1968 564,1968 586,1966 608,1966 631,1966 653,1966 675,1966 698,1966 720,1966 743,1966 765,1966 787,1968"/>
               <TextEquiv>
                  <Unicode>Afrika zusammenleben.\:fp\</Unicode>
               </TextEquiv>
            </TextLine>
            <TextLine id="r_4_tl_8" custom="readingOrder {index:7;}">
               <Coords points="226,2010 952,2016 945,1972 227,1971"/>
               <Baseline points="231,1999 238,2001 261,1999 283,1999 305,1998 328,1998 350,1998 373,1999 395,1999 417,1999 440,1999 462,1998 484,1998 507,1998 529,1998 552,1998 574,1998 596,1998 619,1996 641,1996 664,1996 686,1996 708,1996 731,1996 753,1996 775,1996 798,1996 820,1996 843,1996 865,1996 887,1995 910,1995 932,1996 955,1998"/>
               <TextEquiv>
                  <Unicode>(Arquivo fotográfico da Mocidade Portuguesa.)</Unicode>
               </TextEquiv>
            </TextLine>
            <TextEquiv>
               <Unicode/>
            </TextEquiv>
         </TextRegion>
      </Page>
   </PcGts>
</validation-wrapper>
