3962 5669
2012 1201 3812 1318 ANDORRA
2252 1327 3776 1419 Dr. Annemarie Schwarzenbach spricht Mittwoch, 18.30
2258 1423 3534 1511 Uhr über: In der Miniaturrepublik Andorra.
2429 1558 3774 1650 \p\Man erinnere sich an jene bäurische Eidgenossenschaft der drei
2364 1628 3769 1695 Waldstätte, an das komplizierte Konglomerat von Hoheitsverhält¬
2357 1682 3774 1747 nissen und Rechtsansprüchen, welches sich nach und nach in den
2357 1733 3774 1794 Händen des aufstrebenden Hauses Habsburg vereinigt, dazu die
2366 1783 3774 1848 Versuche der bäurischen Gemeinwesen, sich gegen Uebergriffe von
2366 1834 3774 1890 Gerichts- und Schirmherren zu schützen, durch Freibriefe, die man
2357 1881 3774 1942 beim Kaiser und Gegenkaiser einholt, mühsam genug, indem ein
2357 1928 3774 1998 Häuflein tapferer Schwyzer sich über die Alpen aufmacht, den
2357 1980 3765 2050 Hohenstaufen Friedrich im oberitalienischen Kriegslager zu be¬
2371 2041 3776 2099 grüssen, ihm Treue zu beweisen und gleichzeitig die verbriefte
2357 2079 3774 2146 Reichsunmittelbarkeit zu erhalten. Man denke sich ferner, dass
2362 2124 3774 2207 durch andere geographische Umstände nicht die Stadt Luzern und
947 1421 1046 1529 \f\Haus der Täler\:f\
2371 2225 3774 2317 \fp\Links: Die Front des "Hauses der Täler". Es steht, baufällig und mittel¬
2362 2297 3785 2346 alterlich, am Rand der 'Hauptstadt' — nämlich des armen kleinen Dor¬
2357 2335 3776 2395 fes Andorra la Viella. In diesem Haus wurden seit Ludwig dem Frommen
2362 2380 3778 2443 die Ratssitzungen der Familienväter unter Ausschluss der Junggesellen
2371 2422 3778 2478 abgehalten — bis die Jungen, im April dieses Jahres, den Sitzungssaal
2364 2463 3769 2521 stürmten und die Einführung des allgemeinen Wahlrechts verlangten. Die
2362 2503 3720 2566 ses Ereignis — im Zusammenhang mit wirtschaftlichen Schwierigkeiten —
2364 2537 3778 2591 wurde der Anstoss zu der Revolution gegen die ausländischen Ko-Prinzen,
2364 2580 3787 2636 den spanischen Bischof von Urgel und den französischen Präfekt von
2366 2629 2571 2701 Perpignan.\:fp\
1143 3951 2223 4063 \f\Landstrasse in Andorra mit Schwarzenbach\:f\
2366 2692 3363 2755 \fp\Unten: Begegnung auf der Landstrasse in Andorra.
2371 2739 3617 2802 Die Verfasserin in Reiseausrüstung vor ihrem Tourenwagen.\:fp\
171 272 1041 352 der Vierwaldstättersee, nicht die uralte
173 339 1038 395 Gotthardlinie neu erschlossen, nicht die
171 386 1028 447 italienischen Kriege Europas Aufmerk¬
166 447 1036 501 samkeit gerade auf diesen wichtigsten
177 484 1043 553 Weg in die Lombardei lenkten, dass dies
166 533 1030 585 alles nicht hinzukäme, und die Entwick¬
166 581 1030 658 lung der kommunalen Gemeinwesen be¬
171 628 1032 689 schleunigte, sondern statt dessen einen
171 682 1032 745 Rand recht hoher Gebirge, die ost- und
166 736 1034 792 westwärts umgangen werden, die ein in
171 773 1036 846 der grossen Politik im 17. Jahrhundert
171 822 1032 902 sterbendes Land vom übrigen Europa
162 874 445 950 abschliessen.\:p\
237 902 1030 984 \p\Und nun kann man sich ein Bild
162 963 1028 1030 machen von Zustand und Entwicklung
173 1021 1030 1082 jener winzigen und unbekannten Repu¬
164 1077 1032 1129 blik Andorra, welche nicht anders ihren
162 1114 1023 1170 Anfang nahm als eben unsere schwei¬
162 1168 1038 1230 zerische Demokratie, nur noch einige
160 1211 1036 1287 Jahrhunderte früher, denn die Freibriefe
162 1259 1028 1315 der Andorraner stammen schon von den
162 1300 1030 1371 Karolingern, aus dem 9. Jahrhundert,
171 1358 1036 1416 und werden in einem Schrank, nicht mit
171 1405 1036 1461 sieben Siegeln aber mit sechs Schlössern
171 1453 1028 1520 aufbewahrt, und sie richten sich analog
171 1500 1036 1561 den unsrigen, gegen die Landesherren:
166 1548 1038 1615 den Bischof von Seo de Urgel und die
171 1593 1028 1651 Grafen von Foix und Navarra, Auch hier
162 1647 1023 1708 nichts anderes als die allerorts im Hoch¬
171 1699 1021 1759 und Spätmittelalter einsetzende kommu¬
164 1751 1038 1803 nale Bewegung sowohl städtischer wie
162 1796 1028 1863 bäurischer Gemeinwesen, die Wahrung
171 1841 1036 1902 der eigenen Rechte gegenüber denen
171 1891 1028 1943 der feudalen Gerichtsherren, die kräf¬
162 1932 1030 1993 tige Forderung der Autonomie. Sicher
162 1984 1036 2040 lassen sich in der Geschichte jeder
162 2036 1023 2092 Bauernbevölkerung innerhalb eines be¬
162 2085 1036 2137 stimmten geschichtlichen Kraftfeldes
162 2135 1030 2189 solche Analogien nachweisen, ebenso
164 2182 1017 2232 wie die Gebirgslandschaft Gemeinsam¬
155 2230 1028 2288 keiten der Architektur erzeugt, ja, wie
164 2280 1030 2331 die ähnliche Lebensweise ähnliche
164 2323 1021 2377 Typen über die Grundzüge der Rassen
155 2375 1021 2424 hinweg entstehen lässt. Die Architektur
155 2420 1021 2489 in Andorra — viel ist da allerdings nicht
155 2474 1017 2526 zu sehen, aber das Wenige ist grau¬
158 2517 1021 2571 bündnerisch, auch die runden, breiten
158 2567 1025 2625 Tore, auch die tiefen Fensterschächte mit
158 2621 1021 2677 spärlichen Nelkenstöcken, auch der
155 2660 1023 2727 schmucklose, lehmfarbige Kirchturm ...
158 2709 1023 2776 und selbst die gehäuften Steinmäuer¬
158 2755 1019 2830 chen zwischen den kleinen Feldern und
162 2806 497 2873 Gemüsebeeten.\:p\
227 2854 1017 2916 \p\Die Andorraner sind Schmuggler,
149 2908 1021 2960 hiess es früher, aber zu Weihnachten und
149 2960 1021 3011 Neujahr bringen sie ihren angestammten
149 3005 1023 3076 Landesherren, dem spanischen Bischof
158 3059 1021 3119 und dem französischen Präfekten, nach
149 3089 1023 3165 alter Sitte und pünktlich ihren Tribut dar.
147 3135 1017 3217 Nun hat Andorra plötzlich den Sprung
149 3193 1023 3253 in das bewegte und komplizierte Heute
155 3245 1021 3301 getan. Wir lesen in einer französischen
149 3299 1023 3346 Zeitung, dass die "Provozierende Hal¬
151 3337 1023 3411 tung einer Gruppe von Agitatoren die
147 3391 1021 3460 ausserordentlichen Massnahmen (der
149 3437 1017 3497 französischen Regierung) notwendig ge¬
149 3493 1023 3553 macht haben". Wir erfahren, dass der
149 3543 1023 3599 Aufstand der Jung-Andorraner mit der
147 3571 1017 3650 Unzufriedenheit der Arbeiter einer be¬
1656 4188 3374 4287 vorrechteten kapitalistischen Unternehmergesellschaft zusammenhängt, und
1651 4283 3370 4348 ganz allgemein mit der revolutionären katalanischen Bewegung, die natürlich
1656 4337 3376 4384 weder dem katholischen bischöflichen Herrn noch den Franzosen recht sein
1649 4378 3370 4438 kann, kurz, diese Hinterwälder und romantischen Bergbewohner scheinen den
1649 4434 3370 4488 Hauch modernen Geistes verspürt zu haben, nicht von ungefähr, sondern durch
1654 4486 3361 4544 handgreifliche wirtschaftliche Nöte und soziale Krisen, und diese Tatsache mehr
1649 4540 3365 4600 als das historische Kuriosum ist es, was die Welt plötzlich aufhorchen und
1641 4579 2051 4663 anteilnehmen liess.\:p\
2729 4587 3320 4654 Annemarie Schwarzenbach.
1701 2513 1820 2625 \f\Gefängniszelle\:f\
1654 3767 3385 3851 \fp\Eine Gefängniszelle. Im ganzen besitzt die andorranische Republik drei Gefängniszellen
1708 3834 3383 3903 — sie sind aber seit drei Jahren nicht mehr benutzt worden, denn die Landesväter sind
1654 3868 3383 3942 einsichtig genug, die Schmuggler nicht einzusperren — von was sollen die Leute denn
1656 3916 3381 3994 leben und andere Vergehen gab es in dem friedlichen Ländchen bisher nicht zu be¬
1656 3968 3391 4028 strafen. Jetzt allerdings sieht es dort oben anders aus. Das Haus der Täler wird von der
1651 4009 3381 4082 einheimischen Miliz bewacht — ausländische, spanische und französische Truppen ver¬
1654 4054 3385 4117 suchen den widerspenstigen Generalrat und das tapfere kleine Bergvolk zum Gehorsam
1656 4093 1895 4162 zu zwingen.\:fp\
518 3868 1066 3963 \f\ Karte von Andorra. Mit Toulouse, Frankreich, den Pyrenäen, Spanien und P. de Serrere\:f\
