<?xml version="1.0" encoding="UTF-8"?>
<validation-wrapper>
   <PcGts xmlns="http://schema.primaresearch.org/PAGE/gts/pagecontent/2013-07-15"
          xmlns:xsi="http://www.w3.org/2001/XMLSchema-instance"
          xsi:schemaLocation="http://schema.primaresearch.org/PAGE/gts/pagecontent/2013-07-15 http://schema.primaresearch.org/PAGE/gts/pagecontent/2013-07-15/pagecontent.xsd">
      <Metadata>
         <Creator>prov=READ-COOP:name=PyLaia@TranskribusPlatform:version=2.23.0:model_id=39995:lm=none:date=19_02_2025_21:58</Creator>
         <Created>2025-02-04T20:56:30.487+01:00</Created>
         <LastChange>2025-02-19T22:28:08.274+01:00</LastChange>
         <TranskribusMetadata docId="6715076"
                              pageId="90731888"
                              pageNr="1"
                              tsid="230205949"
                              status="IN_PROGRESS"
                              userId="194245"
                              imgUrl="https://files.transkribus.eu/Get?id=VAULBWTNRTPJTKJJVTIDKXBX&amp;fileType=view"
                              xmlUrl="https://files.transkribus.eu/Get?id=LKXIYGPEYWBBTFOYGMGOHBOL"
                              imageId="75645683"/>
      </Metadata>
      <Page imageFilename="smallform_0123_001.jpg"
            imageWidth="1725"
            imageHeight="2725">
         <ReadingOrder>
            <OrderedGroup id="ro_1740000488275" caption="Regions reading order">
               <RegionRefIndexed index="0" regionRef="r"/>
               <RegionRefIndexed index="1" regionRef="r_2"/>
            </OrderedGroup>
         </ReadingOrder>
         <TextRegion id="r" custom="readingOrder {index:0;}">
            <Coords points="209,389 929,389 929,2562 209,2562"/>
            <TextLine id="r_tl_1" custom="readingOrder {index:0;}">
               <Coords points="219,458 651,457 651,415 219,421"/>
               <Baseline points="224,451 230,450 245,450 260,450 275,450 290,450 305,450 320,449 335,451 350,452 365,452 380,452 395,451 411,450 427,451 442,452 457,451 472,451 487,451 502,451 517,452 532,451 547,451 562,451 577,451 592,451 607,452 622,452 637,452 652,453 653,453"/>
               <TextEquiv>
                  <Unicode>SILONE: FONTAMARA</Unicode>
               </TextEquiv>
            </TextLine>
            <TextLine id="r_tl_2" custom="readingOrder {index:1;}">
               <Coords points="220,522 856,522 856,475 722,492 500,466 455,486 220,480"/>
               <Baseline points="225,508 229,508 244,508 259,508 274,509 289,508 304,509 319,509 334,509 349,507 364,509 379,510 394,509 409,509 424,509 439,509 454,510 469,510 484,510 499,510 514,510 529,510 544,509 559,510 574,510 589,509 604,510 619,510 634,510 649,510 664,510 679,510 694,509 710,511 726,510 741,510 756,510 771,510 786,510 801,510 816,510 831,510 846,510 858,509"/>
               <TextEquiv>
                  <Unicode>(Verlag Oprecht &amp; Helbling, Zürich)</Unicode>
               </TextEquiv>
            </TextLine>
            <TextLine id="r_tl_3" custom="readingOrder {index:2;}">
               <Coords points="222,575 896,578 896,548 801,558 772,529 715,553 597,529 531,559 451,529 338,558 222,528"/>
               <Baseline points="227,566 242,567 257,566 272,566 287,567 302,566 317,567 332,566 347,568 362,568 377,567 392,567 407,566 422,568 437,567 452,568 467,567 482,567 497,567 512,568 527,567 542,567 557,568 572,568 587,567 602,568 617,568 632,568 647,567 662,568 677,568 692,568 707,567 722,567 737,567 752,568 767,567 782,565 797,566 812,566 827,565 842,565 857,566 872,568 887,568 897,566"/>
               <TextEquiv>
                  <Unicode>\p\\g\Was sollen wir tun?\:g\ — so</Unicode>
               </TextEquiv>
            </TextLine>
            <TextLine id="r_tl_4" custom="readingOrder {index:3;}">
               <Coords points="216,617 891,625 891,585 216,587"/>
               <Baseline points="221,610 236,611 251,611 266,611 281,612 296,612 311,612 326,611 341,612 356,612 371,612 386,612 401,611 416,612 431,612 446,612 461,612 476,612 491,612 506,612 521,612 536,612 551,612 566,613 581,612 596,612 611,612 626,612 641,612 656,612 671,612 686,611 701,612 716,612 731,612 746,612 761,612 776,612 791,612 806,612 821,612 836,612 851,613 866,613 881,613 893,613"/>
               <TextEquiv>
                  <Unicode>endet die Geschichte von Fontamara,</Unicode>
               </TextEquiv>
            </TextLine>
            <TextLine id="r_tl_5" custom="readingOrder {index:4;}">
               <Coords points="219,666 894,666 894,629 792,620 462,649 403,620 379,641 306,641 283,620 219,637"/>
               <Baseline points="224,656 239,656 254,656 269,656 284,657 299,656 314,656 329,656 344,656 359,656 374,656 389,656 404,657 419,657 434,657 449,656 464,656 479,656 494,657 509,657 524,656 539,656 554,657 569,657 584,656 599,656 614,657 629,656 644,657 659,657 674,656 689,656 704,656 719,656 734,655 749,655 764,655 779,656 794,657 809,657 824,656 839,656 854,657 869,657 884,658 896,657"/>
               <TextEquiv>
                  <Unicode>und wer die ungezogene Gewohnheit</Unicode>
               </TextEquiv>
            </TextLine>
            <TextLine id="r_tl_6" custom="readingOrder {index:5;}">
               <Coords points="214,706 894,714 894,673 833,666 807,685 698,666 214,673"/>
               <Baseline points="219,701 221,700 236,701 251,701 266,701 281,702 296,701 311,702 326,702 341,702 356,701 371,701 386,702 401,702 416,701 431,701 446,701 461,701 476,701 491,701 506,701 521,701 536,701 551,701 566,701 581,701 596,701 611,701 626,701 641,701 656,702 671,701 686,701 701,701 716,701 731,701 746,701 761,701 776,702 791,702 806,700 821,701 836,701 851,701 866,702 881,701 896,700"/>
               <TextEquiv>
                  <Unicode>hat, sich aus den letzten Sätzen eines</Unicode>
               </TextEquiv>
            </TextLine>
            <TextLine id="r_tl_7" custom="readingOrder {index:6;}">
               <Coords points="217,751 887,754 865,717 347,730 217,713"/>
               <Baseline points="222,745 237,746 252,745 267,745 282,746 297,746 312,746 327,746 342,745 357,745 372,745 387,746 402,746 417,745 432,745 447,745 462,745 477,746 492,745 507,745 522,746 537,746 552,746 567,745 582,746 597,746 612,745 627,745 642,746 657,745 672,745 687,746 702,746 717,746 732,744 747,744 762,745 777,745 792,746 807,745 822,746 837,745 852,745 867,745 882,744 889,745"/>
               <TextEquiv>
                  <Unicode>Buches eine flüchtige Lösung und Be-</Unicode>
               </TextEquiv>
            </TextLine>
            <TextLine id="r_tl_8" custom="readingOrder {index:7;}">
               <Coords points="217,800 894,802 894,756 726,759 698,779 599,755 217,772"/>
               <Baseline points="222,790 229,791 244,791 259,791 274,790 289,790 304,791 319,791 334,791 349,791 364,788 379,789 394,790 409,790 424,791 439,790 454,791 469,790 484,790 499,789 514,791 529,790 544,790 559,790 574,790 589,789 604,790 619,790 634,790 649,790 664,790 679,790 694,789 709,789 724,790 739,790 754,790 769,790 784,790 799,790 814,790 829,790 844,790 859,790 874,790 889,790 896,790"/>
               <TextEquiv>
                  <Unicode>ruhigung vorwegzunehmen, der erfährt</Unicode>
               </TextEquiv>
            </TextLine>
            <TextLine id="r_tl_9" custom="readingOrder {index:8;}">
               <Coords points="219,841 890,842 890,810 827,796 657,818 219,804"/>
               <Baseline points="224,835 233,835 248,835 263,835 278,836 293,836 308,834 323,834 338,836 353,836 368,836 383,836 398,835 413,835 428,835 443,835 458,835 473,834 488,834 503,834 518,835 533,834 548,835 563,835 578,835 593,834 608,834 623,834 638,834 653,833 668,834 683,834 698,834 713,834 728,834 743,834 758,834 773,834 788,834 803,833 818,833 833,833 848,833 863,833 878,833 892,833"/>
               <TextEquiv>
                  <Unicode>hier, ganz im Gegenteil, die aufrühre¬</Unicode>
               </TextEquiv>
            </TextLine>
            <TextLine id="r_tl_10" custom="readingOrder {index:9;}">
               <Coords points="220,889 894,891 894,859 838,844 784,844 760,868 664,852 576,868 534,848 500,872 430,845 220,857"/>
               <Baseline points="225,880 236,880 251,880 266,880 281,880 296,880 311,880 326,880 341,879 356,880 371,880 386,880 401,880 416,880 431,880 446,880 461,879 476,880 491,881 506,879 521,880 536,880 551,881 566,880 581,879 596,880 611,880 626,880 641,879 656,879 671,879 686,880 701,879 716,879 731,880 746,880 761,879 776,878 791,880 806,879 821,880 836,879 851,879 866,879 881,879 896,878"/>
               <TextEquiv>
                  <Unicode>rische Anklage, die wortarme, bittere</Unicode>
               </TextEquiv>
            </TextLine>
            <TextLine id="r_tl_11" custom="readingOrder {index:10;}">
               <Coords points="220,938 892,930 892,899 822,917 781,889 694,912 638,889 479,890 455,913 380,890 220,899"/>
               <Baseline points="225,925 232,926 247,926 262,926 277,926 292,925 307,925 322,926 337,926 352,926 367,926 382,926 397,926 413,924 429,925 444,925 459,925 474,926 489,925 504,926 519,925 534,925 549,926 564,926 579,926 594,926 609,925 624,925 639,925 654,925 669,925 684,924 699,925 714,926 729,925 744,925 759,925 774,925 789,926 804,925 819,924 834,925 849,925 864,925 879,925 894,925 895,924"/>
               <TextEquiv>
                  <Unicode>und hilflose Formel der Leute aus</Unicode>
               </TextEquiv>
            </TextLine>
            <TextLine id="r_tl_12" custom="readingOrder {index:11;}">
               <Coords points="230,977 782,978 782,940 701,954 678,939 517,953 230,938"/>
               <Baseline points="235,968 251,970 266,970 281,971 296,970 311,970 326,970 341,970 356,970 371,970 386,970 401,970 416,971 431,969 446,970 461,970 476,970 491,970 506,970 521,969 536,970 551,969 566,969 581,969 596,969 611,970 626,969 641,969 656,969 671,969 686,970 701,970 716,969 731,970 746,969 761,970 776,971 784,969"/>
               <TextEquiv>
                  <Unicode>Fontamara: Was sollen wir tun?\:p\</Unicode>
               </TextEquiv>
            </TextLine>
            <TextLine id="r_tl_13" custom="readingOrder {index:12;}">
               <Coords points="223,1022 894,1026 894,989 869,979 756,1008 494,980 300,1004 223,981"/>
               <Baseline points="228,1017 236,1017 251,1016 266,1016 281,1017 296,1016 311,1017 326,1017 341,1016 356,1017 371,1017 386,1016 401,1016 416,1016 431,1017 446,1017 461,1017 476,1016 491,1016 506,1016 521,1016 536,1016 551,1017 566,1016 581,1016 596,1015 611,1016 626,1016 641,1015 656,1016 671,1015 686,1016 701,1015 716,1015 731,1016 746,1015 761,1015 776,1015 791,1016 806,1016 821,1016 836,1016 851,1015 866,1016 881,1016 896,1015"/>
               <TextEquiv>
                  <Unicode>\p\Wer sind sie, fragen wir uns, wer ist</Unicode>
               </TextEquiv>
            </TextLine>
            <TextLine id="r_tl_14" custom="readingOrder {index:13;}">
               <Coords points="217,1072 891,1066 891,1035 843,1025 506,1027 418,1050 357,1026 217,1036"/>
               <Baseline points="222,1061 232,1061 247,1061 262,1062 277,1062 292,1061 307,1062 322,1062 337,1062 352,1062 367,1061 382,1061 397,1062 412,1061 427,1061 442,1062 457,1061 472,1062 487,1061 502,1061 517,1062 532,1062 547,1062 562,1061 577,1062 592,1061 607,1062 622,1060 637,1060 652,1060 667,1060 682,1060 697,1060 712,1060 727,1060 742,1060 757,1060 772,1060 787,1060 802,1061 817,1060 832,1060 847,1060 862,1059 877,1060 892,1060"/>
               <TextEquiv>
                  <Unicode>der Autor, wo liegt Fontamara? Der</Unicode>
               </TextEquiv>
            </TextLine>
            <TextLine id="r_tl_15" custom="readingOrder {index:14;}">
               <Coords points="219,1113 891,1114 891,1083 790,1075 599,1094 219,1083"/>
               <Baseline points="224,1108 233,1106 248,1106 263,1107 278,1107 293,1106 308,1106 323,1106 338,1106 353,1106 368,1106 383,1105 398,1105 413,1105 428,1105 443,1105 458,1105 473,1106 488,1106 503,1106 518,1105 533,1106 548,1106 563,1106 578,1106 593,1105 608,1105 623,1105 638,1105 653,1105 668,1105 683,1105 698,1105 713,1105 728,1104 743,1105 758,1105 773,1105 788,1105 803,1105 818,1103 833,1104 848,1104 863,1104 878,1105 893,1104"/>
               <TextEquiv>
                  <Unicode>Autor antwortet uns, macht sich zum</Unicode>
               </TextEquiv>
            </TextLine>
            <TextLine id="r_tl_16" custom="readingOrder {index:15;}">
               <Coords points="220,1162 894,1162 894,1122 814,1131 797,1114 774,1135 684,1114 662,1136 563,1113 438,1135 380,1114 329,1131 220,1115"/>
               <Baseline points="225,1152 235,1151 250,1151 265,1151 280,1151 295,1151 310,1151 325,1151 340,1150 355,1150 370,1151 385,1151 400,1151 415,1150 430,1150 445,1151 460,1150 475,1150 490,1150 505,1151 520,1151 535,1151 550,1150 565,1151 580,1151 595,1151 610,1151 625,1151 640,1152 655,1151 670,1151 685,1151 700,1151 715,1151 730,1151 745,1151 760,1151 775,1150 790,1150 805,1151 820,1151 835,1151 850,1151 865,1151 880,1151 895,1150"/>
               <TextEquiv>
                  <Unicode>Fürsprecher seiner Leute, deren Armut</Unicode>
               </TextEquiv>
            </TextLine>
            <TextLine id="l" custom="readingOrder {index:16;}">
               <Coords points="219,1170 381,1162 867,1162 891,1171 891,1203 597,1210 394,1211 219,1202"/>
               <Baseline points="224,1196 230,1195 245,1196 260,1195 275,1195 290,1195 305,1195 320,1195 335,1195 350,1196 365,1196 380,1196 396,1195 435,1197 441,1197 456,1196 471,1196 486,1195 501,1195 516,1195 531,1195 546,1196 561,1195 576,1195 591,1195 603,1194 618,1196 633,1195 648,1196 663,1195 678,1196 693,1196 708,1196 723,1195 738,1195 753,1195 768,1194 783,1196 798,1196 813,1196 828,1195 843,1195 858,1195 873,1196 888,1195 893,1196"/>
               <TextEquiv>
                  <Unicode>er zwanzig Jahre lang gekannt hat. Er</Unicode>
               </TextEquiv>
            </TextLine>
            <TextLine id="r_tl_19" custom="readingOrder {index:17;}">
               <Coords points="214,1247 888,1250 888,1220 855,1204 635,1220 570,1203 515,1224 410,1204 344,1228 214,1204"/>
               <Baseline points="219,1239 230,1240 245,1240 260,1240 275,1240 290,1241 305,1240 320,1240 335,1239 350,1240 365,1240 380,1240 395,1239 410,1239 425,1240 440,1240 455,1240 470,1240 485,1240 500,1240 515,1239 530,1239 545,1239 560,1238 575,1239 590,1239 605,1239 620,1239 635,1239 650,1239 665,1239 680,1239 695,1240 710,1239 725,1239 740,1240 755,1239 770,1239 785,1240 800,1239 815,1239 830,1239 845,1239 860,1240 875,1240 889,1237"/>
               <TextEquiv>
                  <Unicode>könnte anklagen, wohldurchdachte The¬</Unicode>
               </TextEquiv>
            </TextLine>
            <TextLine id="r_tl_20" custom="readingOrder {index:18;}">
               <Coords points="217,1296 891,1290 891,1268 845,1250 761,1279 682,1251 508,1250 483,1275 426,1250 289,1275 217,1259"/>
               <Baseline points="222,1287 232,1286 247,1287 262,1287 277,1286 292,1286 307,1286 322,1286 337,1287 352,1286 367,1286 382,1286 397,1286 412,1286 427,1286 442,1286 457,1286 472,1286 487,1286 502,1286 517,1286 532,1286 547,1286 562,1286 577,1286 592,1286 607,1286 622,1285 637,1285 652,1285 667,1285 682,1285 697,1285 712,1286 727,1286 742,1286 757,1286 772,1285 787,1286 802,1286 817,1286 832,1285 847,1286 862,1285 877,1285 892,1281"/>
               <TextEquiv>
                  <Unicode>sen aufstellen, herausfordern, entlar¬</Unicode>
               </TextEquiv>
            </TextLine>
            <TextLine id="r_tl_21" custom="readingOrder {index:19;}">
               <Coords points="220,1338 894,1338 894,1306 871,1299 220,1308"/>
               <Baseline points="225,1332 236,1331 251,1331 266,1332 281,1332 296,1331 311,1330 326,1330 341,1331 356,1332 371,1331 386,1331 401,1331 416,1332 431,1330 446,1331 461,1331 476,1331 491,1331 506,1331 521,1331 536,1331 551,1331 566,1331 581,1331 596,1331 611,1330 626,1331 641,1330 656,1330 671,1331 686,1330 701,1330 716,1330 731,1330 746,1330 761,1330 776,1330 791,1331 806,1331 821,1331 836,1330 851,1330 866,1331 881,1331 896,1330"/>
               <TextEquiv>
                  <Unicode>ven — statt dessen schenkt er uns ein</Unicode>
               </TextEquiv>
            </TextLine>
            <TextLine id="r_tl_22" custom="readingOrder {index:20;}">
               <Coords points="216,1384 895,1385 895,1354 852,1347 799,1364 466,1346 423,1367 395,1346 216,1350"/>
               <Baseline points="221,1378 236,1379 251,1379 266,1379 281,1379 296,1379 311,1379 326,1379 341,1378 356,1378 371,1379 386,1379 401,1379 416,1378 431,1379 446,1379 461,1379 476,1379 491,1378 506,1378 521,1378 536,1378 551,1378 566,1378 581,1378 596,1377 611,1378 626,1378 641,1378 656,1378 671,1377 686,1378 701,1377 716,1378 731,1378 746,1378 761,1378 776,1379 791,1379 806,1378 821,1378 836,1377 851,1378 866,1378 881,1378 896,1378"/>
               <TextEquiv>
                  <Unicode>Kunstwerk, schlichte Erzählung: seine</Unicode>
               </TextEquiv>
            </TextLine>
            <TextLine id="r_tl_23" custom="readingOrder {index:21;}">
               <Coords points="219,1434 890,1434 890,1399 838,1387 785,1411 650,1385 517,1407 444,1388 410,1407 382,1386 338,1409 245,1387 219,1404"/>
               <Baseline points="224,1424 232,1424 247,1424 262,1424 277,1424 292,1424 307,1424 322,1424 337,1424 352,1423 367,1423 382,1423 397,1423 412,1422 427,1422 442,1423 457,1423 472,1423 487,1423 502,1422 517,1422 532,1423 547,1423 562,1423 577,1422 592,1422 607,1422 622,1422 637,1422 652,1422 667,1422 682,1423 697,1423 712,1422 727,1423 742,1423 757,1423 772,1422 787,1422 802,1423 817,1422 832,1423 847,1423 862,1423 877,1423 892,1423"/>
               <TextEquiv>
                  <Unicode>eigene, die eines armen Mannes, seiner</Unicode>
               </TextEquiv>
            </TextLine>
            <TextLine id="r_tl_24" custom="readingOrder {index:22;}">
               <Coords points="219,1474 894,1474 894,1434 673,1451 616,1434 590,1455 370,1435 319,1461 219,1437"/>
               <Baseline points="224,1469 236,1468 251,1469 266,1469 281,1469 296,1469 311,1468 326,1468 341,1468 356,1468 371,1467 386,1467 401,1468 416,1467 431,1467 446,1467 461,1467 476,1467 491,1466 506,1466 521,1467 536,1467 551,1467 566,1467 581,1467 596,1466 611,1466 626,1467 641,1467 656,1466 671,1466 686,1467 701,1467 716,1467 731,1467 746,1467 761,1466 776,1466 791,1466 806,1466 821,1466 836,1466 851,1466 866,1467 881,1467 896,1466"/>
               <TextEquiv>
                  <Unicode>Frau, seines Sohnes. Sie sind Cafoni</Unicode>
               </TextEquiv>
            </TextLine>
            <TextLine id="r_tl_25" custom="readingOrder {index:23;}">
               <Coords points="218,1513 887,1522 887,1483 837,1474 816,1492 720,1474 616,1500 354,1483 218,1502"/>
               <Baseline points="223,1509 238,1510 253,1512 268,1511 283,1513 298,1513 313,1514 328,1512 343,1512 358,1513 373,1514 388,1513 403,1513 418,1513 433,1513 448,1513 463,1513 478,1513 493,1512 508,1512 523,1513 538,1513 553,1513 568,1512 583,1512 598,1513 613,1511 628,1513 643,1512 658,1512 673,1512 688,1512 703,1510 718,1512 733,1513 748,1512 763,1512 778,1512 793,1512 808,1512 823,1512 838,1512 853,1512 868,1512 883,1513 889,1511"/>
               <TextEquiv>
                  <Unicode>— die ärmsten unter den Landarbei-</Unicode>
               </TextEquiv>
            </TextLine>
            <TextLine id="r_tl_26" custom="readingOrder {index:24;}">
               <Coords points="221,1570 891,1570 891,1538 824,1525 785,1547 430,1523 324,1546 221,1521"/>
               <Baseline points="226,1560 233,1559 248,1559 263,1559 278,1559 293,1558 308,1557 323,1557 338,1557 353,1558 368,1558 383,1558 398,1559 413,1557 428,1558 443,1558 458,1558 473,1558 488,1558 503,1558 518,1558 533,1558 548,1558 563,1558 578,1558 593,1558 608,1558 623,1558 638,1558 653,1558 668,1558 683,1558 698,1558 713,1558 728,1558 743,1558 758,1558 773,1558 788,1558 803,1559 818,1559 833,1559 848,1559 863,1559 878,1559 893,1558"/>
               <TextEquiv>
                  <Unicode>tern — sie leben in Fontamara, einem</Unicode>
               </TextEquiv>
            </TextLine>
            <TextLine id="r_tl_27" custom="readingOrder {index:25;}">
               <Coords points="216,1607 888,1610 888,1580 830,1571 216,1575"/>
               <Baseline points="221,1603 236,1603 251,1603 266,1604 281,1604 296,1603 311,1602 326,1604 341,1603 356,1604 371,1604 386,1603 401,1603 416,1603 431,1603 446,1604 461,1603 476,1603 491,1603 506,1602 521,1603 536,1603 551,1603 566,1603 581,1602 596,1602 611,1603 626,1603 641,1604 656,1603 671,1603 686,1603 701,1603 716,1603 731,1603 746,1603 761,1602 776,1602 791,1602 806,1603 821,1603 836,1604 851,1603 866,1604 881,1604 890,1605"/>
               <TextEquiv>
                  <Unicode>Dorf unter tausend gleichen Dörfern</Unicode>
               </TextEquiv>
            </TextLine>
            <TextLine id="r_tl_28" custom="readingOrder {index:26;}">
               <Coords points="219,1656 893,1667 893,1628 722,1632 686,1611 664,1627 219,1622"/>
               <Baseline points="224,1652 234,1651 249,1651 264,1650 279,1650 294,1650 309,1650 324,1650 339,1649 354,1648 369,1648 384,1649 399,1649 414,1649 429,1649 444,1649 459,1649 474,1649 489,1650 504,1649 519,1649 534,1650 549,1649 564,1649 579,1649 594,1649 609,1649 624,1648 639,1649 654,1649 669,1649 684,1649 699,1649 714,1649 729,1650 744,1649 759,1648 774,1649 789,1649 804,1649 819,1649 834,1650 849,1650 864,1650 879,1651 894,1650"/>
               <TextEquiv>
                  <Unicode>irgendwo im südlichen Italien. Bauern,</Unicode>
               </TextEquiv>
            </TextLine>
            <TextLine id="r_tl_29" custom="readingOrder {index:27;}">
               <Coords points="221,1712 895,1707 883,1674 741,1660 676,1677 646,1660 221,1672"/>
               <Baseline points="226,1699 241,1698 256,1698 271,1697 286,1697 301,1697 316,1696 331,1696 346,1696 361,1696 376,1696 391,1696 406,1696 421,1695 436,1696 451,1696 466,1696 481,1696 496,1696 511,1695 526,1695 541,1695 556,1695 571,1696 586,1695 601,1696 616,1695 631,1695 646,1696 661,1695 676,1696 691,1695 706,1694 721,1695 736,1695 751,1695 766,1695 781,1696 796,1695 811,1695 826,1696 841,1696 856,1696 871,1697 886,1698 896,1699"/>
               <TextEquiv>
                  <Unicode>jahrein im Kampf mit den Elementen,</Unicode>
               </TextEquiv>
            </TextLine>
            <TextLine id="r_tl_30" custom="readingOrder {index:28;}">
               <Coords points="218,1745 890,1746 890,1707 595,1729 573,1708 218,1710"/>
               <Baseline points="223,1740 232,1741 247,1741 262,1742 277,1741 292,1741 307,1741 322,1741 337,1741 352,1741 367,1741 382,1741 397,1740 412,1740 427,1740 442,1740 457,1739 472,1740 487,1740 502,1740 517,1741 532,1741 547,1740 562,1740 577,1740 592,1740 607,1740 622,1740 637,1740 652,1739 667,1740 682,1740 697,1739 712,1740 727,1740 742,1740 757,1740 772,1741 787,1740 802,1740 817,1740 832,1740 847,1740 862,1740 877,1740 892,1737"/>
               <TextEquiv>
                  <Unicode>ihr Leben so einfach, so elementar sei¬</Unicode>
               </TextEquiv>
            </TextLine>
            <TextLine id="r_tl_31" custom="readingOrder {index:29;}">
               <Coords points="218,1793 894,1792 894,1762 855,1755 793,1779 734,1757 584,1755 531,1779 370,1755 218,1764"/>
               <Baseline points="223,1788 236,1788 251,1788 266,1787 281,1787 296,1787 311,1787 326,1787 341,1787 356,1787 371,1786 386,1786 401,1786 416,1786 431,1786 446,1786 461,1785 476,1786 491,1786 506,1786 521,1787 536,1786 551,1787 566,1786 581,1786 596,1786 611,1786 626,1787 641,1786 656,1785 671,1786 686,1786 701,1786 716,1785 731,1786 746,1786 761,1786 776,1786 791,1786 806,1787 821,1787 836,1786 851,1787 866,1787 881,1787 896,1786"/>
               <TextEquiv>
                  <Unicode>ne Forderungen, seine Leiden, seine</Unicode>
               </TextEquiv>
            </TextLine>
            <TextLine id="r_tl_32" custom="readingOrder {index:30;}">
               <Coords points="220,1842 894,1842 894,1813 838,1796 740,1817 551,1800 526,1822 464,1802 220,1801"/>
               <Baseline points="225,1834 236,1833 251,1834 266,1834 281,1834 296,1834 311,1833 326,1833 341,1833 356,1834 371,1833 386,1833 401,1833 416,1834 431,1834 446,1833 461,1834 476,1833 491,1833 506,1834 521,1833 536,1833 551,1833 566,1833 581,1833 596,1833 611,1832 626,1833 641,1833 656,1833 671,1833 686,1833 701,1833 716,1834 731,1833 746,1832 761,1833 776,1833 791,1833 806,1833 821,1833 836,1833 851,1833 866,1833 881,1833 896,1833"/>
               <TextEquiv>
                  <Unicode>Notwendigkeiten, dass daraus ein Epos</Unicode>
               </TextEquiv>
            </TextLine>
            <TextLine id="r_tl_33" custom="readingOrder {index:31;}">
               <Coords points="223,1888 895,1891 880,1844 839,1872 800,1844 628,1872 553,1843 523,1865 488,1844 223,1859"/>
               <Baseline points="228,1881 237,1881 252,1881 267,1881 282,1881 297,1881 312,1881 327,1880 342,1881 357,1881 372,1881 387,1881 402,1880 417,1880 432,1880 447,1880 462,1880 477,1881 492,1880 507,1880 522,1880 537,1879 552,1880 567,1880 582,1880 597,1879 612,1880 627,1879 642,1879 657,1879 672,1879 687,1879 702,1879 717,1879 732,1879 747,1879 762,1880 777,1880 792,1880 807,1880 822,1879 837,1879 852,1880 867,1880 882,1880 897,1878"/>
               <TextEquiv>
                  <Unicode>wird. Nichts ist dazu notwendig als</Unicode>
               </TextEquiv>
            </TextLine>
            <TextLine id="r_tl_34" custom="readingOrder {index:32;}">
               <Coords points="219,1937 898,1930 898,1901 852,1891 719,1909 252,1890 219,1917"/>
               <Baseline points="224,1928 225,1928 240,1928 255,1927 270,1927 285,1927 300,1926 315,1925 330,1926 345,1926 360,1925 375,1925 390,1926 405,1926 420,1925 435,1925 450,1926 465,1924 480,1925 495,1925 510,1925 525,1925 540,1925 555,1925 570,1924 585,1924 600,1925 615,1924 630,1924 645,1924 660,1924 675,1924 690,1924 705,1925 720,1924 735,1922 750,1925 765,1925 780,1925 795,1925 810,1925 825,1925 840,1924 855,1925 870,1925 885,1925 900,1926"/>
               <TextEquiv>
                  <Unicode>„das Wort, welches Fleisch geworden</Unicode>
               </TextEquiv>
            </TextLine>
            <TextLine id="r_tl_35" custom="readingOrder {index:33;}">
               <Coords points="219,1976 866,1979 866,1951 782,1938 337,1938 312,1957 219,1940"/>
               <Baseline points="224,1971 238,1971 253,1970 268,1970 283,1969 298,1968 313,1969 328,1969 343,1970 358,1970 373,1970 388,1968 403,1969 418,1968 433,1969 448,1969 463,1969 478,1969 493,1969 508,1969 523,1969 538,1969 553,1969 568,1968 583,1969 598,1969 613,1969 628,1969 643,1969 658,1969 673,1968 688,1969 703,1969 718,1968 733,1969 748,1969 763,1969 778,1969 793,1969 808,1969 823,1969 838,1969 853,1970 868,1970"/>
               <TextEquiv>
                  <Unicode>ist"— das Wort eines Dichters, \g\Silone\:g\.</Unicode>
               </TextEquiv>
            </TextLine>
            <TextLine id="r_tl_36" custom="readingOrder {index:34;}">
               <Coords points="221,2027 892,2026 883,1994 742,1980 617,2004 550,1980 503,1998 221,1990"/>
               <Baseline points="226,2018 234,2018 249,2018 264,2018 279,2017 294,2018 309,2017 324,2018 339,2018 354,2017 369,2017 384,2016 399,2017 414,2017 429,2018 444,2018 459,2017 474,2016 489,2017 504,2017 519,2016 534,2016 549,2017 564,2016 579,2017 594,2016 609,2016 624,2015 639,2015 654,2016 669,2016 684,2016 699,2015 714,2016 729,2016 744,2016 759,2017 774,2017 789,2016 804,2016 819,2016 834,2016 849,2016 864,2017 879,2017 894,2017"/>
               <TextEquiv>
                  <Unicode>Aber aus diesem Epos von allgemeiner</Unicode>
               </TextEquiv>
            </TextLine>
            <TextLine id="r_tl_37" custom="readingOrder {index:35;}">
               <Coords points="220,2067 894,2067 894,2044 853,2026 579,2049 546,2026 220,2034"/>
               <Baseline points="225,2062 236,2062 251,2062 266,2062 281,2063 296,2063 311,2063 326,2062 341,2063 356,2063 371,2063 386,2063 401,2062 416,2062 431,2062 446,2061 461,2061 476,2062 491,2061 506,2061 521,2062 536,2062 551,2062 566,2062 581,2060 596,2061 611,2062 626,2061 641,2061 656,2061 671,2061 686,2060 701,2061 716,2061 731,2061 746,2061 761,2061 776,2061 791,2062 806,2061 821,2060 836,2061 851,2061 866,2060 881,2060 896,2057"/>
               <TextEquiv>
                  <Unicode>Gültigkeit wird ein menschliches Do¬</Unicode>
               </TextEquiv>
            </TextLine>
            <TextLine id="r_tl_38" custom="readingOrder {index:36;}">
               <Coords points="221,2114 898,2114 882,2074 819,2099 777,2074 706,2075 682,2099 598,2076 481,2075 461,2095 221,2076"/>
               <Baseline points="226,2108 232,2107 247,2107 262,2107 277,2108 292,2107 307,2107 322,2106 337,2107 352,2108 367,2106 382,2105 397,2107 412,2106 427,2107 442,2108 457,2106 472,2106 487,2107 502,2107 517,2105 533,2106 548,2106 563,2106 578,2106 593,2106 608,2106 623,2106 638,2106 653,2106 668,2106 683,2106 698,2107 713,2107 728,2107 743,2106 758,2106 773,2107 788,2106 803,2106 818,2106 833,2106 848,2106 863,2106 878,2106 893,2106 900,2106"/>
               <TextEquiv>
                  <Unicode>kument von besonderer, heute und</Unicode>
               </TextEquiv>
            </TextLine>
            <TextLine id="r_tl_39" custom="readingOrder {index:37;}">
               <Coords points="218,2161 715,2162 715,2132 684,2113 649,2131 544,2113 518,2136 419,2114 364,2144 218,2133"/>
               <Baseline points="223,2153 229,2152 244,2152 259,2152 274,2152 289,2150 305,2151 320,2152 335,2152 350,2153 365,2151 380,2151 395,2152 410,2152 425,2152 440,2152 455,2152 470,2152 485,2152 500,2152 515,2152 530,2151 545,2152 560,2151 575,2151 590,2151 605,2150 620,2151 635,2152 650,2151 665,2151 680,2151 695,2152 710,2152 717,2152"/>
               <TextEquiv>
                  <Unicode>morgen gültiger Tragweite.\:p\</Unicode>
               </TextEquiv>
            </TextLine>
            <TextLine id="r_tl_40" custom="readingOrder {index:38;}">
               <Coords points="226,2210 898,2210 898,2164 862,2154 802,2178 226,2162"/>
               <Baseline points="231,2199 240,2198 255,2198 270,2198 285,2199 300,2199 315,2199 330,2198 345,2198 360,2198 375,2198 390,2198 405,2198 420,2198 435,2198 450,2198 465,2198 480,2198 495,2198 510,2198 525,2198 540,2198 555,2197 570,2197 585,2198 600,2197 615,2197 630,2197 645,2197 660,2197 675,2197 690,2198 705,2198 720,2197 735,2197 750,2197 765,2197 780,2198 795,2198 810,2198 825,2198 840,2198 855,2197 870,2198 885,2198 900,2198"/>
               <TextEquiv>
                  <Unicode>\p\Vieles können die Fontamareser nicht</Unicode>
               </TextEquiv>
            </TextLine>
            <TextLine id="r_tl_41" custom="readingOrder {index:39;}">
               <Coords points="226,2250 898,2250 898,2221 854,2213 226,2217"/>
               <Baseline points="231,2242 240,2242 255,2242 270,2243 285,2243 300,2243 315,2243 330,2243 345,2242 360,2242 375,2243 390,2242 405,2241 420,2241 435,2241 450,2242 465,2242 480,2242 495,2243 510,2242 525,2242 540,2243 555,2243 570,2242 585,2243 600,2242 615,2241 630,2242 645,2242 660,2242 675,2241 690,2242 705,2242 720,2242 735,2242 750,2242 765,2242 780,2242 795,2242 810,2242 825,2242 840,2242 855,2242 870,2242 885,2242 900,2241"/>
               <TextEquiv>
                  <Unicode>verstehen — dass man ihre Felder, ihre</Unicode>
               </TextEquiv>
            </TextLine>
            <TextLine id="r_tl_42" custom="readingOrder {index:40;}">
               <Coords points="221,2299 890,2298 873,2253 805,2277 776,2253 642,2270 368,2252 337,2277 221,2252"/>
               <Baseline points="226,2288 231,2287 246,2288 261,2287 276,2288 291,2288 306,2288 321,2288 336,2288 351,2287 366,2288 381,2288 396,2288 411,2287 426,2287 441,2287 456,2288 471,2287 486,2287 501,2288 516,2288 531,2288 546,2288 561,2288 576,2288 591,2287 606,2287 621,2288 636,2289 651,2289 666,2288 681,2288 696,2287 711,2288 726,2289 741,2289 756,2289 771,2289 786,2289 801,2288 816,2288 831,2289 846,2289 861,2289 876,2289 891,2287"/>
               <TextEquiv>
                  <Unicode>Reben, ihre Ölbäume zu Grunde rich-</Unicode>
               </TextEquiv>
            </TextLine>
            <TextLine id="r_tl_43" custom="readingOrder {index:41;}">
               <Coords points="218,2346 890,2346 890,2313 851,2304 532,2298 505,2319 482,2298 313,2298 288,2318 218,2301"/>
               <Baseline points="223,2333 238,2334 253,2334 268,2334 283,2333 298,2334 313,2334 328,2334 343,2334 358,2334 373,2333 388,2334 403,2334 418,2334 433,2334 448,2333 463,2333 478,2334 493,2334 508,2334 523,2334 538,2334 553,2334 568,2334 583,2333 598,2334 613,2334 628,2334 643,2334 658,2335 673,2335 688,2334 703,2335 718,2334 733,2334 748,2334 763,2335 778,2335 793,2335 808,2335 823,2336 838,2336 853,2336 868,2336 883,2336 892,2336"/>
               <TextEquiv>
                  <Unicode>ten darf durch die hohe Temperatur</Unicode>
               </TextEquiv>
            </TextLine>
            <TextLine id="r_tl_44" custom="readingOrder {index:42;}">
               <Coords points="218,2385 894,2386 894,2356 846,2346 733,2367 621,2346 488,2345 461,2370 406,2347 218,2357"/>
               <Baseline points="223,2377 236,2377 251,2378 266,2378 281,2378 296,2377 311,2378 326,2378 341,2378 356,2378 371,2378 386,2377 401,2378 416,2378 431,2378 446,2378 461,2377 476,2378 491,2378 506,2378 521,2378 536,2378 551,2378 566,2378 581,2378 596,2378 611,2378 626,2378 641,2379 656,2379 671,2379 686,2379 701,2375 716,2378 731,2378 746,2379 761,2380 776,2380 791,2380 806,2379 821,2380 836,2380 851,2379 866,2380 881,2381 896,2380"/>
               <TextEquiv>
                  <Unicode>die seit der Austrocknung des Sees</Unicode>
               </TextEquiv>
            </TextLine>
            <TextLine id="r_tl_45" custom="readingOrder {index:43;}">
               <Coords points="218,2435 889,2434 889,2404 855,2388 608,2407 394,2387 373,2408 341,2387 296,2404 218,2388"/>
               <Baseline points="223,2422 238,2422 253,2422 268,2422 283,2423 298,2423 313,2422 328,2422 343,2423 358,2424 373,2423 388,2423 403,2422 418,2423 433,2423 448,2423 463,2423 478,2423 493,2422 508,2422 523,2423 538,2423 553,2423 568,2423 583,2423 598,2423 613,2422 628,2423 643,2423 658,2423 673,2423 688,2423 703,2423 718,2424 733,2424 748,2424 763,2424 778,2424 793,2424 808,2424 823,2424 838,2424 853,2423 868,2423 883,2423 891,2422"/>
               <TextEquiv>
                  <Unicode>herrscht, die Produkte vom reichen Bo¬</Unicode>
               </TextEquiv>
            </TextLine>
            <TextLine id="r_tl_46" custom="readingOrder {index:44;}">
               <Coords points="219,2474 896,2482 885,2435 219,2444"/>
               <Baseline points="224,2467 239,2467 254,2467 269,2467 284,2468 299,2467 314,2468 329,2468 344,2468 359,2468 374,2467 389,2467 404,2468 419,2468 434,2468 449,2468 464,2467 479,2467 494,2468 509,2468 524,2468 539,2470 554,2470 569,2467 584,2468 599,2470 614,2469 629,2469 644,2469 659,2469 674,2469 689,2469 704,2470 719,2470 734,2469 749,2469 764,2469 779,2469 794,2469 809,2469 824,2470 839,2470 854,2470 869,2470 884,2471 898,2471"/>
               <TextEquiv>
                  <Unicode>den des Fucio aber gehen in die Stadt</Unicode>
               </TextEquiv>
            </TextLine>
            <TextLine id="r_tl_47" custom="readingOrder {index:45;}">
               <Coords points="220,2522 894,2522 894,2491 787,2480 580,2482 526,2505 406,2476 368,2497 332,2476 220,2493"/>
               <Baseline points="225,2512 240,2512 255,2512 270,2513 285,2512 300,2512 315,2512 330,2512 345,2513 360,2513 375,2511 390,2513 405,2512 420,2512 435,2513 450,2512 465,2513 480,2513 495,2513 510,2513 525,2512 540,2511 555,2514 570,2514 585,2513 600,2514 615,2513 630,2513 645,2513 660,2513 675,2513 690,2514 705,2514 720,2514 735,2514 750,2514 765,2514 780,2514 795,2515 810,2514 825,2515 840,2515 855,2515 870,2514 885,2515 896,2514"/>
               <TextEquiv>
                  <Unicode>und ihr Gewinn gehört dem Prinzen</Unicode>
               </TextEquiv>
            </TextLine>
            <TextEquiv>
               <Unicode/>
            </TextEquiv>
         </TextRegion>
         <TextRegion id="r_2" custom="readingOrder {index:1;}">
            <Coords points="949,192 1645,192 1645,2574 936,2574"/>
            <TextLine id="r_2_tl_1" custom="readingOrder {index:0;}">
               <Coords points="944,231 1615,242 1598,196 1505,213 1481,191 1461,209 1322,194 1295,219 1242,193 1083,211 944,194"/>
               <Baseline points="949,229 964,228 979,228 994,228 1009,228 1024,228 1039,228 1054,229 1069,229 1084,229 1099,229 1114,229 1129,229 1144,230 1159,230 1174,230 1189,230 1204,229 1219,230 1234,230 1249,230 1264,230 1279,231 1294,230 1309,231 1324,231 1339,231 1354,231 1369,231 1384,231 1399,231 1414,231 1429,231 1444,230 1459,231 1474,231 1489,231 1504,232 1519,232 1534,232 1549,231 1564,232 1579,232 1594,232 1609,233 1616,232"/>
               <TextEquiv>
                  <Unicode>Tolonia, nicht den Cafoni; dass die</Unicode>
               </TextEquiv>
            </TextLine>
            <TextLine id="r_2_tl_2" custom="readingOrder {index:1;}">
               <Coords points="943,280 1612,289 1612,245 943,245"/>
               <Baseline points="948,273 963,273 978,273 993,273 1008,274 1023,274 1038,273 1053,274 1068,274 1083,274 1098,274 1113,274 1128,275 1143,276 1158,274 1173,275 1188,276 1203,276 1218,277 1233,276 1248,276 1263,276 1278,276 1293,276 1308,276 1323,276 1338,276 1353,276 1368,276 1383,276 1398,277 1413,276 1428,276 1443,277 1458,277 1473,277 1488,277 1503,277 1518,277 1533,277 1548,276 1563,277 1578,277 1593,277 1608,278 1613,277"/>
               <TextEquiv>
                  <Unicode>Obrigkeit es gut mit ihnen meinen soll</Unicode>
               </TextEquiv>
            </TextLine>
            <TextLine id="r_2_tl_3" custom="readingOrder {index:2;}">
               <Coords points="944,329 1614,331 1614,299 1514,282 1381,304 1224,284 944,292"/>
               <Baseline points="949,319 964,318 979,319 994,318 1009,318 1024,318 1039,319 1054,318 1069,318 1084,318 1099,319 1114,319 1129,319 1144,319 1159,320 1174,319 1189,319 1204,319 1219,319 1234,320 1249,320 1264,320 1279,320 1294,321 1309,319 1324,320 1339,320 1354,319 1369,320 1384,319 1399,320 1414,320 1429,320 1444,320 1459,320 1474,320 1489,320 1504,321 1519,321 1534,321 1549,322 1564,321 1579,322 1594,322 1609,322 1616,322"/>
               <TextEquiv>
                  <Unicode>und doch das Wasser von ihren Äckern</Unicode>
               </TextEquiv>
            </TextLine>
            <TextLine id="r_2_tl_4" custom="readingOrder {index:3;}">
               <Coords points="944,370 1609,370 1609,332 1504,349 1474,331 1316,330 1298,348 1242,331 1222,351 1163,330 944,339"/>
               <Baseline points="949,363 964,363 979,363 994,362 1009,362 1024,362 1039,362 1054,363 1069,362 1084,362 1099,363 1114,363 1129,363 1144,363 1159,363 1174,363 1189,364 1204,364 1219,362 1234,364 1249,364 1264,364 1279,364 1294,363 1309,363 1324,364 1339,364 1354,364 1369,364 1384,364 1399,365 1414,365 1429,365 1444,365 1459,364 1474,365 1489,365 1504,364 1519,364 1534,365 1549,365 1564,366 1579,366 1594,366 1609,367 1611,367"/>
               <TextEquiv>
                  <Unicode>auf die Felder des Impresario leitet;</Unicode>
               </TextEquiv>
            </TextLine>
            <TextLine id="r_2_tl_5" custom="readingOrder {index:4;}">
               <Coords points="942,419 1612,418 1612,387 1120,389 1087,372 1027,392 942,375"/>
               <Baseline points="947,407 960,407 975,408 990,408 1005,408 1020,407 1035,407 1050,408 1065,408 1080,408 1095,409 1110,408 1125,408 1140,408 1155,409 1170,409 1185,409 1200,409 1215,410 1230,409 1245,409 1260,409 1275,409 1290,409 1305,409 1320,409 1335,410 1350,410 1365,410 1380,411 1395,411 1410,411 1425,410 1440,410 1455,410 1470,409 1485,410 1500,410 1515,410 1530,410 1545,411 1560,411 1575,411 1590,411 1605,411 1614,411"/>
               <TextEquiv>
                  <Unicode>dass es Gerechtigkeit heisst, wenn man</Unicode>
               </TextEquiv>
            </TextLine>
            <TextLine id="r_2_tl_6" custom="readingOrder {index:5;}">
               <Coords points="942,457 1614,466 1614,435 1507,418 1409,443 1288,421 1165,442 942,420"/>
               <Baseline points="947,453 958,453 973,452 988,452 1003,451 1018,451 1033,452 1048,453 1063,453 1078,453 1093,453 1108,453 1123,454 1138,454 1153,454 1168,453 1183,453 1198,454 1213,453 1228,454 1243,454 1258,454 1273,454 1288,455 1303,455 1318,455 1333,454 1348,454 1363,454 1378,454 1393,455 1408,454 1423,454 1438,454 1453,455 1468,454 1483,454 1498,455 1513,455 1528,455 1543,455 1558,455 1573,455 1588,455 1603,455 1616,456"/>
               <TextEquiv>
                  <Unicode>ihre Klagen von Instanz zu Instanz</Unicode>
               </TextEquiv>
            </TextLine>
            <TextLine id="r_2_tl_7" custom="readingOrder {index:6;}">
               <Coords points="942,506 1612,506 1612,476 1543,468 942,474"/>
               <Baseline points="947,497 958,497 973,497 988,497 1003,498 1018,498 1033,497 1048,497 1063,497 1078,497 1093,497 1108,498 1123,498 1138,498 1153,497 1168,498 1183,497 1198,498 1213,498 1228,499 1243,499 1258,498 1273,499 1288,498 1303,498 1318,498 1333,499 1348,498 1363,498 1378,499 1393,499 1408,498 1423,498 1438,499 1453,500 1468,499 1483,499 1498,500 1513,499 1528,499 1543,499 1558,499 1573,499 1588,499 1603,499 1614,498"/>
               <TextEquiv>
                  <Unicode>schiebt und schliesslich als abgewiesen</Unicode>
               </TextEquiv>
            </TextLine>
            <TextLine id="r_2_tl_8" custom="readingOrder {index:7;}">
               <Coords points="944,553 1613,553 1613,525 1548,507 1461,535 1289,535 1268,514 1188,530 1124,506 1087,534 1058,506 944,518"/>
               <Baseline points="949,541 964,542 979,541 994,541 1009,541 1024,541 1039,542 1054,542 1069,541 1084,541 1099,542 1114,542 1129,542 1144,542 1159,542 1174,542 1189,541 1204,542 1219,542 1234,542 1249,542 1264,542 1279,542 1294,542 1309,542 1324,543 1339,543 1354,543 1369,543 1384,542 1399,543 1414,543 1429,544 1444,542 1459,542 1474,543 1489,543 1504,544 1519,543 1534,543 1549,544 1564,544 1579,544 1594,544 1609,544 1614,546"/>
               <TextEquiv>
                  <Unicode>erklärt, dass man, um zu arbeiten,</Unicode>
               </TextEquiv>
            </TextLine>
            <TextLine id="r_2_tl_9" custom="readingOrder {index:8;}">
               <Coords points="945,595 1609,599 1608,567 1568,554 944,562"/>
               <Baseline points="950,587 951,587 966,587 981,587 996,587 1011,587 1026,587 1041,586 1056,587 1071,587 1086,587 1101,587 1116,587 1131,587 1146,587 1161,587 1176,588 1191,588 1206,586 1221,588 1236,587 1251,588 1266,588 1281,588 1296,588 1311,588 1326,589 1341,589 1356,588 1371,588 1386,588 1401,589 1416,589 1431,588 1446,588 1461,588 1476,589 1491,588 1506,588 1521,589 1536,589 1551,588 1566,589 1581,589 1596,588 1611,585"/>
               <TextEquiv>
                  <Unicode>einen Ausweis braucht und dafür be¬</Unicode>
               </TextEquiv>
            </TextLine>
            <TextLine id="r_2_tl_10" custom="readingOrder {index:9;}">
               <Coords points="942,642 1502,633 1589,650 1589,606 1544,597 1223,613 1194,596 1174,616 1062,619 1009,594 942,613"/>
               <Baseline points="947,632 961,631 976,631 991,631 1006,631 1021,630 1036,631 1051,631 1066,630 1081,631 1096,631 1111,631 1126,631 1141,631 1156,632 1171,631 1186,632 1201,632 1216,632 1231,632 1246,632 1261,631 1276,631 1291,632 1306,631 1321,632 1336,631 1351,632 1366,632 1381,632 1396,632 1411,631 1426,631 1441,632 1456,632 1471,632 1486,633 1501,632 1516,633 1531,633 1546,633 1561,634 1576,634 1591,631"/>
               <TextEquiv>
                  <Unicode>zahlen muss; dass der Bote der Obri¬</Unicode>
               </TextEquiv>
            </TextLine>
            <TextLine id="r_2_tl_11" custom="readingOrder {index:10;}">
               <Coords points="943,682 1612,690 1612,652 1547,643 943,642"/>
               <Baseline points="948,677 963,676 978,676 993,676 1008,677 1023,675 1038,676 1053,677 1068,677 1083,677 1098,677 1113,677 1128,677 1143,676 1158,677 1173,677 1188,677 1203,677 1218,678 1233,678 1248,678 1263,677 1278,678 1293,678 1308,678 1323,678 1338,677 1353,677 1368,677 1383,678 1398,678 1413,678 1428,678 1443,677 1458,677 1473,677 1488,677 1503,678 1518,678 1533,678 1548,679 1563,679 1578,679 1593,679 1608,679 1614,681"/>
               <TextEquiv>
                  <Unicode>keit ihnen fortwährend mit Gesetzen,</Unicode>
               </TextEquiv>
            </TextLine>
            <TextLine id="r_2_tl_12" custom="readingOrder {index:11;}">
               <Coords points="943,730 1609,730 1591,691 1301,706 1176,684 1077,705 943,684"/>
               <Baseline points="948,720 951,721 966,721 981,720 996,720 1011,721 1026,721 1041,720 1056,721 1071,721 1086,720 1101,720 1116,721 1131,721 1146,721 1161,720 1176,721 1191,721 1206,721 1221,722 1236,721 1251,722 1266,720 1281,721 1296,721 1311,721 1326,721 1341,721 1356,721 1371,721 1386,721 1401,722 1416,722 1431,721 1446,721 1461,721 1476,721 1491,722 1506,722 1521,721 1536,721 1551,722 1566,722 1581,722 1596,722 1611,719"/>
               <TextEquiv>
                  <Unicode>Steuern und Strafen droht. (Wir dach-</Unicode>
               </TextEquiv>
            </TextLine>
            <TextLine id="r_2_tl_13" custom="readingOrder {index:12;}">
               <Coords points="945,778 1610,778 1610,742 1520,751 1500,731 1418,749 1354,731 1308,760 1264,731 1204,759 1165,739 1118,755 1084,730 1022,751 945,734"/>
               <Baseline points="950,766 965,766 980,767 995,767 1010,767 1025,766 1040,766 1055,766 1070,766 1085,767 1100,767 1115,766 1130,767 1145,767 1160,767 1175,766 1190,766 1205,767 1220,768 1235,767 1250,767 1265,768 1280,768 1295,768 1310,767 1325,767 1340,767 1355,767 1370,767 1385,767 1400,767 1415,768 1430,768 1445,767 1460,768 1475,768 1490,767 1505,768 1520,766 1535,767 1550,768 1565,767 1580,768 1595,768 1610,768 1612,767"/>
               <TextEquiv>
                  <Unicode>ten: rede nur, rede, schliesslich wirst</Unicode>
               </TextEquiv>
            </TextLine>
            <TextLine id="r_2_tl_14" custom="readingOrder {index:13;}">
               <Coords points="942,818 1613,818 1613,786 1589,778 1443,794 1337,778 1301,799 1230,779 942,781"/>
               <Baseline points="947,811 962,810 977,809 992,811 1007,810 1022,810 1037,811 1052,811 1067,811 1082,811 1097,811 1112,810 1127,810 1142,811 1157,811 1172,812 1187,811 1202,812 1217,812 1232,812 1247,811 1262,812 1277,812 1292,811 1307,810 1322,812 1337,811 1352,811 1367,812 1382,812 1397,812 1412,811 1427,812 1442,810 1457,811 1472,811 1487,812 1502,812 1517,812 1532,812 1547,812 1562,812 1577,812 1592,811 1607,812 1615,811"/>
               <TextEquiv>
                  <Unicode>Du schon aufhören, einmal musst Du</Unicode>
               </TextEquiv>
            </TextLine>
            <TextLine id="r_2_tl_15" custom="readingOrder {index:14;}">
               <Coords points="943,869 1608,865 1608,828 1321,845 1196,818 1164,848 1061,817 989,845 943,819"/>
               <Baseline points="948,858 963,857 978,856 993,856 1008,856 1023,856 1038,856 1053,856 1068,856 1083,856 1098,855 1113,855 1128,855 1143,856 1158,856 1173,855 1188,856 1203,857 1218,857 1233,856 1248,857 1263,856 1278,856 1293,857 1308,856 1323,856 1338,857 1353,857 1368,857 1383,857 1398,857 1413,857 1428,857 1443,857 1458,857 1473,857 1488,857 1503,858 1518,858 1533,858 1548,858 1563,858 1578,858 1593,858 1608,858 1610,858"/>
               <TextEquiv>
                  <Unicode>ja aufhören. Aber er redete weiter. Er</Unicode>
               </TextEquiv>
            </TextLine>
            <TextLine id="r_2_tl_16" custom="readingOrder {index:15;}">
               <Coords points="942,906 1614,907 1613,873 1565,867 1352,885 941,868"/>
               <Baseline points="947,900 948,900 963,900 978,900 993,899 1008,900 1023,900 1038,900 1053,899 1068,900 1083,900 1098,900 1113,900 1128,901 1143,900 1158,900 1173,901 1188,901 1203,901 1218,900 1233,902 1248,901 1263,901 1278,901 1293,901 1308,902 1324,901 1340,900 1355,901 1370,901 1385,901 1400,901 1415,901 1430,902 1445,901 1460,902 1475,901 1490,902 1505,902 1520,902 1535,902 1550,902 1565,903 1580,902 1595,902 1610,902 1616,902"/>
               <TextEquiv>
                  <Unicode>hörte nicht auf). Dies alles verstehen</Unicode>
               </TextEquiv>
            </TextLine>
            <TextLine id="r_2_tl_17" custom="readingOrder {index:16;}">
               <Coords points="942,954 1612,960 1611,915 941,920"/>
               <Baseline points="947,944 962,945 977,945 992,945 1007,944 1022,944 1037,945 1052,944 1067,945 1082,945 1097,945 1112,945 1127,944 1142,945 1157,946 1172,945 1187,945 1202,945 1217,945 1232,944 1247,946 1262,946 1277,946 1292,946 1307,945 1322,945 1337,945 1352,946 1367,945 1382,946 1397,946 1412,946 1427,946 1442,946 1457,946 1472,947 1487,947 1502,946 1517,946 1532,947 1547,947 1562,947 1577,948 1592,948 1607,948 1614,950"/>
               <TextEquiv>
                  <Unicode>die armen Leute aus Fontamara nicht,</Unicode>
               </TextEquiv>
            </TextLine>
            <TextLine id="r_2_tl_18" custom="readingOrder {index:17;}">
               <Coords points="943,994 1609,996 1597,961 943,964"/>
               <Baseline points="948,989 956,989 971,989 986,989 1001,989 1016,990 1031,989 1046,990 1061,989 1076,989 1091,988 1106,989 1121,989 1136,989 1151,990 1166,990 1181,990 1196,990 1211,990 1226,990 1241,990 1256,990 1271,990 1286,990 1301,990 1316,990 1332,989 1348,990 1363,990 1378,990 1393,991 1408,990 1423,989 1438,989 1453,991 1468,991 1483,991 1498,991 1513,991 1528,991 1543,991 1558,990 1573,991 1588,991 1603,991 1611,988"/>
               <TextEquiv>
                  <Unicode>aber sie verstehen dass sie immer är¬</Unicode>
               </TextEquiv>
            </TextLine>
            <TextLine id="r_2_tl_19" custom="readingOrder {index:18;}">
               <Coords points="942,1041 1611,1042 1611,1017 1524,1002 942,1013"/>
               <Baseline points="947,1034 952,1034 967,1034 982,1034 997,1034 1012,1034 1027,1033 1042,1033 1057,1032 1072,1033 1087,1034 1102,1034 1117,1034 1132,1034 1147,1035 1162,1034 1177,1034 1192,1034 1207,1035 1222,1035 1237,1034 1252,1034 1267,1034 1282,1035 1297,1035 1312,1035 1327,1034 1342,1034 1357,1035 1372,1035 1387,1035 1402,1035 1417,1036 1432,1034 1447,1035 1462,1035 1477,1036 1492,1035 1507,1035 1522,1036 1537,1035 1552,1034 1567,1035 1582,1035 1597,1035 1612,1031"/>
               <TextEquiv>
                  <Unicode>mer werden, und dass man nichts da¬</Unicode>
               </TextEquiv>
            </TextLine>
            <TextLine id="r_2_tl_20" custom="readingOrder {index:19;}">
               <Coords points="948,1073 1571,1091 1610,1090 1609,1058 1304,1045 1241,1071 1147,1044 947,1051"/>
               <Baseline points="953,1072 968,1072 983,1071 995,1078 1011,1079 1026,1079 1041,1078 1056,1078 1071,1078 1086,1078 1101,1079 1116,1078 1131,1078 1146,1079 1161,1079 1176,1079 1191,1079 1206,1079 1221,1079 1236,1079 1251,1078 1266,1080 1281,1079 1296,1079 1311,1079 1326,1079 1341,1079 1356,1079 1371,1080 1386,1080 1401,1080 1416,1079 1431,1079 1446,1079 1461,1079 1476,1079 1491,1079 1506,1080 1521,1080 1536,1080 1551,1080 1566,1080 1581,1080 1596,1080 1611,1079 1612,1079"/>
               <TextEquiv>
                  <Unicode>gegen tun kann, weil die Gewalt der</Unicode>
               </TextEquiv>
            </TextLine>
            <TextLine id="r_2_tl_22" custom="readingOrder {index:20;}">
               <Coords points="942,1131 1609,1130 1597,1091 1553,1109 1526,1091 1339,1090 1284,1112 1253,1090 942,1096"/>
               <Baseline points="947,1124 962,1123 977,1123 992,1123 1007,1123 1022,1123 1037,1123 1052,1123 1067,1123 1082,1122 1097,1123 1112,1123 1127,1123 1142,1123 1157,1123 1172,1122 1187,1123 1202,1123 1217,1123 1232,1123 1247,1123 1262,1124 1277,1123 1292,1123 1307,1124 1322,1125 1337,1124 1352,1123 1367,1124 1382,1124 1397,1124 1412,1124 1427,1124 1442,1124 1457,1124 1472,1124 1487,1124 1502,1125 1517,1124 1532,1124 1547,1124 1562,1124 1577,1124 1592,1124 1607,1124 1611,1124"/>
               <TextEquiv>
                  <Unicode>fascistischen Miliz grösser ist als die</Unicode>
               </TextEquiv>
            </TextLine>
            <TextLine id="r_2_tl_23" custom="readingOrder {index:21;}">
               <Coords points="943,1178 1505,1178 1504,1150 1399,1131 1342,1149 1248,1131 1191,1148 1172,1130 1137,1148 1018,1131 992,1149 942,1132"/>
               <Baseline points="948,1168 963,1167 978,1168 993,1168 1008,1167 1023,1167 1038,1168 1053,1167 1068,1167 1083,1167 1098,1168 1113,1167 1128,1168 1143,1167 1158,1167 1173,1167 1188,1167 1203,1167 1218,1167 1233,1167 1248,1168 1263,1168 1278,1169 1293,1168 1308,1168 1323,1168 1338,1168 1353,1168 1368,1169 1383,1167 1398,1168 1413,1168 1428,1168 1443,1168 1458,1169 1473,1169 1488,1169 1503,1170 1507,1169"/>
               <TextEquiv>
                  <Unicode>Macht und Gerechtigkeit Gottes.\:p\</Unicode>
               </TextEquiv>
            </TextLine>
            <TextLine id="r_2_tl_24" custom="readingOrder {index:22;}">
               <Coords points="944,1217 1611,1218 1611,1179 1282,1195 944,1179"/>
               <Baseline points="949,1209 963,1211 978,1211 993,1211 1008,1211 1023,1211 1038,1212 1053,1212 1068,1212 1083,1212 1098,1212 1113,1212 1128,1212 1143,1213 1158,1212 1173,1212 1188,1212 1203,1212 1218,1212 1233,1212 1248,1212 1263,1211 1278,1211 1293,1213 1308,1212 1323,1213 1338,1212 1353,1212 1368,1212 1383,1213 1398,1213 1413,1213 1428,1213 1443,1212 1458,1213 1473,1213 1488,1213 1503,1212 1518,1212 1533,1212 1548,1213 1563,1213 1578,1213 1593,1213 1608,1213 1613,1213"/>
               <TextEquiv>
                  <Unicode>\p\Wir aber erfahren—und zum ersten Mal</Unicode>
               </TextEquiv>
            </TextLine>
            <TextLine id="r_2_tl_25" custom="readingOrder {index:23;}">
               <Coords points="942,1266 1611,1266 1591,1228 1401,1245 1261,1218 1231,1237 942,1227"/>
               <Baseline points="947,1255 961,1257 976,1257 991,1256 1006,1256 1021,1256 1036,1257 1051,1256 1066,1257 1081,1257 1096,1256 1111,1256 1126,1257 1141,1257 1156,1257 1171,1257 1186,1256 1201,1257 1216,1257 1231,1257 1246,1255 1261,1256 1276,1257 1291,1256 1306,1257 1321,1257 1336,1257 1351,1257 1366,1257 1381,1258 1396,1256 1411,1257 1426,1255 1441,1256 1456,1257 1471,1257 1486,1257 1501,1257 1516,1257 1531,1256 1546,1257 1561,1257 1576,1256 1591,1257 1606,1257 1612,1256"/>
               <TextEquiv>
                  <Unicode>in dieser Eindringlichkeit — dass es in</Unicode>
               </TextEquiv>
            </TextLine>
            <TextLine id="r_2_tl_26" custom="readingOrder {index:24;}">
               <Coords points="942,1306 1608,1314 1608,1274 1557,1266 1426,1266 1399,1286 1328,1265 942,1269"/>
               <Baseline points="947,1301 958,1302 973,1301 988,1301 1003,1301 1018,1301 1033,1301 1048,1301 1063,1300 1078,1301 1093,1301 1108,1301 1123,1300 1138,1301 1153,1301 1168,1301 1183,1301 1198,1301 1213,1301 1228,1302 1243,1301 1258,1301 1273,1301 1288,1301 1303,1301 1318,1302 1333,1301 1348,1302 1363,1300 1375,1302 1391,1303 1406,1300 1421,1302 1436,1302 1451,1302 1466,1302 1481,1301 1496,1301 1511,1302 1526,1302 1541,1302 1556,1302 1571,1302 1586,1302 1601,1302 1610,1302"/>
               <TextEquiv>
                  <Unicode>Italien noch andere Dinge gibt als Rom,</Unicode>
               </TextEquiv>
            </TextLine>
            <TextLine id="r_2_tl_27" custom="readingOrder {index:25;}">
               <Coords points="942,1353 1612,1354 1612,1315 1321,1315 1278,1334 942,1315"/>
               <Baseline points="947,1345 959,1345 974,1344 989,1345 1004,1345 1019,1345 1034,1345 1049,1346 1064,1346 1079,1345 1094,1345 1109,1345 1124,1346 1139,1346 1154,1346 1169,1346 1184,1346 1199,1346 1214,1346 1230,1344 1246,1344 1261,1343 1276,1344 1291,1345 1306,1345 1321,1345 1336,1346 1351,1346 1366,1346 1381,1346 1396,1346 1411,1346 1426,1346 1441,1345 1456,1346 1471,1346 1486,1345 1501,1346 1516,1346 1531,1345 1546,1345 1561,1345 1576,1345 1591,1346 1606,1345 1614,1345"/>
               <TextEquiv>
                  <Unicode>Ballila[faschistische Jugendorganisation - Körperschaft], Ozeanflug — wir tun einen Blick</Unicode>
               </TextEquiv>
            </TextLine>
            <TextLine id="r_2_tl_28" custom="readingOrder {index:26;}">
               <Coords points="941,1402 1610,1402 1610,1373 1527,1356 1489,1374 1368,1357 1348,1377 1306,1355 1225,1374 1084,1356 1061,1379 941,1356"/>
               <Baseline points="946,1391 959,1390 974,1391 989,1391 1004,1391 1019,1390 1034,1390 1049,1390 1064,1390 1079,1391 1094,1391 1109,1391 1124,1391 1139,1391 1154,1392 1169,1390 1184,1391 1199,1392 1214,1389 1230,1391 1245,1391 1260,1391 1275,1391 1290,1391 1305,1392 1320,1392 1335,1392 1350,1392 1365,1392 1380,1392 1395,1392 1410,1392 1425,1393 1440,1392 1455,1392 1463,1391 1479,1393 1494,1393 1509,1392 1524,1393 1539,1393 1554,1393 1569,1393 1584,1393 1599,1393 1612,1392"/>
               <TextEquiv>
                  <Unicode>hinter die Spiegel des Erfolgs, hinter</Unicode>
               </TextEquiv>
            </TextLine>
            <TextLine id="r_2_tl_29" custom="readingOrder {index:27;}">
               <Coords points="940,1442 1610,1442 1610,1410 1567,1403 940,1409"/>
               <Baseline points="945,1435 960,1435 975,1435 990,1436 1005,1434 1020,1434 1035,1435 1050,1436 1065,1435 1080,1436 1095,1435 1110,1435 1125,1435 1140,1436 1155,1435 1170,1435 1185,1435 1200,1435 1215,1435 1230,1435 1245,1435 1260,1435 1275,1436 1290,1436 1305,1436 1320,1436 1335,1436 1350,1436 1365,1436 1380,1437 1395,1436 1410,1437 1425,1437 1440,1437 1455,1436 1470,1437 1485,1437 1500,1437 1515,1437 1530,1437 1545,1437 1560,1437 1575,1437 1590,1437 1605,1436 1612,1436"/>
               <TextEquiv>
                  <Unicode>die glänzenden Wände des fascistischen</Unicode>
               </TextEquiv>
            </TextLine>
            <TextLine id="r_2_tl_30" custom="readingOrder {index:28;}">
               <Coords points="940,1490 1606,1490 1587,1449 1369,1469 1177,1444 1100,1472 940,1443"/>
               <Baseline points="945,1479 960,1480 975,1480 991,1478 1007,1480 1022,1480 1037,1480 1052,1480 1067,1480 1082,1480 1097,1479 1112,1480 1127,1480 1142,1480 1157,1480 1172,1480 1187,1480 1202,1481 1217,1481 1232,1480 1247,1481 1262,1480 1277,1480 1292,1481 1307,1481 1322,1481 1337,1481 1352,1481 1367,1480 1382,1481 1397,1481 1412,1482 1427,1481 1442,1481 1457,1481 1472,1481 1487,1481 1502,1481 1517,1481 1532,1481 1547,1481 1562,1482 1577,1482 1592,1481 1607,1481 1608,1481"/>
               <TextEquiv>
                  <Unicode>Regimes, zu den Armen und Gedrück¬</Unicode>
               </TextEquiv>
            </TextLine>
            <TextLine id="r_2_tl_31" custom="readingOrder {index:29;}">
               <Coords points="942,1530 1612,1538 1612,1490 1380,1511 1035,1492 1014,1513 942,1492"/>
               <Baseline points="947,1524 962,1525 977,1525 992,1525 1007,1524 1022,1524 1037,1525 1052,1525 1067,1525 1082,1524 1097,1525 1112,1525 1127,1525 1142,1525 1157,1525 1172,1526 1187,1525 1202,1526 1217,1526 1232,1525 1247,1525 1262,1526 1277,1525 1292,1525 1307,1526 1322,1526 1337,1526 1352,1526 1367,1526 1382,1526 1397,1526 1412,1527 1427,1526 1442,1526 1457,1525 1472,1525 1487,1526 1502,1527 1517,1526 1532,1527 1547,1527 1562,1527 1577,1526 1592,1526 1607,1526 1614,1526"/>
               <TextEquiv>
                  <Unicode>ten, die auch heute arm und gedrückt</Unicode>
               </TextEquiv>
            </TextLine>
            <TextLine id="r_2_tl_32" custom="readingOrder {index:30;}">
               <Coords points="938,1578 1614,1578 1597,1539 938,1550"/>
               <Baseline points="943,1569 958,1569 973,1569 988,1569 1003,1569 1018,1569 1033,1569 1048,1569 1063,1569 1078,1569 1093,1569 1108,1569 1123,1569 1138,1570 1153,1570 1168,1570 1183,1570 1198,1570 1213,1570 1228,1570 1243,1570 1258,1570 1273,1570 1288,1570 1303,1570 1318,1570 1333,1570 1348,1570 1363,1570 1378,1570 1393,1570 1408,1570 1423,1570 1438,1570 1453,1571 1468,1571 1483,1571 1498,1571 1513,1571 1528,1571 1543,1571 1558,1571 1573,1571 1588,1571 1603,1570 1616,1570"/>
               <TextEquiv>
                  <Unicode>sind, zu den Rechtlosen die auch heute</Unicode>
               </TextEquiv>
            </TextLine>
            <TextLine id="r_2_tl_33" custom="readingOrder {index:31;}">
               <Coords points="944,1619 1609,1626 1596,1586 1525,1607 1484,1586 1429,1603 1402,1578 1333,1598 1274,1578 944,1588"/>
               <Baseline points="949,1612 952,1613 967,1614 982,1614 997,1614 1012,1614 1027,1613 1042,1614 1057,1614 1072,1614 1087,1614 1102,1614 1117,1614 1132,1614 1147,1615 1162,1615 1177,1615 1192,1614 1207,1613 1222,1614 1237,1615 1252,1614 1267,1614 1282,1615 1297,1614 1312,1614 1327,1614 1342,1614 1357,1615 1372,1615 1387,1616 1402,1615 1418,1614 1433,1614 1448,1613 1463,1614 1478,1615 1493,1616 1508,1616 1523,1614 1538,1614 1553,1615 1568,1615 1583,1615 1598,1615 1611,1612"/>
               <TextEquiv>
                  <Unicode>entrechtet und hilflos sind — ja, gera¬</Unicode>
               </TextEquiv>
            </TextLine>
            <TextLine id="r_2_tl_34" custom="readingOrder {index:32;}">
               <Coords points="943,1666 1614,1666 1614,1635 1565,1628 943,1631"/>
               <Baseline points="948,1659 956,1658 971,1659 986,1658 1001,1658 1016,1659 1031,1659 1046,1659 1061,1659 1076,1659 1091,1659 1106,1659 1121,1659 1136,1660 1151,1659 1166,1659 1181,1659 1196,1659 1211,1659 1226,1659 1241,1659 1256,1659 1271,1659 1286,1659 1301,1660 1316,1660 1331,1659 1346,1660 1361,1660 1376,1660 1391,1660 1406,1660 1421,1660 1436,1660 1451,1660 1466,1660 1481,1660 1496,1659 1511,1660 1526,1660 1541,1660 1556,1660 1571,1660 1586,1659 1601,1658 1616,1658"/>
               <TextEquiv>
                  <Unicode>de heute: denn als sie sich zu erheben</Unicode>
               </TextEquiv>
            </TextLine>
            <TextLine id="l_2" custom="readingOrder {index:33;}">
               <Coords points="947,1685 1057,1667 1386,1666 1599,1667 1613,1676 1612,1714 1485,1718 1219,1723 1167,1722 947,1713"/>
               <Baseline points="952,1702 967,1703 982,1703 997,1704 1012,1703 1027,1703 1042,1703 1057,1703 1072,1703 1087,1703 1102,1703 1117,1704 1132,1703 1147,1702 1174,1699 1180,1699 1195,1698 1210,1697 1199,1706 1214,1705 1229,1705 1244,1705 1259,1704 1274,1704 1289,1703 1304,1703 1319,1704 1334,1703 1349,1704 1364,1704 1379,1703 1395,1705 1410,1705 1425,1705 1427,1705 1433,1701 1449,1698 1464,1698 1476,1703 1491,1704 1506,1704 1521,1704 1536,1703 1551,1703 1566,1704 1581,1704 1596,1704 1611,1703 1615,1702"/>
               <TextEquiv>
                  <Unicode>versuchen (gegen wen? gegen die</Unicode>
               </TextEquiv>
            </TextLine>
            <TextLine id="r_2_tl_39" custom="readingOrder {index:34;}">
               <Coords points="944,1762 1608,1754 1608,1722 1491,1737 1447,1717 1280,1733 969,1715 944,1734"/>
               <Baseline points="949,1750 959,1749 974,1749 989,1749 1004,1749 1019,1748 1034,1748 1049,1748 1064,1747 1079,1748 1094,1748 1109,1749 1124,1749 1139,1748 1154,1749 1169,1748 1184,1747 1199,1749 1214,1749 1229,1750 1244,1750 1259,1750 1274,1749 1289,1749 1305,1749 1313,1749 1329,1750 1344,1749 1359,1750 1374,1750 1389,1750 1404,1749 1419,1749 1434,1749 1449,1750 1464,1750 1479,1749 1494,1748 1509,1749 1524,1749 1539,1749 1554,1749 1569,1748 1584,1748 1599,1747 1610,1749"/>
               <TextEquiv>
                  <Unicode>„Obrigkeit”? oder gegen ihr unver¬</Unicode>
               </TextEquiv>
            </TextLine>
            <TextLine id="r_2_tl_40" custom="readingOrder {index:35;}">
               <Coords points="944,1803 1614,1802 1614,1770 1489,1757 1319,1781 1166,1754 1125,1774 944,1770"/>
               <Baseline points="949,1793 951,1792 966,1793 981,1793 996,1793 1011,1793 1026,1793 1041,1793 1056,1793 1071,1793 1086,1793 1101,1793 1116,1793 1131,1793 1146,1793 1161,1793 1176,1793 1191,1793 1206,1793 1221,1793 1236,1792 1251,1790 1266,1791 1281,1792 1296,1791 1311,1792 1326,1792 1341,1793 1356,1793 1371,1794 1386,1794 1401,1794 1416,1794 1431,1794 1446,1793 1461,1794 1476,1794 1491,1793 1506,1794 1521,1793 1536,1793 1551,1793 1566,1793 1581,1793 1596,1793 1611,1792 1616,1793"/>
               <TextEquiv>
                  <Unicode>schuldetes Elend?) — als sie, Urtrieben</Unicode>
               </TextEquiv>
            </TextLine>
            <TextLine id="r_2_tl_41" custom="readingOrder {index:36;}">
               <Coords points="946,1848 1616,1850 1615,1807 1451,1804 1400,1827 1373,1803 945,1811"/>
               <Baseline points="951,1838 965,1838 980,1838 995,1838 1010,1837 1025,1837 1040,1837 1055,1837 1070,1838 1085,1838 1100,1838 1115,1838 1130,1837 1145,1838 1160,1838 1175,1838 1190,1838 1205,1837 1220,1837 1235,1837 1250,1837 1265,1838 1280,1837 1295,1837 1310,1838 1325,1838 1340,1838 1355,1838 1370,1838 1385,1839 1400,1838 1415,1836 1423,1837 1439,1839 1454,1839 1469,1839 1484,1838 1499,1838 1514,1837 1529,1838 1544,1838 1559,1838 1574,1838 1589,1838 1604,1838 1618,1839"/>
               <TextEquiv>
                  <Unicode>und einfacher Vernunft gehorchend,</Unicode>
               </TextEquiv>
            </TextLine>
            <TextLine id="r_2_tl_42" custom="readingOrder {index:37;}">
               <Coords points="942,1890 1618,1890 1597,1851 1568,1870 1511,1851 1433,1871 1382,1851 942,1861"/>
               <Baseline points="947,1884 960,1883 975,1882 990,1882 1005,1883 1020,1882 1035,1883 1050,1883 1065,1883 1080,1883 1095,1882 1110,1883 1125,1883 1140,1883 1155,1883 1170,1882 1185,1882 1200,1883 1215,1883 1230,1882 1245,1882 1260,1882 1275,1882 1290,1883 1305,1882 1320,1882 1335,1883 1350,1882 1365,1882 1380,1883 1395,1883 1410,1883 1425,1882 1440,1882 1455,1882 1470,1882 1485,1882 1500,1882 1515,1882 1530,1882 1545,1882 1560,1881 1575,1882 1590,1882 1605,1882 1620,1882"/>
               <TextEquiv>
                  <Unicode>sich aus ihrer Not befreien wollen, da</Unicode>
               </TextEquiv>
            </TextLine>
            <TextLine id="r_2_tl_43" custom="readingOrder {index:38;}">
               <Coords points="944,1936 1611,1932 1611,1901 1572,1890 1548,1907 1445,1890 1419,1916 1347,1890 1162,1907 944,1891"/>
               <Baseline points="949,1926 960,1927 975,1928 990,1927 1005,1927 1020,1927 1035,1927 1050,1927 1065,1927 1080,1926 1095,1927 1110,1927 1125,1926 1140,1927 1155,1927 1170,1927 1185,1927 1200,1927 1215,1926 1230,1926 1245,1927 1260,1927 1275,1927 1290,1927 1305,1928 1320,1927 1335,1928 1350,1927 1365,1928 1380,1927 1395,1928 1410,1928 1425,1927 1440,1927 1455,1928 1470,1928 1485,1928 1500,1928 1515,1927 1531,1928 1538,1928 1554,1927 1569,1927 1584,1926 1599,1926 1613,1924"/>
               <TextEquiv>
                  <Unicode>kommt über sie der Krieg.... [corr: ...] Krieg, fra¬</Unicode>
               </TextEquiv>
            </TextLine>
            <TextLine id="l_1" custom="readingOrder {index:39;}">
               <Coords points="945,1945 1047,1939 1313,1938 1401,1938 1610,1939 1610,1978 1296,1987 945,1985"/>
               <Baseline points="950,1979 952,1977 967,1974 982,1974 997,1973 1012,1973 1027,1973 1042,1973 1057,1973 1072,1972 1087,1972 1102,1973 1117,1972 1132,1973 1147,1972 1162,1973 1177,1972 1192,1973 1207,1972 1222,1972 1237,1972 1252,1972 1267,1972 1282,1973 1298,1971 1318,1970 1334,1970 1349,1970 1364,1970 1379,1970 1394,1970 1409,1971 1424,1971 1439,1971 1454,1971 1469,1972 1484,1972 1499,1972 1514,1972 1529,1972 1544,1971 1559,1971 1574,1971 1589,1971 1604,1971 1612,1969"/>
               <TextEquiv>
                  <Unicode>gen sie, warum Krieg ? — Niemand ant¬</Unicode>
               </TextEquiv>
            </TextLine>
            <TextLine id="r_2_tl_46" custom="readingOrder {index:40;}">
               <Coords points="948,2026 1618,2026 1618,1997 1552,1989 1400,2006 1226,1986 1195,2010 1102,1986 948,1998"/>
               <Baseline points="953,2017 968,2018 983,2017 998,2018 1013,2018 1028,2018 1043,2017 1058,2017 1073,2017 1088,2018 1103,2018 1118,2018 1133,2018 1148,2018 1163,2018 1178,2018 1193,2017 1208,2018 1223,2018 1238,2018 1253,2018 1268,2017 1283,2017 1298,2016 1313,2017 1328,2017 1343,2018 1358,2017 1373,2017 1388,2017 1403,2017 1418,2017 1433,2018 1448,2018 1463,2017 1478,2017 1493,2017 1508,2017 1523,2017 1538,2017 1553,2017 1568,2017 1583,2017 1598,2017 1613,2016 1620,2018"/>
               <TextEquiv>
                  <Unicode>wortet ihnen, aber viele unter ihnen</Unicode>
               </TextEquiv>
            </TextLine>
            <TextLine id="r_2_tl_47" custom="readingOrder {index:41;}">
               <Coords points="946,2072 1610,2074 1610,2041 1391,2052 1354,2026 1301,2056 1172,2029 1087,2055 1031,2029 946,2043"/>
               <Baseline points="951,2064 952,2064 967,2064 982,2064 997,2064 1012,2064 1027,2063 1042,2063 1057,2064 1072,2064 1087,2062 1102,2064 1117,2064 1132,2064 1147,2064 1162,2063 1177,2064 1192,2063 1207,2064 1222,2064 1237,2064 1252,2063 1267,2064 1282,2064 1297,2063 1312,2065 1327,2064 1342,2064 1357,2064 1372,2065 1387,2064 1402,2063 1417,2064 1432,2064 1447,2064 1462,2064 1477,2065 1492,2065 1507,2065 1522,2066 1537,2064 1552,2064 1567,2065 1582,2065 1597,2064 1612,2059"/>
               <TextEquiv>
                  <Unicode>werden erschossen, alle werden zer¬</Unicode>
               </TextEquiv>
            </TextLine>
            <TextLine id="r_2_tl_48" custom="readingOrder {index:42;}">
               <Coords points="942,2114 1609,2114 1589,2075 1514,2098 1426,2074 1341,2097 1318,2076 942,2088"/>
               <Baseline points="947,2108 952,2108 967,2108 982,2109 997,2108 1012,2108 1027,2108 1042,2109 1057,2108 1072,2108 1087,2108 1102,2108 1117,2108 1132,2108 1147,2109 1162,2107 1177,2107 1192,2107 1207,2107 1222,2108 1237,2109 1252,2108 1267,2108 1282,2109 1297,2109 1312,2109 1327,2109 1342,2108 1357,2109 1372,2109 1387,2109 1402,2109 1417,2110 1432,2110 1447,2109 1462,2109 1477,2110 1492,2110 1507,2109 1522,2109 1537,2110 1552,2110 1567,2109 1582,2108 1597,2108 1611,2105"/>
               <TextEquiv>
                  <Unicode>streut, sind verbannt, verfolgt, preis¬</Unicode>
               </TextEquiv>
            </TextLine>
            <TextLine id="r_2_tl_50" custom="readingOrder {index:43;}">
               <Coords points="945,2166 1619,2161 1619,2131 1526,2122 1362,2138 1274,2122 1257,2139 1025,2122 945,2148"/>
               <Baseline points="950,2161 960,2159 975,2158 990,2155 1005,2155 1020,2155 1035,2154 1050,2154 1065,2154 1080,2154 1095,2153 1110,2154 1125,2153 1140,2153 1155,2154 1170,2154 1185,2154 1200,2154 1215,2154 1230,2155 1245,2155 1260,2154 1275,2154 1290,2154 1305,2154 1320,2154 1335,2155 1350,2154 1365,2153 1380,2155 1395,2155 1410,2155 1425,2154 1440,2155 1455,2154 1470,2155 1485,2155 1500,2155 1515,2154 1530,2155 1545,2155 1560,2155 1575,2155 1590,2155 1605,2155 1620,2154"/>
               <TextEquiv>
                  <Unicode>gegeben, verloren. Nun gilt ihre bange</Unicode>
               </TextEquiv>
            </TextLine>
            <TextLine id="r_2_tl_51" custom="readingOrder {index:44;}">
               <Coords points="942,2211 1618,2211 1618,2170 1572,2162 1534,2190 1398,2163 1349,2180 1302,2162 1277,2184 1232,2163 1174,2188 1121,2163 1060,2192 942,2172"/>
               <Baseline points="947,2200 960,2199 975,2199 990,2200 1005,2200 1020,2199 1035,2200 1050,2200 1065,2199 1080,2200 1095,2199 1110,2199 1125,2199 1140,2199 1155,2200 1170,2199 1185,2199 1200,2199 1215,2199 1230,2199 1245,2199 1260,2199 1275,2199 1290,2198 1305,2199 1320,2199 1335,2199 1350,2199 1365,2199 1380,2199 1395,2199 1410,2199 1425,2199 1440,2198 1455,2198 1470,2197 1485,2197 1500,2198 1515,2198 1530,2197 1545,2198 1560,2198 1575,2198 1590,2199 1605,2198 1620,2198"/>
               <TextEquiv>
                  <Unicode>Frage nicht mehr Einzelnen — dem</Unicode>
               </TextEquiv>
            </TextLine>
            <TextLine id="r_2_tl_52" custom="readingOrder {index:45;}">
               <Coords points="945,2250 1614,2247 1590,2211 1488,2212 1469,2231 1440,2213 945,2212"/>
               <Baseline points="950,2243 955,2244 970,2244 985,2244 1000,2244 1015,2244 1030,2243 1045,2244 1060,2244 1075,2244 1090,2244 1105,2244 1120,2244 1135,2244 1150,2244 1165,2244 1180,2243 1195,2243 1210,2243 1225,2243 1240,2243 1255,2244 1270,2243 1285,2243 1300,2244 1315,2243 1330,2242 1345,2243 1360,2243 1375,2243 1390,2244 1405,2243 1420,2244 1435,2244 1450,2244 1465,2242 1480,2243 1495,2243 1510,2243 1525,2243 1540,2244 1555,2243 1570,2243 1585,2242 1600,2242 1615,2238"/>
               <TextEquiv>
                  <Unicode>Priester, dem Prinzen Tolonia, dem Bo-</Unicode>
               </TextEquiv>
            </TextLine>
            <TextLine id="r_2_tl_53" custom="readingOrder {index:46;}">
               <Coords points="947,2297 1586,2287 1453,2253 1341,2270 1305,2252 1280,2277 1216,2253 1093,2270 1041,2253 1015,2278 947,2260"/>
               <Baseline points="952,2290 959,2289 974,2289 989,2289 1004,2289 1019,2289 1034,2289 1049,2289 1064,2289 1079,2289 1094,2289 1109,2289 1124,2289 1139,2290 1154,2289 1169,2289 1184,2289 1199,2289 1214,2289 1229,2289 1244,2289 1259,2288 1274,2289 1289,2288 1304,2289 1319,2289 1334,2289 1349,2289 1364,2289 1379,2288 1394,2289 1409,2290 1424,2289 1439,2289 1454,2289 1469,2289 1484,2289 1499,2290 1515,2287 1531,2290 1546,2290 1561,2287 1576,2286 1587,2286"/>
               <TextEquiv>
                  <Unicode>ten der Obrigkeit, dem Mitbürger –</Unicode>
               </TextEquiv>
            </TextLine>
            <TextLine id="r_2_tl_54" custom="readingOrder {index:47;}">
               <Coords points="945,2345 1611,2346 1611,2312 1572,2298 1392,2317 1343,2299 1275,2322 1162,2298 1082,2322 945,2307"/>
               <Baseline points="950,2340 960,2338 975,2336 990,2336 1005,2335 1020,2335 1035,2335 1050,2335 1065,2335 1080,2334 1095,2335 1110,2334 1125,2334 1140,2334 1155,2334 1170,2334 1185,2335 1200,2334 1215,2334 1230,2334 1245,2335 1260,2335 1275,2334 1290,2334 1305,2335 1320,2334 1335,2334 1350,2334 1365,2335 1380,2334 1395,2334 1410,2335 1425,2334 1440,2334 1455,2333 1470,2334 1485,2334 1498,2332 1514,2335 1529,2334 1544,2334 1559,2335 1574,2335 1589,2334 1604,2335 1613,2334"/>
               <TextEquiv>
                  <Unicode>„\g\Was sollen wir tun\:g\?” fra¬</Unicode>
               </TextEquiv>
            </TextLine>
            <TextLine id="r_2_tl_55" custom="readingOrder {index:48;}">
               <Coords points="947,2392 1618,2386 1618,2356 1509,2346 947,2355"/>
               <Baseline points="952,2382 968,2381 983,2381 998,2381 1013,2380 1028,2379 1043,2380 1058,2380 1073,2379 1088,2378 1103,2379 1118,2380 1133,2379 1148,2379 1163,2380 1178,2379 1193,2379 1208,2379 1223,2378 1238,2378 1253,2379 1268,2378 1283,2378 1298,2379 1313,2378 1328,2378 1343,2377 1358,2379 1373,2378 1388,2378 1403,2379 1418,2378 1433,2379 1448,2379 1463,2379 1478,2379 1493,2379 1508,2378 1523,2379 1538,2379 1553,2379 1568,2379 1583,2379 1598,2379 1613,2378 1620,2378"/>
               <TextEquiv>
                  <Unicode>gen die armen Leute von Fontamara[.]</Unicode>
               </TextEquiv>
            </TextLine>
            <TextLine id="r_2_tl_56" custom="readingOrder {index:49;}">
               <Coords points="948,2429 1617,2434 1604,2386 1539,2386 1516,2409 1467,2393 1446,2413 1287,2385 1253,2408 1105,2395 1059,2417 948,2393"/>
               <Baseline points="953,2423 967,2425 982,2424 997,2425 1012,2425 1027,2425 1042,2425 1057,2424 1072,2424 1087,2424 1102,2425 1117,2425 1132,2424 1147,2425 1162,2424 1177,2424 1192,2425 1207,2425 1222,2425 1237,2425 1252,2424 1267,2424 1282,2425 1297,2424 1312,2424 1327,2424 1342,2424 1357,2425 1372,2425 1387,2425 1402,2425 1417,2425 1432,2425 1447,2424 1462,2425 1477,2425 1492,2425 1507,2426 1522,2425 1537,2425 1552,2426 1567,2425 1582,2425 1597,2425 1612,2425 1618,2425"/>
               <TextEquiv>
                  <Unicode>Wann wird das Gewissen der Welt</Unicode>
               </TextEquiv>
            </TextLine>
            <TextLine id="r_2_tl_57" custom="readingOrder {index:50;}">
               <Coords points="942,2474 959,2482 1023,2482 1050,2471 1063,2482 1155,2483 1177,2474 1243,2482 1243,2437 1129,2446 1106,2434 1052,2455 1037,2442 942,2438"/>
               <Baseline points="947,2470 960,2470 975,2470 990,2470 1005,2470 1020,2470 1035,2470 1050,2470 1065,2469 1080,2470 1095,2470 1110,2470 1125,2470 1140,2468 1155,2469 1170,2469 1185,2469 1200,2469 1215,2469 1230,2469 1245,2469"/>
               <TextEquiv>
                  <Unicode>ihnen antworten?\:p\</Unicode>
               </TextEquiv>
            </TextLine>
            <TextLine id="r_2_tl_58" custom="readingOrder {index:51;}">
               <Coords points="1006,2522 1615,2522 1615,2474 1006,2495"/>
               <Baseline points="1011,2516 1017,2516 1032,2515 1047,2515 1062,2515 1077,2514 1092,2515 1107,2514 1122,2515 1137,2515 1152,2515 1167,2514 1182,2514 1197,2514 1212,2515 1227,2514 1242,2514 1257,2514 1272,2514 1287,2514 1302,2514 1317,2514 1332,2514 1347,2515 1362,2514 1377,2514 1392,2515 1407,2516 1422,2515 1437,2515 1452,2515 1467,2514 1482,2515 1497,2516 1512,2514 1527,2515 1542,2515 1557,2515 1572,2515 1587,2515 1602,2515 1617,2513"/>
               <TextEquiv>
                  <Unicode>\p\ANNEMARIE SCHWARZENBACH\:p\</Unicode>
               </TextEquiv>
            </TextLine>
            <TextEquiv>
               <Unicode/>
            </TextEquiv>
         </TextRegion>
      </Page>
   </PcGts>
</validation-wrapper>
