4288 7165
446 4479 823 4558 Schiffs-Tagebuch
274 4550 992 4600 von Annemarie \g\Clarac\:g\-Schwarzenbach
587 4595 677 4646 IV.*)
392 4630 1057 4714 \p\An Bord des „Colonial“ 24. Mai 1941.\:p\
230 4672 1080 4747 \p\Man sah heute fliegende Fische, große, gedrungene
170 4738 1081 4779 Tiere, die schillernd emporschnellten und kopfüber
166 4772 1072 4811 wieder in die Tiefe tauchten. Das Meer hat sich ver¬
170 4804 1099 4846 ändert, es ist ohne Farbe, weder grau noch blau, die
172 4840 1097 4879 Sonne dringt durch die schweren Dunstschichten, trotz¬
170 4877 1069 4918 dem herrscht eine glanzlose Helle, welche die Augen er¬
172 4914 1097 4954 müdet, als schaue man in blindendes Weiß. Gestern
174 4949 1099 4996 hat es geregnet, das soll hier nicht ungewöhnlich sein,
171 4983 1097 5035 während im Inland, im Kongo und in Kamerun, die
166 5015 1097 5066 Regenzeit gerade zu Ende ist, drüben in Kenya eben
176 5057 1097 5094 erst beginnt. Am Vormittag sah man während einer
172 5090 1097 5137 halben Stunde einen Convoy französischer Schiffe die
166 5121 1080 5174 nach Dekar fahren. Manchmal hören wir Nachrichten,
172 5160 1097 5224 spanische aus Marokko, englische ans London, und por¬
166 5190 349 5240 tugiesische.\:p\
226 5221 1097 5285 \p\Mit der wachsenden Entfernung von Europa hat sich
166 5258 1097 5304 unsere Einstellung zum Krieg verändert. Dort war¬
166 5298 1097 5347 teten ganze Bevölkerungen angstvoll darauf, ob der
166 5342 1097 5377 Feind in ihr Land einbrechen, oder ihre Städte bom¬
166 5375 1097 5423 bardieren würde, — oder sie waren schon heimgesucht,
159 5411 1068 5451 besetzt, entwaffnet — oder befanden sich in der Sturz¬
170 5442 1099 5483 flut des Kampfes auf Leben und Tod. In der Schweiz
166 5480 1097 5514 war man zu einem solchen Kampf gerüstet, in Portugal
170 5514 1099 5558 hatte ich den Eindruck, man sei im voraus resigniert.
170 5552 1081 5591 Es ging immer um riesige Ereignisse, der einzelne
166 5583 1066 5630 war nur noch dazu gut, zu erleiden, was über ihn be-
172 5622 1097 5660 stimmt wurde. — Hier, in den afrikanischen Zonen,
160 5658 1097 5694 bestimmt jeder, wie er sich verhalten wolle. Der bel¬
166 5693 1097 5739 gische Kapitän sagt mir, er werde seinen Kongo-Damp¬
172 5731 1097 5766 fer auf keinen Fall ausliefern. Es ist gar keine Frage,
170 5765 1097 5808 daß diese Menschen, nachdem sie den Entschluß, wegzu¬
166 5800 1097 5852 gehen, gefaßt haben, sich nie einem fremden Regime
170 5839 1099 5880 fügen werden. Eine Hand voll solcher Leute können
170 5864 1099 5914 aber in Afrika darüber entscheiden, wem ein Gebiet
172 5901 1097 5946 unterstehen soll, ob man seine Weisungen vom Sieger
172 5940 1097 5975 in Europa oder von einer exilierten Regierung emp¬
171 5975 1097 6027 fangen soll, ob man mit Japan Handel treiben will,
168 6014 1097 6058 oder mit Indien oder Amerika. Die großen hollän¬
170 6044 1099 6110 dischen Handelshäuser haben heute ihren Sitz in Ba¬
1103 4487 2023 4542 tavia oder Mozambique oder wo immer und keine Ver¬
1113 4519 1890 4567 bindung besteht mehr mit der besetzten Heimat.\:p\
1164 4540 2023 4610 \p\\g\Freetown\:g\ ist schon passiert, die Engländer haben
1103 4589 1468 4631 uns nicht angehalten.\:p\
1157 4619 2023 4668 \p\Unser nächster Hafen ist \g\San Thomé\:g\, die Insel
1103 4660 2023 4715 auf dem Aequator. Das wird schon tiefes Afrika sein,
1128 4701 1844 4738 — und ich denke immer noch an Funchal!...\:p\
1151 4729 2023 4781 \p\In Freetown soll beinahe das schlechteste afrikani¬
1113 4754 2023 4813 sche Klima herrschen, immer schwebe eine filzige Schicht
1101 4810 2003 4852 von Dunst und Feuchtigkeit über der Stadt, kein Wind¬
1102 4843 2023 4885 hauch belebe die Küste, die Meeresfläche sei so blei¬
1109 4877 2023 4920 schwer, daß die Schiffe sich nur mühsam ihre Furche
1101 4912 2023 4958 schaffen und mit jedem Atemzug atme man den Geruch
1102 4949 2023 4987 des Todes. Dieser fürchterliche Beigeschmack, den man
1102 4987 2023 5024 nie mehr vergessen könne, rühre von Sümpfen hinter
1102 5017 2023 5064 der Stadt her, worin Tiere und Pflanzen verwesen.
1102 5058 2023 5094 Im letzten Weltkrieg seien in Freetown ganze Be¬
1102 5090 2023 5140 satzungen britischer Schiffe am gelben Fieber gestorben.\:p\
1154 5125 2023 5183 \p\Obwohl wir uns auf dem Schiff wegen ein wenig
1102 5164 2023 5216 feuchter Wärme noch nicht beklagen können, und der
1112 5208 2024 5254 Himmel schon wieder farbiger, und voller Wolkenbewe¬
1102 5244 2023 5285 gung ist, kann ich mir die Nähe von Fieberküsten vor¬
1102 5276 2023 5327 stellen. Sie heißen Guinea, Sierra Leone Liberia,
1102 5307 2023 5366 Elfenbein- und Goldküste, wir können sie nicht sehen,
1102 5345 1970 5386 legen seit Tagen und noch tagelang nirgends an —
1102 5378 2024 5431 aber es ist ein Zufall, — so wie es für viele an Bord
1109 5412 2023 5453 ein Zufall sein wird, wo sie schließlich landen, die näch¬
1102 5442 2024 5497 sten Jahre, und vielleicht den Rest ihres Lebens ver¬
1102 5484 2023 5532 bringen werden. Was machen wir aus unserem Leben,
1102 5520 2023 5570 das kurz, an nichtige Bedingungen gebunden, gefährdet
1182 5558 2023 5600 ist, — und doch ausreichen kann für die Atemspanne
1102 5587 2023 5638 an Willen und Einsicht, die uns zugemessen ist. Ich
1102 5628 2024 5674 denke dann an Funchal mit einem merkwürdig zärt¬
1102 5666 2023 5712 lichen Gefühl, das beinahe wie Heimweh ist. Ich habe
1101 5697 2023 5751 erst heute daran gedacht, daß Exkaiser Karl auf Ma¬
1102 5735 2023 5777 deira gänzlich verarmt im Exil lebte und in einer der
1102 5769 2023 5822 Kirchen von Funchal begraben wurde. Aber diese Insel,
1102 5809 2023 5842 wo wir zwei Tage nach der Ausfahrt von Lissabon un¬
1102 5839 2023 5893 erwartet anlegten, schien mir kein Ort der Verbannung
1101 5876 2023 5914 zu sein, sondern ein wiedergefundenes irdisches Para¬
1102 5910 2023 5959 dies. Zuerst stiegen nackte, zersägte Klippen aus dem
1102 5942 2023 5987 Meer auf, sie waren die ersten Zeichen eines Landstrichs,
1102 5980 2023 6024 der zwischen den Kontinenten liegt aus dem Ozean
1102 6016 2023 6061 geboren wurde, und für mich zum erstenmal Gestalt an¬
1102 6056 2023 6095 nahm. Die Insel schien anfangs dunkel, eher kahl und
1107 6092 2024 6127 gebirgig, die Kämme der blaugrünen Hügel waren von
1102 6126 2023 6175 Nebel verhängt, Wir fuhren langsam der Küste ent¬
2038 4490 2951 4541 lang, die weiten Buchten füllten sich allmählich mit sanft
2044 4531 2951 4571 ansteigenden Halden, Wiesen, Feldern, Gärten, die mit
2038 4565 2951 4611 weißen Häuschen übersät waren. Funchal selbst ist eine
2043 4598 2951 4644 anmutige Stadt mit schönen Fensterreihen, grünen
2038 4632 2952 4679 Läden, schmalen Balkonen, stattlichen Toren, verschwie¬
2038 4674 2946 4710 genen Gärten, deren Reichtum an lauschigen Blüten¬
2045 4709 2951 4755 büschen, Bananen, und einem Ueberschwang an Blumen
2038 4740 2951 4791 aller Sorten, Farben und Düfte jedoch über die hohen,
2038 4784 2952 4825 alten Mauern quillt. Die stillen Gassen sind mit kleinen,
2044 4811 2951 4860 dunklen Steinen gepflastert, die seit Jahrhunderten von
2038 4853 2951 4893 den Ochsenschlitten poliert wurden und jetzt glatt sind
2038 4884 2951 4936 wie Metall. Da die Stadt zwischen zwei steilen Hügeln
2038 4923 2951 4965 emporklimmt, findet man Terrassen mit kleinen Häu-
2038 4955 2951 5002 sern zwischen Reben, Artischocken und Obstbäumen, be¬
2038 4994 2951 5039 sonnte Mauern voller Heckenrosen, Fuchsien neben
2038 5030 2952 5078 Kürbissen und Zuckerrohr. Die Blumen blühen das
2037 5067 2951 5116 ganze Jahr hindurch, die Luft ist weich, aber zwischen
2038 5104 2939 5147 Meer und Bergen immer ein wenig bewegt, voller Fit¬
2038 5137 2944 5185 tiche von Vögeln und Segeln, und wiegt sich im Klang
2038 5168 2950 5218 heller Klosterglocken, Mädchenstimmen, fröhlicher Rufe.
2038 5211 2951 5254 Man wird in Funchal nicht müde, steht lange vor rosa
2038 5243 2951 5292 Mauern und schmiedeisernen Toren, die ein Stück Da¬
2038 5274 2951 5329 seinsstille schützen, — lauscht in einer abendlichen Gasse
2038 5319 2932 5361 auf den zarten Gesang von Klosterschülerinnen in offe¬
2038 5346 2951 5396 nen Fenstern, — bleibt in der Kühle der Solars jahr¬
2038 5382 2951 5430 hundertalter Häuser mit geschwärzten Tonnendecken
2037 5423 2951 5472 aus Holz, — die Dauer der hellen, sammetweichen Nacht
2038 5462 2952 5500 reicht nicht aus, um in einem Garten hoch über der
2037 5491 2951 5542 Stadt Madeira zu trinken, und die Augen bleiben im¬
2038 5527 2951 5565 mer berauscht vom Widerschein der violetten Jacaranda¬
2037 5561 2951 5614 Bäume. Dann erinnere ich mich an ein Bild auf dem
2038 5597 2951 5644 Meer in tiefer Dunkelheit: ein paar Barken glitten vor
2038 5636 2951 5682 unserer hohen Bordwand auf und ab, die an der
2038 5670 2952 5721 Ruderbank befestigten Fackeln beleuchteten Blumen¬
2038 5706 2951 5756 sträuße und den nackten Oberkörper dreizehn- bis fünf¬
2038 5746 2951 5793 zehnjähriger Knaben, die von dem älteren Freund, der
2037 5779 2951 5830 die Ruder führte, den Passagieren angeboten wurden,
2038 5813 2936 5858 damit sie nach einem in das schwarze Wasser geworfe¬
2037 5848 2951 5887 nen Escudo tauchen sollten. Die Buben, die mit gesenk¬
2037 5885 2951 5942 tem Kopf teilnahmslos warteten, den Blick auf das
2038 5918 2952 5971 Meer geheftet, glichen mit ihrer braunen, glatten Haut,
2038 5955 2951 6001 den kräftigen Schultern, den gespannten Muskeln ihrer
2038 5992 2951 6035 schönen Glieder,athletischen Epheben. Als sie im
2038 6028 2939 6071 Fackelschein in den Hafen zurückkehrten, war Funchal
2038 6065 2951 6109 ausgelöscht, und man erkannte seine wirkliche Gestalt
2038 6098 2950 6151 nur an den verteilten Lichtern wieder, welche die Bucht
2038 6134 2951 6186 zwischen den Hügeln füllten, und sich seitlich weithin
2965 4503 3886 4551 verstreuten. In wunderbaren Kurven sah man die
2965 4540 3894 4588 Straßen hügelan steigen, sanfter an den Rändern der
2965 4578 3889 4620 Stadt, steiler in der Mitte, — aber alle emporsteigend
2964 4620 3888 4661 bis in die Leere am Rand des Nachthimmels, wo sie
2965 4643 3818 4695 plötzlich abbrachen, wie Pfeile ins Leere stürzend.\:p\
3006 4685 3886 4729 \p\Am liebsten war mir in Funchal der Besuch bei der
2965 4720 3886 4763 weißgekleideten Oberin des Klosters Santa Clara. Sie
2965 4753 3889 4805 war von einer klugen, lebhaften Schwester begleitet,
2964 4790 3894 4838 und zögerte keinen Augenblick, einen etwas verwilder¬
2965 4826 3889 4867 ten Fremden in langen Hosen und mit ungekämmtem
2965 4863 3886 4907 Haar zu empfangen und in die alte Kirche des Goncal¬
2964 4896 3889 4937 ves Zarco zu führen, dann in den Frieden eines von
2964 4923 3894 4982 Mauern, Blumen, und einem ehrwürdig anmutigen
2964 4958 3886 5015 Glockenturm umringten Gartens. Dort war es, wo ich
2965 5005 3886 5045 mich besann, ob man darauf verzichten könne, in unsere
2964 5032 3884 5082 Kontinente zurückzukehren, um hier besser leben zu
2965 5068 3086 5127 lernen.\:p\
3382 5117 3463 5149 \p\*\:p\
3490 5116 3854 5201 \p\Sonntag, 25. Mai.\:p\
3023 5159 3884 5230 \p\Es gibt in diesen Breiten kein Feiertagsgeläut. Das
2965 5222 3886 5265 Beten verlernt sich, weil man sprachlos ist vor der
2965 5261 3886 5302 Pracht des Himmels und der Meere. Am Abend steht
2965 5295 3886 5338 man statt springender Fische am Horizont Garben von
2973 5329 3893 5373 Feuern, die über das Wasser gleiten, die Dunkelheit
2965 5362 3884 5407 beglänzen, und versinken, erlöschen. Die Sterne sind
2965 5398 3889 5445 dagegen bleich, und ich habe die Milchstraße schwanken
2965 5436 3884 5476 sehen wie eine Hängebrücke. Die Nacht ist tief und kün¬
2965 5471 3886 5515 digt sich nicht an, noch eine Stunde zuvor labten sich
2965 5498 3884 5552 von stumpfer Weiße übermüdete Augen, und aus
2965 5539 3881 5587 bleierner Tagesschwere hob sich beruhigt und voller
2965 5576 3882 5627 Triumph das unauslöschliche Begehren, weil die Rän¬
2965 5614 3882 5660 der des Wassers sich rundeten, zum Weltall, eine bau¬
2964 5653 3884 5694 chige Wolkenwand hingegen sich senkte wie sonst nur
2965 5683 3882 5726 über Wiesen, wo die Halme der Erde sich ihr entgegen¬
2964 5724 3884 5765 strecken. Diese weißen, geballten, atemträchtigen und fast
2965 5753 3884 5802 lieblich vertrauten Wolkenbetten sanken so tief hinab,
2965 5786 3881 5828 bis nur ein Strich schwarzer Leere sie vom Meeres¬
2974 5824 3884 5879 rand trennte, da schienen Gewitter zu drohen. Dafür
2965 5863 3886 5908 bleibt die Ozeangrenze verklärt von mattem Grün, ist
2965 5899 3884 5941 unantastbar, und verwandelt sich magisch in allen glei¬
2965 5930 3884 5981 tenden Regenbogenfarben, aber vergeßt euch nicht,
2965 5966 3884 6029 träumt nicht in sanft sich stillenden Rausch dieser Augen¬
2965 5996 3075 6047 weide!\:p\
3023 6031 3886 6079 \p\Am Rand ist das Meer, getrennt von der Verzaube¬
2965 6070 3884 6120 rung wie durch eine schollige Ackerfurche, nicht einmal
2965 6109 3884 6153 gekräuselt, durch nichts belebt, aber drohend, schwer wie
2965 6145 3886 6205 Ton, tot wie der safrangelbe Mond, und erstickt vom
220 6127 768 6157 *) Vgl. Nrn. 516, 518 und 530.
319 4470 1237 4534 Zugriff des lähmenden Gewitters, das sich nicht ent¬
316 4509 505 4554 laden wird.\:p\
364 4534 1237 4606 \p\Wollt nicht den Tod. Umfaßt mit den Händen die
310 4583 1237 4632 bebende Meertaube, die sich verirrt hat im Sturm, aber
319 4623 1209 4664 seid vorsichtig, ihr Herzschlag ist zart und verstört, miß¬
310 4657 1238 4705 braucht sie nicht, die zärtliche Weiche ihres salzgetränk¬
316 4696 1237 4737 ten Gefieders und dieses rührende, nach Atem suchende
316 4727 1237 4771 und stumme Oeffnen des winzigen Schnabels, laßt sie
316 4761 1237 4804 frei, setzt sie aus, den am Aequator gnädigen Regen¬
319 4793 1237 4847 schauern und kühlenden Winden. Fürchtet nicht immer
316 4835 1237 4871 die Fieberstille, und die Glätte des Mondlichts auf dem,
316 4869 1237 4911 Wasser, sie ist die gleiche wie dort, wo Uferklippen, die
321 4905 1237 4955 Vertrautheit eines Pfades zwischen Kakteen euch
310 4941 1237 4980 tröstete. Trauert nicht. Ruft. Bleibt unversehrt, harrt
317 4984 399 5014 aus.\:p\
