4202 7296
177 4562 721 4651 Die Entführung
177 4631 715 4724 Von \g\Annemarie Clark\:g\
254 4696 1379 4767 \p\Fauas wuchs in den Zelten seines Grossvaters auf, der ein
185 4754 1369 4802 mächtiger Beduinenscheich war und mit seinem Stamm von
189 4792 1369 4840 Damaskus am Rand der Syrischen Wüste bis hinunter nach
186 4840 1369 4881 Nedsch in Arabien zog. Zweimal im Lauf eines Jahres wurde
183 4867 1378 4928 dieser weite Weg zurückgelegt, mit derselben Regelmässigkeit
192 4911 1372 4955 wie die Wanderungen der Zugvögel. Man fand den Weg nach
183 4949 1376 4997 Arabien ohne Landkarte und Kompass und vereinigte sich dort
186 4991 1373 5050 mit den Stammesbrüdern der Anezi, von denen man sich einst.
197 5022 1225 5082 wegen Uebervölkerung und Hungersnot, getrennt hatte.\:p\
242 5038 1370 5118 \p\Arabien war die Heimat und der karge Nährboden aller Be-
186 5105 1369 5156 duinen. Wie die Anezi, denen Fauas angehörte, waren vorher
186 5138 1369 5198 die Araber unter den Fahnen Mohammeds aufgebrochen, lange
194 5183 1375 5238 vor ihnen die Aramäer, und viele andere Völker, deren Namen
186 5233 625 5286 man nicht mehr kennt.\:p\
260 5262 1366 5313 \p\Die Anezi-Beduinen erzählen, dass sie vor mehreren hun¬
189 5303 1375 5354 dert Jahren ihre Heimat Arabien verlassen und halb Syrien
183 5336 1363 5389 erobert hätten. In Wirklichkeit waren sie immer Nomaden ge¬
183 5381 1369 5424 blieben, die auf dem herrenlosen Boden des türkischen Reichs
183 5419 1376 5465 ihre Zelte aufschlugen und als freie Leute ohne feste Habe nach
183 5459 1373 5507 ihren eigenen Gesetzen lebten. Sie verachteten jede Arbeit und
185 5502 1375 5548 Sesshaftigkeit, sie verstanden sich weder auf den Ackerbau
192 5537 1375 5584 noch auf die Viehzucht. Sie jagten und überfielen andere
186 5577 1372 5623 Stämme, wenn die Jagdgründe und die Weideplätze für Kamele
189 5616 1369 5663 und Pferde knapp wurden. Der Krieg war ihr eigentliches Ele¬
192 5658 1372 5699 ment. Man wusste, dass jeder Raubzug (man erbeutete Gewehre,
189 5690 1378 5741 Kamele, manchmal Frauen) notwendig einen Rachezug des
192 5734 1375 5778 überfallenen Stammes hervorrief, und dass dann der Krieg wie
197 5770 1369 5838 eine wandernde Flamme die Wüste ergriff. Das erst war wirk¬
191 5806 448 5870 liches Leben!\:p\
260 5835 1378 5894 \p\Fauas wuchs auf während des Weltkriegs. Sein Vater war
192 5884 1378 5932 noch jung, aber er war der Liebling des greisen Scheichs und
192 5924 1375 5976 führte mit zehn Brüdern den Stamm, während der Scheich in
200 5970 1375 6036 seinem Palast in Damaskus sass und mit den europäischen Ge¬
195 6009 575 6065 nerälen verhandelte.\:p\
248 6029 1378 6094 \p\Damals tauchte der englische Colonel Lawrence in Arabien
197 6077 1375 6126 auf, er erfand den arabischen Nationalismus und bekämpfte
192 6120 1385 6174 damit die alte religiöse und völkerverbindende Macht, die man
194 6156 1379 6210 Panislamismus nannte und die einzig noch das morsche Sultans¬
192 6204 1378 6254 reich zusammenhielt. Er weckte den Stolz der Beduinen, machte
1429 4547 2632 4613 sie, die bisher nur Stammesfehde und Blutrache gekannt hatten,
1429 4598 2618 4668 zu begeisterten Kämpfern für ihre Heimat Arabien, und ge¬
1435 4637 2114 4677 wann sie so für die Ziele Englands.\:p\
1508 4666 2633 4721 \p\Der alte Scheich, der sich siebzig Jahre lang in der listigen
1429 4710 2632 4758 Kunst der Beduinenpolitik geübt hatte, liess sich nicht verführen.
1429 4749 2630 4801 Er befahl seinem Sohn, dem Sultan treu und den Kämpfen fern
1429 4792 2163 4857 zu bleiben. Aber sein Sohn war jung.\:p\
1508 4817 2629 4881 \p\Eines Tages widersetzte er sich dem Befehl eines deutschen
1429 4864 2623 4916 Offiziers, ihm und seinen türkischen Soldaten als Kundschafter
1429 4905 2620 4966 und Führer durch wüste Gebiete zu dienen. Statt dessen benach¬
1429 4943 2623 4999 richtigte er einen jungen Scheich, der zur Partei der aufrühre¬
1429 4981 2626 5041 rischen Nationalisten gehörte, und fiel gemeinsam mit ihm
1429 5022 2626 5094 den Türken in den Rücken. Der Ruhm seines Sieges lief vor
1429 5064 1602 5121 ihm her.\:p\
1511 5090 2632 5146 \p\Der alte Scheich liess seinen Sohn nach Damaskus kommen.
1435 5138 2629 5185 Dort wurde er in einem Zimmer des Palastes gefangen gehalten,
1438 5188 2627 5229 bis das Familiengericht über ihn den Spruch gefällt hatte.
1429 5209 2626 5271 Eines Tages wurde er dann in die Wüste hinaus geführt, man
1429 5257 2626 5316 grub ihn bis zum Hals in den Sand ein und bestrich sein Ge¬
1438 5294 2627 5342 sicht mit Honig. Er starb langsam vor Durst, während die
1435 5341 2225 5383 Insekten seine jungen Wangen zerfrassen.\:p\
1514 5368 2626 5421 \p\Sein Sohn Fauas blieb in den Zelten, unter der Obhut der
1435 5410 2629 5475 Brüder und Halbbrüder des ermordeten Vaters. Er lernte die
1438 5443 2629 5506 einzigen Tugenden eines Beduinen, Klugheit und Tapferkeit:
1441 5490 2627 5539 eine Klugheit, die nach unseren Begriffen nur List und Schlau¬
1432 5531 2629 5583 heit ist, und eine Tapferkeit, die nur durch die Verachtung des
1438 5568 2633 5625 Todes und den Glauben an die Vorsehung erworben wird. Als
1438 5605 2629 5654 er siebzehn Jahre alt war, berief ihn sein Grossvater nach
1441 5655 1637 5705 Damaskus.\:p\
1514 5679 2629 5735 \p\Der Krieg war zu Ende, die Drusen im Libanon waren be¬
1438 5726 2626 5773 siegt, französische Truppen beherrschten Syrien. Der alte
1429 5763 2630 5817 Scheich hatte rechtzeitig seine Politik geändert und Frieden mit
1438 5806 2629 5855 der Mandatmacht geschlossen. Er versprach, die neuen Gren¬
1435 5843 2629 5905 zen zu achten, die das türkische Reich zerschnitten und die Wan¬
1435 5890 2288 5932 derungen der Beduinen unmöglich machten.\:p\
1508 5914 2629 5976 \p\Damals wandten sich viele Stämme der halb sesshaften
1429 5946 2632 6011 Lebensweise der Viehzüchter zu, aber sie verstanden sich nicht
1435 6003 2629 6050 darauf, ihre Schafherden gingen zu Grunde, die Kamele wur-
1438 6038 2618 6088 den räudig, und die Beduinen hungerten und wurden zu Wege¬
1432 6082 2452 6138 lagerern, die das neue Gesetz unnachgiebig bestrafte.\:p\
1508 6118 2629 6168 \p\Der Krieg, die Stammesfehde, die Blutrache wurden ver¬
1432 6154 2638 6207 boten. Aber nach wie vor verachteten die männlichen Anezi
1429 6198 2482 6269 jedes andere Handwerk. Wovon sollten sie also leben?\:p\
2762 4515 3889 4593 \p\Der greise Scheich verhandelte so lange und mit solcher
2683 4571 3892 4637 Schlauheit und Zähigkeit, bis er von der Mandatmacht eine
2686 4618 3892 4678 monatliche Abfindung, eine Art von Tribut erhielt, — worauf
2689 4666 3893 4719 er versprach, nicht nur die Grenzen, sondern auch den Frieden
2686 4699 3889 4755 zu achten. Er besass viele Gewehre und alte türkische Gold¬
2683 4736 3889 4793 münzen, deren Wert beständig zunahm. Er wurde reich, schenkte
2686 4778 3892 4832 seinem Enkel Fauas einen grossen Buickwagen mit einem
2683 4826 3893 4870 Chauffeur, der arabisch, türkisch, deutsch und französisch sprach.
2683 4855 3899 4908 Fauas selbst hatte nur englisch gelernt. Jetzt lernte er das
2689 4907 3887 4955 städtische Leben kennen. Er blieb den ganzen Winter in Da¬
2683 4932 3889 4987 maskus, — im Frühjahr ging er zu den Zelten seines Stammes
2683 4975 3889 5020 zurück und führte die Beduinen im Namen des Greises auf ihre
2683 5014 3887 5062 beschränkten Weideplätze. Er wurde ein grosser Jäger und
2683 5053 3889 5118 lernte fliehende Gazellen vom fahrenden Auto aus zu schiessen.\:p\
2768 5099 3890 5141 \p\Während des zweiten Winters verliebte er sich in Damaskus
2689 5133 3890 5182 in ein englisches Mädchen. Jeden Abend ging er mit seinem
2692 5171 3886 5227 Chauffeur in die enge Gasse, wo eine Bar sich an die andere
2683 5211 3892 5262 reihte und die kreischenden Klänge der Grammophons sich an
2689 5251 3892 5304 den Wänden brachen. In einem dieser Lokale tanzte Alix mit
2683 5288 3886 5332 anderen Mädchen ein paar Nummern, und sass dann müde und
2692 5333 3426 5388 gelangweilt an den Tischen der Gäste.\:p\
2768 5360 3883 5418 \p\Die Kapelle spielte auf einem roten Podium, vor einem rie¬
2692 5409 3893 5472 sigen Pfauenrad, welches sich vor den Augen der Betrunkenen
2686 5450 3494 5509 schneller und schneller zu drehen begann.\:p\
2762 5471 3889 5530 \p\Fauas trank nicht. Er sass inmitten der grellen Lichter, der
2701 5525 3889 5575 glühenden Farben, der schrillen Klänge, und wartete auf das
2689 5563 3892 5613 Erscheinen der Mädchen, die im staubdurchzitterten Kegel eines
2683 5608 3158 5660 Scheinwerfers auftraten.\:p\
2771 5622 3889 5689 \p\Alix weigerte sich anfangs, an seinem Tisch zu sitzen. Sie
2689 5676 3890 5728 liess sich erst dazu bewegen, als der Wirt ihr sagte, dass der
2689 5717 3890 5770 Beduinenknabe ein Emir und der Enkel eines mächtigen Stam¬
2689 5761 3890 5808 mesfürsten sei. Fauas sprach wenig mit ihr, sein Englisch war
2688 5799 3890 5850 unbeholfen, ihre Nähe machte ihn unsicher. Alix langweilte sich,
2689 5837 3898 5885 aber sie wagte nicht mehr, sich an einen anderen Tisch zu
2689 5879 3898 5924 setzen. Einmal brachte sie ihre Freundinnen mit, aber Fauas
2692 5921 3061 5982 beachtete sie nicht.\:p\
2768 5949 3898 6006 \p\Seither war Alix stolz darauf, die Gunst des Beduinen zu
2689 5996 3890 6038 besitzen. Sie wunderte sich, dass Fauas nichts anderes von ihr
2689 6036 3890 6080 verlangte, als jede Nacht eine Stunde in ihrer Gegenwart zu¬
2689 6074 3890 6123 bringen zu dürfen. Er erzählte ihr vom Leben draussen in der
2695 6109 3898 6165 Wüste, und versprach ihr, sie im Frühling mit auf die Jagd zu
2692 6150 3889 6197 nehmen. «Ich werde dir ein Pferd schenken», sagte er, «du wirst
2692 6192 3898 6253 dein eigenes Zelt mit schönen Teppichen haben, und du wirst\fml\\:p\
233 4374 1422 4417 \p\\fml\schwarze Diener und einen Jagdfalken haben. Wirst du mit¬
230 4410 1422 4456 kommen?» Sie nickte, obwohl sie wusste, dass sie im Frühjahr
239 4453 1427 4507 weit weg von Damaskus sein würde, in einer anderen Stadt,
230 4480 825 4533 in einer anderen bunten Gasse.\:p\
307 4526 1419 4574 \p\Das Abenteuer reizte sie. Fauas stumme Verehrung zog sie
233 4572 1422 4614 geheimnisvoll an. Sie vergass mehr und mehr, welches Leben
227 4613 1422 4653 sie führte. Syrien, bisher nur ein Land wie alle anderen auf
233 4646 1422 4699 dem trüben Weg ihres Abstiegs, wurde der Schauplatz, wo ihre
233 4684 1421 4730 Träume um Fauas sich abrollten, seine Namen gewannen neue
230 4721 1422 4771 Bedeutungen, sie sah Wüste, die wie das Meer an die Mauern
230 4765 1422 4811 der Stadt brandete, worin man sie gefangen hielt, und sie sah
236 4807 1425 4848 eine Zukunft, wo es Frühjahr und Herbst, Dürre und Fruchtbar¬
233 4839 1422 4893 keit gab, und der Ruf der Jahreszeiten, der die Zugvögel und
230 4876 1406 4929 die Nomaden zum Aufbruch trieb, erreichte nun auch ihr Ohr.
307 4918 1427 4970 Ohne dass sie es merkte, hatte sich ihr Herz schon aus sei¬
233 4950 891 5010 nem furchtbaren Gefängnis befreit.\:p\
307 4995 1422 5049 \p\Eines Abends teilte sie Fauas mit, dass die Truppe Damas¬
227 5036 1416 5085 kus verlassen würde. «Wir gehen in eine Stadt an der Küste»
227 5082 1422 5122 sagte sie. Fauas antwortete: «Am Meer gibt es viele Städte und
236 5117 599 5156 viele Tänzerinnen».\:p\
310 5153 1431 5203 \p\«Bedauerst du es nicht», sagte Alix, «dass du mich nicht
230 5186 605 5245 mehr sehen wirst?\:p\
306 5228 1422 5281 \p\Er sah sie an. «Wie heisst die Stadt?», fragte er. Sie schüt¬
233 5258 1421 5326 telte den Kopf. «Du weisst es nicht», fuhr er fort, "und du willst
233 5308 1422 5365 dich wegbringen lassen, wie eine Sklavin, und willst vor an¬
230 5347 1157 5395 deren Männern tanzen, als schlafe deine Seele?"\:p\
306 5391 1427 5444 \p\«Meine Seele bleibt bei dir», sagte sie, lächelnd, — aber
233 5426 1421 5475 sie sah seinen Blick und hörte auf zu lächeln. «So ist es», sagte
236 5465 1424 5517 er, «ich habe dein Herz aus dem Schlaf geweckt und werde
224 5502 679 5556 dich bei mir behalten».\:p\
307 5546 1419 5593 \p\Sie dachte an keinen Widerspruch. Die Furcht glitt von ihr
233 5572 587 5630 ab wie ein Kleid.\:p\
310 5615 1415 5677 \p\Am nächsten Tag ging der Manager der Truppe zum eng¬
233 5651 1421 5711 lischen Konsul und teilte ihm mit, dass ein europäisches, ein
236 5705 1424 5751 «weisses» Mädchen vertragsbrüchig werden wolle, um einen
230 5737 1419 5794 achtzehnjährigen Beduinen zu heiraten. Als der Konsul den
224 5778 1419 5832 Namen des Fauas erfuhr, sah er Komplikationen voraus. Er
224 5821 1421 5866 ging selbst in das Hotel, wo die Mädchen logierten, und suchte
230 5856 1433 5912 Alix auf. «Sie befinden sich in Gefahr», sagte er, «ich stehe
233 5900 1416 5949 zu Ihrer Verfügung». Sie erklärte ihm, dass sie nicht mehr
233 5943 1424 5996 mit der Truppe auftreten werde, und dass sie sich freiwillig
229 5975 1091 6026 dazu entschlossen habe, bei Fauas zu bleiben.\:p\
307 6014 1422 6061 \p\«Sie kennen die Beduinen nicht», sagte er, «Sie würden sich
227 6058 1422 6106 selbst unglücklich machen. Wir können nicht erlauben, dass ein
233 6094 1416 6137 englisches Mädchen Beziehungen zu Eingeborenen hat. Ausser-
230 6130 1207 6189 dem machen Sie sich des Vertragsbruchs schuldig.»\:p\
1556 4349 2679 4425 \p\Alix dachte an Fauas, und die Erinnerung an ihn war für
1487 4413 2679 4465 sie die Ahnung der Freiheit, ein trunkener und glückseliger
1487 4455 2674 4504 Drang, der keinen Rat und keine Drohung bis an ihr Ohr ge¬
1484 4489 2673 4538 langen liess. «Warum kümmern Sie sich plötzlich um mich?»
1482 4530 2667 4592 fragte sie, «warum haben Sie sich nicht um mich gekümmert
1484 4575 2676 4626 als mich der Manager in diese schmutzige Stadt brachte, obwohl
1484 4610 2676 4658 mein Vertrag auf Europa lautet? Warum geht es Sie nichts an,
1484 4653 2676 4700 wenn man uns von Stadt zu Stadt schleift, von einer schlechten
1478 4691 2676 4750 Stadt in eine noch schlechtere, bis wir willenlos und verloren
1484 4723 1600 4783 sind?»\:p\
1559 4736 2679 4824 \p\«Wenn Ihr Manager Sie, entgegen Ihrem Vertrag, nach
1484 4810 2667 4860 Syrien verschleppt hat, werden wir Sie nach England zurück
1484 4842 2136 4890 bringen lassen», sagte der Konsul.\:p\
1562 4863 2417 4936 \p\«Aber ich will nicht nach England zurück.»\:p\
1559 4917 2449 4974 \p\«Gut», sagte er, «worüber beklagen Sie sich?»\:p\
1565 4941 2679 5022 \p\«Ich will meine Freiheit. Ich will, dass man mich in Ruhe
1484 4997 1600 5054 lässt.»\:p\
1556 5012 2679 5091 \p\«Ich bedaure», sagte er ungeduldig, «aber es ist meine
1487 5075 2671 5129 Pflicht, Sie vor diesem Fauas zu schützen. Es ist meine Pflicht
1481 5114 2676 5167 unsere Landsleute in dieser Stadt vor Gefahren zu schützen».
1481 5161 2673 5207 Sie liess sich nicht überreden. Der Konsul nahm ihr ihren Pass
1478 5198 2670 5251 ab. Kurze Zeit darauf erschienen zwei Gendarmen, welche Alix
1478 5240 2605 5296 in einer Droschke bis zum Eingang des Konsulats brachten.\:p\
1562 5255 2667 5320 \p\Als aber der Manager abends kam, um sie für die Vor¬
1484 5314 2679 5371 stellung abzuholen, war Alix aus ihrem Zimmer verschwunden.\:p\
2069 5352 2117 5384 [vertical space]*
1555 5359 2670 5442 \p\Der Buickwagen stand an einer Kurve der Libanonstrasse.
1478 5421 2673 5483 Zehn Beduinen umringten ihn und begrüssten Fauas, einer von
1484 5466 2673 5528 ihnen sprach. «Man sucht dich», sagte er, «dreimal wurden wir
1484 5510 2673 5558 von Gendarmen angehalten!» «Was habt ihr ihnen gesagt?»,
1476 5552 2668 5611 fragte Fauas. «Wir sagten, dass wir nach Beyrouth reiten woll¬
1478 5585 1958 5641 ten, zum grossen Markt.»\:p\
1565 5600 2670 5675 \p\«Hier werden sie mich nicht suchen», sagte Fauas, "sie wer¬
1478 5663 2659 5717 den glauben, dass ich gegen die Wüste zu unseren Zelten ge¬
1484 5701 2679 5767 ritten sei». Sie traten schweigend zurück, um Alix Platz zu
1478 5742 2154 5788 machen, die aus dem Wagen stieg.\:p\
1547 5773 2670 5830 \p\"Es wäre besser, du würdest weiterfahren», sagte der gleiche
1478 5818 2661 5888 Mann, der vorher gesprochen hatte, «wir werden jeden auf
1476 5859 1975 5918 halten, der dich verfolgt».\:p\
1550 5898 2668 5970 \p\Fauas sah Alix nach, die an den Rand des Abhangs getreten
1482 5942 2673 6002 war[corr: .] «Gleich,» sagte er. Sie wandte sich nach ihm um, und er
1475 5975 2667 6035 kam und fasste ihre Hand. «Du fürchtest Dich doch nicht?»
1472 6015 2676 6071 fragte er. Ihre Augen leuchteten. Dort lag die Stadt, — aber
1472 6059 2670 6113 hatte sie jemals in Städten gelebt, ohne Morgen und Abend zu
1481 6100 2670 6154 kennen und den Atem des Nachtwindes zu spüren? Hatte sie es
1478 6145 2634 6207 jemals ertragen, gefangen zu sein zwischen den kahlen Wänd
2736 4366 3930 4441 ihres Hotelzimmers und den grellen einer Bar und den hohen
2732 4416 3930 4474 erstickenden einer bunten Gasse? — Sie hatte es vergessen.
2735 4458 3933 4517 Sie war wieder ein junges, englisches Mädchen, sie war mutig,
2732 4500 3939 4553 obschon sie vor glücklicher Erregung zitterte, und sie war von
2738 4541 3930 4589 Liebe erfüllt. «Ich liebe dich», sagte sie, lächelnd, weil sie seine
2741 4578 3939 4629 Hände auf ihren Schultern spürte. «Und ich werde dich mein
2738 4622 3930 4664 ganzes Leben lang lieben», sagte er. Der Ausdruck von schwer-
2732 4664 3930 4711 mütiger Würde verschwand von seinem Gesicht, er erschrak
2732 4696 3582 4754 knabenhaft, als sie sich ihm entgegenneigte.\:p\ [space]
2798 4748 3936 4808 \p\Sie konnten die zwei Polizeiautomobile, die von oben kamen,
2741 4778 3928 4842 erst im letzten Augenblick sehen. Sie lauschten auf das Ge¬
2730 4836 3928 4885 räusch der Motore, fast gleichzeitig glitten die Lichtkegel um die
2738 4870 3930 4918 Kurve. Die Beduinen bildeten eine Kette, um die Strasse ab¬
2741 4912 3928 4959 zusperren, fuchtelten mit den langen Gewehren, und stiessen
2735 4947 3930 5007 ihre heiseren Schreie aus. Eine Kommandostimme übertönte sie:
2735 4992 3930 5036 «Ist Fauas unter euch?» «Nein» schrien sie, «lasst uns vorbei».
2735 5028 3933 5075 «Wir kennen seinen Wagen», rief die gleiche Stimme, «ergebt
2730 5061 3930 5123 euch, Fauas ist unser Gefangener». Der junge Fauas trat vor.
2735 5105 3930 5158 In die plötzliche Stille sagte er: «Ich bin nicht euer Gefangener.
2735 5147 3930 5194 Geht freiwillig aus meinem Weg, oder wir schiessen». Ein
2732 5176 3930 5236 Blendkegel traf ihn. Mitten im weissen Licht des Blendkegels
2735 5227 3930 5275 umringten die Beduinen Fauas und hoben die Flinten. In der
2741 5266 3930 5310 wüsten Schiesserei, die jetzt einsetzte, bemerkten sie die
2733 5293 3930 5356 Scheinwerfer nicht, die die Strasse hinaufglitten. Von beiden
2732 5341 3930 5386 Seiten angeleuchtet, agierten die Beduinen wie auf einer Bühne.
2733 5380 3930 5433 Fauas übersah als Erster, was geschehen war. Er stand einen
2732 5426 3934 5469 Augenblick wie erstarrt, den Blick auf einen Wagen mit einer
2730 5453 3930 5504 Konsulatsflagge gerichtet. Dann liessen auch die Beduinen ihre
2732 5499 3927 5544 Gewehre sinken, sie hatten alle neben dem Chauffeur einen
2733 5538 3928 5591 Onkel des Fauas erkannt, und neben den Gendarmen ihre
2727 5572 3921 5638 Stammesbrüder ... und sie wussten, dass es jetzt keinen Wider¬
2730 5609 3099 5669 stand mehr gab ...\:p\
2804 5656 3933 5730 \p\Der Onkel, ein dickleibiger Beduine, erhob sich. «Fauas!»,
2724 5717 3933 5766 rief er, «dein Grossvater lässt dich durch mich gefangen setzen.
2732 5746 3925 5802 Du hast das Völkerrecht verletzt, als du in das englische Konsu¬
2724 5785 3928 5847 lat eindrangst». Fauas antwortete nicht. Er legte sein Gewehr
2726 5835 3924 5882 vor sich auf die Strasse. Dann trat er in den Schatten, und sah
2726 5859 3922 5913 zu, wie Alix von einem jungen Mann in Kniggerbockers zu dem
2732 5904 3927 5958 Wagen mit der Konsulatsflagge geführt wurde. Er sah sie durch
2730 5945 3934 6002 den Kegel der Scheinwerfer gehen, in deren Licht sie ebenso
2730 5981 3924 6049 blass erschien wie früher, vor langer Zeit, in der bunten Bar
2732 6020 3027 6085 von Damaskus.\:p\
2802 6080 3924 6137 \p\Der Onkel traute sich erst in seine Nähe, als der Wagen
2729 6122 3933 6175 mit Alix und dem jungen Engländer in der Kurve untergetaucht
2732 6154 2908 6208 war ...\:p\
