3881 5669
660 1316 2067 1480 Villeneuve-Montreux-Territet
402 1513 2328 1650 \p\Am obern Ende des Genfersees liegt \g\Ville¬
321 1632 2338 1748 neuve\:g\, kleines Städtchen, sehr alt und ohne Prä¬
321 1738 2345 1887 tention. Seine Anfänge sind die gleichen wie die der
331 1857 2340 1991 großen Stadt Genf am anderen, westlichen Ende:
321 1963 2345 2097 Keltische Schiffer hatten sich hier angesiedelt, dann
321 2082 2320 2221 kamen die Römer. Aber Villeneuve ist klein ge¬
321 2188 2345 2335 blieben, ein Hafen- und Fischernest, mit einer engen
326 2292 2350 2411 Straße und alten Gasthausschildern: Hôtel de la
331 2411 2353 2535 Ville, Hôtel du Port. Fischerbarken mit braunen
339 2522 2338 2659 Segeln liegen auf dem See, oben, an den flach auf¬
326 2631 2355 2770 steigenden Hängen, werden Reben gepflanzt. In
349 2740 2333 2866 Villeneuve wohnt der französische Schriftsteller Ro¬
321 2849 883 2993 main Rolland.\:p\
420 2965 2345 3102 \p\Das Schloß \g\Chillon\:g\ liegt gleich an der ersten
331 3056 2358 3226 Biegung des Sees, und dann beginnen die Hotels
339 3185 2348 3319 von Territet und Montreux. Man hegt gegen diese
331 3292 2340 3418 Orte ein ähnliches Mißtrauen wie gegen die italie¬
326 3410 2338 3542 nische Riviera und Monte Carlo: Frühere Genera¬
321 3517 2338 3633 tionen haben dorthin ihre Hochzeitsreisen unternom¬
321 3638 2338 3755 men, man fürchtet ein wenig die verblichene Pracht.
331 3742 2355 3909 Da sind auch die Casinos und Palmengärten, die\:p\\fml\
1495 545 3559 702 \p\\fml\Läden mit Stickereien, Glasperlen und Ansichts¬
1488 666 3559 813 karten. Aber schon beim Schlosse Chillon beginnt
1493 785 3559 919 man seinen Irrtum einzusehen — das ist ein ge¬
1500 894 3551 1030 waltiger Bau von höchst eigenartiger Wirkung. Ein
1498 999 3551 1139 Wasserschloß aus dem dreizehnten Jahrhundert, von
1500 1110 3543 1265 den savoyischen Herzögen erbaut, um die Straße
1488 1224 3530 1361 von Burgund zum Großen St. Bernhard zu be¬
1488 1351 3541 1472 wachen. Später hat man die Stadt Genf von hier
1488 1449 3543 1583 aus bedroht, bis die Berner 1536 die Waadt er¬
1488 1568 3533 1697 oberten und bei dieser Gelegenheit den Genfer Prior
1495 1673 3546 1803 Bonivard befreiten, der seit sechs Jahren in einem
1488 1785 3538 1929 der feuchten Kerker angeschmiedet lag. Byron hat
1477 1896 3530 2051 ein bekanntes Gedicht über den „Gefangenen von
1482 1996 3546 2169 Chillon" geschrieben. Es gehört nicht zu seinen
1475 2136 1764 2247 besten.\:p\
1560 2229 3430 2368 \p\Ein zweiter Irrtum ist zu revidieren: Montreux –
1477 2355 3520 2492 und besonders Territet — sind nicht nur dem An¬
1477 2456 3538 2611 denken älterer Reisegenerationen vorbehalten, sie
1480 2582 3533 2714 sind durchaus nicht ausgestorben, Tennis, Golf und
1472 2694 3525 2838 Plage sorgen für die Wiederbelebung und Vervoll¬
1475 2812 3530 2936 ständigung alter Reize. Der Eindruck ist, zuerst
1464 2910 3520 3060 einmal, nicht hübsch: Asphaltstraße, auf beiden
1464 3022 3528 3145 Seiten Kaufläden, Hotels. Und immer wieder Hotels.
1482 3148 3528 3262 Weiß, wie das neue Postgebäude und der Bahnhof.
1464 3257 3510 3406 Mit den gewöhnlichen Namen: Grand-Hôtel (Mittel¬
1472 3362 3523 3523 punkt sportlich mondäner Anlässe), Regina, Palace,
1464 3486 3515 3621 Bristol, Excelsior. Territet geht ohne Grenze in
1459 3585 3533 3721 Montreux über. Immer dieselbe weißflankierte
1454 3701 3520 3843 Straße. Eine Stadt von Hotels. St. Moritz ist länd¬\:p\\fml\
1535 3684 1944 3721 \fp\Zeichnung des Schlosses Chillon mit Hochzeitpaar und Märchenfrosch von Tomamichl (keine Bildunterschrift)\:fp\
1455 567 3508 724 \p\\fml\lich dagegen, man sieht dort wenigstens überall die
1478 695 3490 834 Wiesen und die Berge. Hier ist die Aussicht auf
1458 808 3498 926 den See zwar höchst malerisch; aber sie gleicht
1458 916 3495 1029 einem Panorama, das man als Hintergrund für die
1455 1024 3490 1165 Hotels so aufgestellt hat. Erst wenn man im Garten
1458 1145 3498 1270 eines solchen Hotels angelangt ist, oder auf dem
1447 1247 3498 1368 Balkon seines Zimmers, kommt man zu ungestörtem
1445 1363 3382 1499 Genuß. Am schönsten sind die Herbsttage, die –
1452 1470 3490 1614 wie es an der Riviera vorkommt — noch einmal alle
1465 1589 3482 1730 Qualitäten des Sommers in sich vereinen: Tempera¬
1437 1704 3477 1840 tur und Konzentriertheit der Farben, das franzö¬
1442 1814 3472 1968 sische Ufer drüben in leichten Dunst gehüllt, pastell¬
1437 1927 3482 2045 farbener See mit den Fischerbarken und dem weißen
1437 2035 2797 2163 Raddampfer aus dem Bilderbuch.\:p\
1532 2140 3482 2276 \p\Daß es in ganz Montreux keine Badegelegenheit
1442 2256 3480 2405 geben soll, muß doch noch jener Generation der
1437 2371 3480 2497 Hochzeitsreisenden zugeschoben werden — man
1442 2474 3480 2610 fährt mit der Straßenbahn an Chillon vorbei nach
1437 2592 3477 2710 Montreux-Plage fast eine halbe Stunde. Dort ist es
1424 2695 3467 2841 allerdings angenehm und luxuriös mit Rasen, Was¬
1424 2815 3475 2946 serrutschbahn und Terrasse, wo man Tee trinken
1429 2923 2715 3069 und allenfalls auch tanzen kann.\:p\
1519 3044 3472 3177 \p\Der Golfplatz befindet sich in \g\Aigle\:g\, wohin es
1419 3144 3477 3277 regelmäßige Autoverbindungen gibt. Vor allem wird
1429 3259 3472 3390 aber in Montreux und Territet viel Tennis gespielt.
1422 3364 3475 3505 Im September, wenn die großen Turniere beendet
1424 3490 3459 3631 sind, kommen die Spieler hierher zur Nachsaison.\:p\
1537 3600 3459 3724 \p\Wenn man nach Les Avants hinauffährt, durch¬
1429 3708 3482 3865 quert man die \g\Narzissenfelder\:g\, die zum großen\:p\\fml\
378 549 2410 694 \p\\fml\Teil an der Popularität von Montreux schuld sind.
368 674 2415 804 Zur Zeit des Narzissenfestes — Ende Mai oder An¬
378 781 2410 919 fang Juni — werden Sonderzüge aus der ganzen
378 896 2430 1036 Schweiz hingeführt. Es geht bei diesem Fest ganz
378 1006 2404 1123 ähnlich zu wie bei den Blumenkorsos und Karneval¬
378 1133 2410 1266 umzügen in Nizza. Aber die Narzissenfelder selbst
385 1241 1514 1389 gibt es an der Riviera nicht.\:p\
