4294 7183
464 4486 931 4559 Der Friedensmonat
462 4549 940 4601 von \g\Annemarie Clark\:g\
297 4583 1168 4640 \p\An der Grenze, in einem Wüstenstrich unterm
253 4626 1169 4670 Mondlicht — man sah niegends ein Zollgebäude,
243 4669 1168 4709 weit und breit keine Demarkationslinie, keine
247 4694 1169 4741 Befestigungen, weder Geschütze noch Drahtverhau, kei¬
243 4729 1168 4778 nen Beamten, Gendarmen, nicht den Schimmer und
247 4773 1146 4813 Fetzen einer Uniform — oder sind die weißen, weiten
247 4803 1169 4842 Hosen, die langen, weißen. flatternden Hemden, die
243 4833 1147 4881 großen, ebenfalls weißen, und höchst willkürlich, kunst¬
237 4871 1105 4910 oder leichtfertig ums Haupt gewundenen Turbane –,
247 4902 1169 4947 sind diese Kleidungsstücke und die altertümlichen Ge¬
247 4941 1169 4984 wehre schweren Kalibers, die ziselierten Dolche, die
253 4978 1169 5023 silberbeschlagenen Gürtel und Gehänge als Uniformen
249 5012 1168 5059 und Anzeichen staatsdienstlicher Funktion zu werten?
255 5049 1168 5087 — An der Grenze zweier asiatischer Staaten — was
243 5084 1168 5127 weiß man von den Sitten des Landes, das man
247 5111 1157 5155 ahnungslos soeben betreten hat: Afghanistan, Land
249 5155 1168 5201 der Freiheit? Land des Abenteuers? Romantisches
249 5181 1168 5224 Land, Zukunftsland? — Oder einfach ein Gebirgsland,
243 5221 1168 5267 anderthalb mal so groß wie Frankreich, eingebettet
248 5253 1168 5303 zwischen Pamir, Hindukusch, Karakorum, zwischen
249 5291 1168 5331 Oxus-Ufer und Indien — Pufferstaat schlechthin, der
253 5325 1169 5374 seine Freiheit, Unabhängigkeit, Selbständigkeit (wo
243 5357 1150 5398 habe ich diese selben Worte zuletzt gehört?) der Tat¬
253 5393 1169 5433 sache verdankt, die Heimat Gandhis und das Juwel
247 5429 1169 5465 der britischen Krone zu trennen von Russisch-Turkestan,
247 5466 1151 5509 der Sowjetunion? — An der Grenze also, in der
243 5494 1168 5542 geisterhaften, mondlichtbeschienenen Wüste zwischen
249 5533 1141 5577 Iran und Afghanistan, wurden wir begrüßt mit ge¬
253 5562 1169 5614 schwungenen Flinten, kriegerischem Geschrei, breitem,
247 5603 1169 5641 männlichem Gelächter, und hielten den Wagen an, der
253 5629 1169 5680 in der Nachthitze kochte, kämpfend gegen Sanddünen
243 5674 1168 5711 und Kakteen und Distelgesträuch, auf einer Piste, die ein
253 5708 1169 5744 Kamel vielleicht gewittert hätte, während wir uns auf
253 5741 1169 5784 ein paar Telegraphenstangen verlassen mußten, dürftige
247 5776 1169 5812 Exemplare, krumm, schwachbrüstig, letzte und degene¬
253 5808 1169 5852 rierte Sprößlinge eines vorsintflutlichen Waldes, zu¬
253 5845 1169 5886 fällig, in unberechenbaren Abständen über die Einöde
249 5873 1168 5923 verteilt. Konnte man ihnen trauen, diesen Wegweisern
249 5913 1168 5960 ohne Weg? — Und den drei Burschen, welche, in flat¬
249 5948 1168 5991 terndem Weiß und bis zu den starken schimmernden
253 5978 1169 6024 Zähnen bewaffnet aus dem Mondnebel und der
249 6012 1168 6055 Wüstennacht getaucht waren? — „Sie haben keine
247 6044 1169 6091 bösen Absichten“ murmelten wir einander zu, während
253 6087 1169 6134 der Motor mit einer letzten Fehlexplosion erlosch und
255 6118 1168 6176 der Wagen stillstand — soeben noch das graulackierte,
1176 4473 2104 4518 künstliche und mit 75 Pferdestärken versehene Produkt
1182 4512 2104 4549 wunderbarer, von Herrn Ford perfektionierter Maschi¬
1176 4546 2104 4586 nen in einer amerikanischen Stadt, Bild und Bestäti¬
1164 4579 2104 4618 gung zivilisatorischer Fähigkeiten, unweigerlich ver¬
1164 4615 2104 4662 bunden mit der Vorstellung von Massenproduktion und
1164 4649 2104 4698 Massenstreik, Klassenkampf und Millionenvermögen,
1184 4685 2104 4734 Stolz der Technik, Sieg des Menschengeistes — und
1164 4713 2104 4763 jetzt nutzlos auf der Wüstenspur, und röchelnd wie ein
1164 4751 2104 4800 verendendes Tier (denn das Wasser kochte noch ge¬
1182 4789 2104 4830 räuschvoll, der Motor zuckte, obwohl Niemand mehr
1164 4824 2104 4862 etwas von ihm verlangte, oder auch nur Notiz von
1182 4859 1379 4903 ihm nahm).\:p\
1229 4877 2104 4936 \p\Die kriegerisch anmutenden Burschen mit den
1164 4922 2104 4971 friedlichen Absichten hatten inzwischen von uns Besitz
1164 4965 2089 5010 ergriffen. Einer war, geschickt wie eine Wildkatze,
1164 4996 2101 5036 durch das Fenster in den Wagen gesprungen und hatte
1164 5035 2089 5074 seine lange Flinte, ich weiß nicht wie, in unserem
1164 5065 2104 5101 Rücken verstaut. — „Borrow“ schrie er, — das heißt
1164 5103 2104 5146 „Vorwärts“, oder auch „Mach, daß du weiter kommst“,
1237 5137 2045 5180 und der Wagen setzte sich gehorsam in Gang. –
1164 5141 2104 5221 War unser feurig blickender, breit lachender, junger
1164 5206 2089 5248 und gänzlich unbefangener Begleiter am Ende doch
1164 5235 2104 5274 ein Soldat dieses unbekannten Landes? Ein Grenz¬
1164 5270 2074 5314 wächter, Zollbeamter, hoher oder niedriger Funktio¬
1164 5303 2104 5346 när? Eine Leibgarde, ausgeschickt zur unserer Sicher¬
1164 5343 2104 5399 heit? Wußte man bereits in Afghanistan, daß zwei
1164 5379 2104 5433 „Khanum“, zwei Frauen allein, unterwegs waren in
1164 5415 2012 5457 Nacht und Wüste, was wußte man überhaupt?\:p\
1229 5446 2074 5500 \p\Wir hielten so unsern Einzug in Afghanistan, es
1164 5491 2104 5548 war, wenn mein Tagebuch mich nicht täuscht, Ende
1182 5525 2104 5565 Juli, und wir hatten vor uns einen erbarmungslos
1164 5560 2104 5597 heißen August, und jene heißen, endlosen Landstriche
1164 5597 2104 5652 Turkestans, die in die Steppen und Wüsten des hohen
1164 5631 2104 5681 Asiens übergehen. — „Noch vier Wochen Hitze“ sagten
1164 5664 2105 5701 wir uns, „noch einen Monat, dann haben wir Sep¬
1164 5695 2104 5749 tember", und dieser Name klang schon nach Herbst,
1164 5735 2059 5776 süßen Trauben, bunten Blättern, milderer Sonne. –
1164 5768 2104 5820 Aber unsere Berechnungen waren falsch. Zurück¬
1163 5809 2104 5856 blickend kann ich es feststellen: die Trauben waren
1164 5842 2041 5892 schon reif am ersten Augusttag, und im September, –
1164 5870 2104 5917 wo, wie begann er? — wurden die Blätter nicht bunt.
1164 5907 2104 5953 In Afghanistan befolgten die Menschen einen anderen
1164 5943 2104 5999 Kalender, und wir befanden uns in einem der drei
1164 5977 2104 6027 Windmonate, jener Periode von 90 Tagen, die gekenn¬
1164 6017 2086 6062 zeichnet ist durch den großen Nordwind. Er bläst
1164 6054 2097 6093 die ganze Nacht, legt sich gegen Morgen, in den
1164 6082 2104 6126 Stunden der ersten Dämmerung, und erhebt sich gegen
1164 6118 2104 6176 Mittag schon mit neuer Stärke. Er spottet seines
2100 4476 3041 4519 Namens und bringt mit sich die Hitze ferner Wüsten,
2100 4511 3041 4564 aber keine Kühlung. Er griff in der Ebene unseren
2100 4548 3041 4596 Wagen an und verwandelte das staubige Verdeck in
2100 4584 3041 4621 ein Segel. Man mußte das Steuer gegen links
2100 4618 3041 4662 stemmen, um nicht aus der Richtung geworfen zu
2100 4657 3041 4701 werden, und schloß das Fenster, um atmen zu können.
2100 4688 3041 4734 Sanddünen stauten sich am Rand der Piste, und, ein¬
2100 4724 3041 4773 mal festgefahren, mußte man stundenlang arbeiten, um
2100 4760 3041 4806 20 Meter weiter zu gelangen, auf festeren Grund.
2100 4790 3034 4836 Wir tranken laues, fauliges Wasser aus unserem
2100 4830 3012 4869 Leinensack, und mischten ein paar Tropfen dick ge
2106 4866 3018 4906 wordener Kondensmilch hinein. Gesicht, Hände und
2100 4898 3041 4952 Füße waren ausgetrocknet, die Haut sprang, winzige,
2100 4934 2938 4974 im Sand verborgene Dornen setzten sich hinein.\:p\
2154 4957 3041 5011 \p\Aber am gleichen Tag stießen wir auf einen Fluß,
2100 4998 3041 5037 der breit und klar, grün und golden, zwischen sandigen
2100 5023 3041 5076 Ufern dahinfloß und die Frische und Erquickung des
2100 5065 3041 5123 Paradieses versprach. Und wir badeten im Schatten
2100 5102 3041 5151 einer alten Brücke, tauchten, tranken, tauchten wieder,
2106 5143 3041 5199 mischten Kälteschauer mit himmlischem Wohlemp¬
2100 5164 2221 5218 finden.\:p\
2164 5192 3041 5267 \p\Und am gleichen Tag wurden wir wieder durstig,
2100 5249 3041 5298 der Wind blies immer noch, es war kein Ende ab¬
2112 5288 3018 5332 zusehen der Ebene, des Sandsturms, der gleißenden
2100 5315 3041 5369 Sonne, des schattenlosen Tags, der sonst überall auf der
2100 5355 3041 5403 Welt einen tröstlichen Ablauf verfolgt vom frischen
2100 5393 3041 5440 Morgen zum sanften Abend. Wir entschlossen uns,
2116 5427 3041 5477 Halt zu machen, stellten den Wagen quer auf die
2116 5464 3041 5500 Straße, so daß er zugleich Windschutz und einen be¬
2100 5496 3041 5536 scheidenen Schattenfleck bot, und wollten auf dem
2100 5526 3041 5572 Primus ein wenig Tee kochen. Immer wieder wurde
2100 5565 3041 5622 die Flamme erstickt — da kam ein Bauer über das
2100 5592 3016 5644 Feld, gelbe, eierförmige Melonen unterm, Arm, und
2100 5627 3041 5680 ließ sich neben uns nieder. Er grüßte uns feierlich
2100 5674 3022 5714 und freundlich, führte die Hand zur Stirn und zum
2100 5702 3041 5762 Herzen. Er zog ein Messer hervor, zerschnitt eine
2122 5741 3041 5777 Melone, und bot uns die Stücke an. Er beobachtete
2100 5777 3041 5820 die Anstrengungen, den Primus in Gang zu bringen,
2100 5813 3041 5857 verstand plötzlich, kauerte auf seinen Absätzen, den
2110 5846 3041 5888 Rücken gegen den Wind, und breitete sein weißes
2100 5877 3041 5919 Gewand aus, um die kleine Benzinflamme zu schützen.
2100 5913 3041 5960 Er war arm, besaß nichts als sein sandiges Melonen¬
2100 5953 3041 6006 feld, und ließ ein paar Zuckerstücke in seinen Aermeln
2100 5988 3041 6043 verschwinden, die wir ihm als Gegengeschenk anboten.\:p\
2159 6024 3041 6062 \p\Wir lernten, daß ihm und seinesgleichen Geld
2100 6049 3041 6092 wenig bedeutete und die Gastfreundschaft heilig war.
2100 6088 3041 6126 Wir lernten, daß ihm und seinesgleichen der Begriff
2100 6123 3041 6166 „Frankreich“ fremd war, daß er die Fremden nicht
3038 4477 3961 4523 haßte, da er selten oder noch nie ein Auto gesehen
3038 4518 3955 4559 hatte, und daß er so fröhlichen Gemüts war, daß wir
3038 4549 3965 4602 mit ihm und seinesgleichen lachen konnten, obwohl
3038 4579 3955 4632 wir einander nicht verstanden. Wir lernten, daß er
3038 4620 3955 4657 arm war, wie die meisten seiner Brüder. Daß er
3038 4652 3955 4701 dem Hakim, dem Gouverneur, oder dem Dorfältesten
3038 4692 3965 4733 nicht nur Gehorsam schuldete, sondern auch Steuern
3038 4728 3953 4769 oder Fronarbeit, oder ein Lamm. Und daß er trotz¬
3038 4758 3955 4801 dem glücklich war. Wir lernten die Relativität der
3038 4790 3959 4849 Armut kennen, und die Fragwürdigkeit menschlichen
3036 4829 3161 4886 Glücks.\:p\
3098 4845 3848 4902 \p\Bald hörten wir auf, die Tage zu zählen.\:p\
3080 4887 3953 4935 \p\Unsere Straße führte uns von der prächtigen und
3038 4930 3953 4972 vergessenen Stadt Herat über das Gebirge nach
3038 4962 3953 5006 Norden, hinunter in die Niederung Turkestans. Und
3038 5002 3959 5047 dann immer ostwärts, der Lauf des Amu Daria und
3038 5034 3955 5077 die Grenze Rußlands waren nicht weit. Aber der
3038 5068 3955 5115 Fluß und die zehn, zwanzig, fünfzig Meilen Wüste,
3038 5104 3953 5151 die uns von der Sowjetunion trennten, waren eine
3038 5138 3955 5174 vollkommene Isolierung, und zu unserer Rechten er¬
3045 5173 3955 5217 hoben sich blaue Berge, die Ausläufer des großen
3038 5212 3955 5258 Hindukusch, und bildeten die Barriere vor dem an¬
3038 5246 3786 5284 deren Kontinent, dem Wunderland Indien.\:p\
3098 5279 3961 5318 \p\Unsere Stationen hießen Kala-i-Nao, Bala Mur¬
3038 5313 3955 5354 gab, Maimane, Andkhoi. Die Hauptstadt Afghanisch-
3038 5346 3953 5398 Turkestans hieß Mazar-i-Sheriff. Und manchmal
3038 5380 3955 5421 brauchte man einen Tag, um 25 Kilometer zurückzu¬
3038 5418 3955 5460 legen, manchmal war es zu heiß, und wir verbrachten
3038 5454 3955 5496 den Tag in einem Garten. Bunte Teppiche unter den
3038 5489 3955 5527 Bäumen, Teller voller Trauben, saftige Melonen¬
3038 5525 3955 5567 schnitten, zarte Pfirsiche, Nächte auf Dächern aus ge¬
3053 5553 3946 5599 stampftem Lehm. Gastmähler in Gebirgsdörfern:
3038 5593 3953 5644 riesige Reisschüsseln, ein frisch geschlachtetes Schaf,
3038 5631 3734 5692 gepfefferte, in viel Fett gekochte Gemüse.\:p\
3098 5651 3959 5724 \p\Die Tage vergingen. Manchmal fragten wir uns;
3038 5706 3906 5747 „Was ist inzwischen geschehen, dort, in Europa? –
3038 5731 3955 5788 Was ist mit Danzig? — Die Deutschen in Polen, in
3038 5771 3949 5816 Jugoslawien, das rumänische Oel, die Dardanellen, die
3038 5814 3955 5849 Gespräche mit Moskau? —“ Wir stellten uns solche
3038 5845 3955 5887 Fragen, — und schwiegen wieder. Es war, als hätten
3038 5882 3955 5927 wir Worte einer Fremdsprache gebraucht. Die Ma¬
3038 5912 3955 5952 schine unseres Fords kochte, bei den nächsten Nomaden¬
3038 5951 3955 5993 zelten hielten wir an, verlangten Wasser, hochge¬
3038 5983 3955 6041 wachsene Männer brachten es uns in Ziegenschläuchen.
3038 6020 3955 6062 „Habt ihr Tee?“ fragten wir, — nein, aber „Ducht“,
3036 6057 3955 6097 saure, mit Wasser gemischte Milch. Während wir
3038 6085 3955 6132 tranken, und die Männer uns umringten, wagten sich
3038 6118 3959 6177 auch die Frauen wieder hervor, ihre roten Röcke\fml\\:p\
322 4461 1248 4510 \p\tauchten auf, ihre rußschwarzen Obergewänder, ihre
334 4502 1248 4542 Silbermünzen. Und sie zeigten ihre Krankheiten: ein
322 4536 1248 4586 von Brandwunden entstelltes Kind, ein anderes mit
324 4577 1247 4613 entzündeten, vereiterten Augen, eine von Fieber ge¬
322 4607 1248 4654 schüttelte junge Frau, einen hustengeplagten Alten. Wir
324 4646 1247 4686 packten die Apotheke aus, verteilten Pillen und Salben.
324 4679 1247 4724 Es wurde Nacht, im wunderbar klaren Abendlicht
322 4716 1248 4755 traten die Berge hervor, sammetfarben, glatt, rein,
328 4749 1248 4790 und das Mondlicht glitt über Kämme und Abhänge.
330 4787 1224 4826 Wir verharrten im Frieden der Ebene, es war nicht
324 4822 1247 4854 nötig, zu beten, die Welt — diese Welt aus Wüste und
321 4856 1248 4904 baumlosen Bergen, Melonenfeldern, wasserreichen
328 4889 1248 4937 Oasen, kargen Weiden, diese Heimat armer Bauern
321 4920 1248 4968 und unsteter Nomaden war im vergehenden Tag ein
322 4956 847 5013 einziger Teppich der Andacht.\:p\
378 4996 1247 5043 \p\Es war doch, was wir hier sahen und zu begreifen
328 5021 1227 5073 suchten, kein leichtes Leben. Zwischen den kleinen
324 5066 1240 5115 Inseln idyllischer Bescheidung, den Oasen, Quellen,
324 5108 1247 5145 Gärten der Reichen und Feldern der Armen, dehnte
324 5141 1233 5178 sich durstige Unfruchtbarkeit aus. Oft herrschte Not
328 5177 1248 5226 in den schwarzen Zelten der Nomaden. Wir sahen
321 5208 1248 5261 sie hilflos gegen Krankheit und Dürre, wir sahen den
324 5248 1247 5295 Armen rechtlos, und ausgebeutet durch die Hand des
328 5273 1248 5321 Reichen, der sein Herr war, wie überall auf der Welt [erhöhte Aufmerskamkeit für soziale Ungerechtigkeit auf der Afghanistanreise, auch bei 'Wohltaten' ihnen gegenüber, die Schwarzenbach auf anderen Reisen als Selbstverständlichkeit entgegennahm].
330 5315 1247 5357 Sie wurden aufgeboten, diese armen Bauern, wie
328 5345 1248 5388 Fronknechte, wenn es galt, unseren Ford mit seinen
330 5384 1247 5424 75 Pferdestärken durch einige dreißig Meilen Sand
324 5421 1247 5457 zu befördern, oder auf Maultierpisten eine Anzahl
322 5453 1248 5500 steiler Abhänge hinauf. Der Gouverneur hatte sie
324 5486 1224 5526 aufgeboten, sie kamen zu Pferd und zu Esel und
322 5521 1248 5562 meistens zu Fuß, und hatten vielleicht ihr Feld mitten
322 5551 1248 5607 in der Erntearbeit verlassen, hatten einen Tag lang
322 5595 1248 5636 am Wegrand gewartet, — und nun begrüßten sie uns
330 5625 1229 5668 freudig, ehrerbietig, jubelnd, und taten ihr Bestes
322 5657 1248 5696 Keine Belohnung erwartete sie. Aber richtig, — hier
322 5690 1050 5735 galt Geld wenig, die Gastfreundschaft alles.\:p\
375 5735 1248 5779 \p\Und wir fragten den Gouverneur: „Wird hier bald
324 5754 1247 5803 die Straße ausgebaut werden? — Werdet Ihr Schulen
322 5790 1248 5832 bauen, und Spitäler, — und die Frauen befreien, und
324 5826 1247 5870 das Volk aufklären, und dem Fortschritt die Türe öff¬
322 5866 1230 5903 nen? — Wird der Handel blühen, werden Wasserwerke
324 5900 1247 5944 und Fabriken entstehen, und Tabakplantagen und
322 5931 631 5978 Baumwollfelder?“ –\:p\
372 5938 1247 6002 \p\„Innerhalb einiger Jahre", antwortete der Gouver¬
324 5995 1247 6038 neur, „wird die Straße fertig sein, und alle Nomaden
324 6035 1247 6096 werden zur Seßhaftigkeit gezwungen werden. Das ist
316 6066 537 6120 der Anfang."\:p\
375 6096 797 6146 \p\Das also ist der Anfang.\:p\
380 6130 1247 6186 \p\Wir kannten es aus anderen Ländern, die Aus¬
1244 4472 2167 4512 rottung der Nomaden. Es gehörte offenbar zu den
1242 4489 2155 4552 Programmen, die den Fortschritt einleiten. — Aber
1244 4537 2161 4591 sollten, um des Fortschritts willen, die Tugenden eines
1244 4575 2194 4620 Nomadenvolks verschwinden, — eben jene Tugenden,
1244 4610 2194 4660 die wir liebten, die der Armut ihren Stachel nahmen,
1244 4645 2194 4685 und das Geheimnis einer Glückseligkeit zu erklären
1242 4672 2194 4737 schienen, an der wir benommenen und dankbaren Her¬
1244 4715 2062 4750 zens teilgenommen hatten, — als fremde Gäste?\:p\
1306 4745 2193 4781 \p\In unsere Andacht, die Andacht ungezählter und
1244 4780 2194 4834 auf dem Kalender nicht verzeichneter Abende, mischte
1244 4813 2194 4866 sich Sorge, — die alten Fragen tauchten auf, die alte
1242 4845 1468 4896 Resignation.\:p\
1306 4871 2193 4919 \p\„Keine Schulen und Spitäler ohne Fabriken, keine
1244 4898 2194 4962 Fabriken ohne Proletariat, kein Proletariat ohne Aus¬
1244 4936 2196 5010 beutung, keine Ausbeutung ohne Klassenhaß. Und auf
1256 4983 2194 5021 den Straßen, die man dem Fortschritt öffnet, rollen
1244 5020 1842 5073 eines Tages die Kriegsmaschinen."\:p\
1354 5054 1636 5089 \p\– Ein Albtraum? –\:p\
1306 5059 2193 5133 \p\Noch leben wir frei unter dem unvergeßlichen Him¬
1242 5116 1334 5196 mel.\:p\
1334 5135 2194 5204 \p\– Aber eines Tages bog unsere Piste nach Süden
1244 5182 2194 5245 ab, in das Gebirge. Wir durchquerten den Hindukusch,
1242 5231 2193 5278 wir näherten uns \g\Kabul\:g\. In Kabul, wußten wir, er¬
1244 5257 2194 5307 wartete uns Post von zu Hause. In Kabul gab es
1244 5288 2194 5350 Postbureaux, ein Telegraphenamt, Radioempfänger,
1244 5321 2194 5376 Gesandtschaften, elektrisches Licht, Badewannen, Eis¬
1244 5356 2194 5396 schränke, Butter aus Indien, kanadischen Whisky,
1244 5397 2194 5431 deutsches Bier, — und in einem Tag fuhren die Autos
1244 5430 2193 5477 über den Khyber-Paß hinunter bis nach Peshawar.
1244 5456 1773 5507 Peshawar in Britisch-Indien.\:p\
1310 5477 2196 5542 \p\Wir zögerten. Halbwegs zwischen Mazar-i-Sheriff
1244 5525 2196 5568 und Kabul bekam ich Fieber, und lag mehrere Tage in
1244 5566 2194 5608 einer afghanischen Bauernhütte aus Lehm und Pappel¬
1244 5597 1435 5639 holzbalken.\:p\
1299 5626 2192 5679 \p\Es war sehr heiß. Am Abend kamen Bauern, schlitz¬
1244 5643 2194 5710 äugige Hazaras, mit ihren Eseln, die große Tonkrüge
1258 5696 2193 5749 voll Wasser trugen. Im Hof, den ich von meinem
1244 5733 2194 5788 Tscharpoi aus überblicken konnte, wurden die Schatten
1244 5761 2194 5809 länger. Ein Tscharpoi ist ein afghanisches Bett
1244 5797 2193 5880 und besteht aus vier Pfosten, zwischen denen ein Netz
1244 5837 1754 5876 aus starkem Seil gespannt ist.\:p\
1310 5864 2158 5908 \p\Eines frühen Morgens, als ich mich ein wenig bes¬
1244 5903 2194 5942 ser fühlte, ließ sich das Ereignis nicht länger hinaus¬
1258 5932 2193 5982 schieben: wir fuhren nach Kabul. Im Spital der eng¬
1244 5970 2194 6025 lischen Gesandtschaft erfuhren wir das Datum. Wir
1244 6005 2194 6052 waren, seit Herat, einen ganzen Monat unterwegs ge¬
1244 6036 2194 6072 wesen. Jetzt war es Ende August, und die Deutschen
1256 6071 2194 6111 waren im Begriff, mit den Russen einen Vertrag ab¬
1258 6102 2193 6178 zuschließen. Wir wurden von Neuigkeiten überschüttet
1244 6144 2124 6185 wie von fallenden Blättern des ersten Herbststurms.\:p\
