9478 6320
4078 538 9063 647 Roosevelt-Wähler
4091 814 6142 1055 Wie sieht der Amerikaner aus?
4074 1199 4297 1292 AUFNAHMEN:
4077 1247 4606 1357 RESETTLEMENT ADMINISTRATION
4081 1333 4294 1412 WASHINGTON
5286 1171 6149 1271 Von Dr. Annemarie Clark
3538 4060 4651 4146 \p\Der Amerikaner hat blendend weiße Zähne, die er,
3535 4139 4637 4228 nach dem Grundsatz «keep smiling», beständig
3487 4187 4644 4266 seinen Mitmenschen zeigt, er eignet sich daher
3387 4256 4654 4325 besonders für Zahnpasta-Reklamen. Sein fröhliches,
3390 4318 4651 4380 männliches Lächeln ist der Ausdruck seiner gesunden
3387 4376 4648 4441 Konstitution und inneren Zufriedenheit, – der Beweis
3387 4424 4654 4496 dafür, daß er tüchtig in seinem Beruf ist, genügend Geld
3401 4490 4644 4555 verdient, nette Weekends im eigenen Wagen mit sei¬
3387 4548 4654 4620 nem «girl» verbringt und Amerika für das beste und
3387 4606 4644 4678 fortschrittlichste Land der Erde hält, – was es ver¬
3387 4665 4654 4727 mutlich auch ist. Das «girl» wiederum zeichnet sich
3390 4716 4651 4785 durch einen ausgezeichneten, gepflegten Teint, frische
3390 4782 4644 4854 Farben und guten, kameradschaftlichen Charakter aus.
3390 4840 4644 4898 Alle amerikanischen «girls» sind entweder Steno¬
3397 4881 4648 4967 typistinnen oder Filmschauspielerinnen, und alle glei¬
3387 4960 4644 5025 chen sich aufs Haar.  – Aber diesen jungen Amerikaner
3390 5008 4644 5080 (denn Amerikaner, ob zwanzig oder sechzig Jahre alt,
3383 5067 4644 5135 sind jung) und dieses «girl» haben wir hier nicht abgebil¬
3390 5125 4648 5183 det, – einmal, weil man ihr Gesicht in Magazinen tau¬
3390 5177 4658 5252 sendmal gesehen hat, – und dann, weil sie gar nicht so
3394 5238 4654 5300 wichtig sind. Amerika ist ein gewaltiges Land mit
3387 5297 4641 5362 großen und kleinen Städten, mit Wäldern und Papier¬
3383 5362 4651 5424 mühlen, mit Kohlenminen, Baumwollgegenden, Prärien
3401 5407 4651 5479 voll riesiger Viehherden, Gebirgen, Getreideebenen,
3390 5469 4641 5530 Automobilfabriken. Und jedes Gebiet hat, entspre¬
3387 5523 4644 5592 chend seiner Beschaffenheit, seinem Klima, seiner Wirt¬
3394 5578 4637 5654 schaftsform einen eigenen Menschenschlag herausgebil¬
3394 5640 4644 5706 det, aus einem Menschenmaterial, welches wiederum
3387 5695 4641 5760 alle Rassen, Farben, Nationalitäten und Religionen der
3390 5750 4641 5822 Erde vereinigt. – Und alle diese Menschen sind Amerikaner.\:p\
262 141 1503 195 \f\Frauen aus Louisiana\:f\
474 2607 1477 2700 \fp\Junge, hübsche Kreolinnen gibt es nicht nur in
457 2690 1467 2751 Südamerika, – denn große Teile im Süden der
471 2741 1467 2800 Vereinigten Staaten gehörten lange zu Spanien,
460 2782 1474 2854 das merkt man der Bevölkerung natürlich noch
453 2830 1470 2896 immer an. Diese Mädchen stammen aus Louisiana,
539 2885 1467 2940 – sie haben weder Indianer– noch Negerblut
464 2937 1460 2999 und spielen die Gitarre wie ihre spanischen oder
467 2978 1226 3057 vielleicht portugiesischen Vorfahren.\:fp\
3157 2663 3464 2698 \f\Lachender Bergwerksarbeiter\:f\
2264 2851 2501 2937 \fp\\g\Rechts:\:g\
1800 2906 2954 3009 Ein Bergwerksarbeiter, – man würde ihn leicht für
1803 2992 2951 3050 einen Russen halten. Er und seine Genossen, die Ar¬
1793 3040 2954 3105 beiter der Kohlen– und Eisenbergwerke und der gro¬
1793 3088 2958 3150 ßen Stahlindustrie, sind unter ihrem Führer John Lewis
1800 3136 2954 3191 während der letzten Wochen eine politische Macht ge¬
1803 3191 2958 3256 worden, die der Gewerkschaftsbewegung in Amerika
1807 3239 2885 3301 vielleicht eine entscheidende Wendung geben wird.\:fp\
1371 5338 1525 5431 \f\Trapper aus Louisiana\:f\
453 5551 3198 5623 \fp\In den Indianerbüchern, die wir als Kinder gelesen haben (oder vielleicht heute noch lesen!), ist ein Trapper ein Mann, der im Urwald und
443 5616 3205 5681 in den Prärien auftaucht, Pelze einkauft und sie den Indianern statt mit barem Geld meistens mit Whisky oder Schießpulver bezahlt. Ein
453 5678 3208 5730 unerschrockener, tüchtiger Bursche, der vor nichts zurückschrickt und sein Glück zu machen versucht ... Heute ist es auch in Amerika nicht
450 5730 3205 5771 mehr so leicht, sein Glück zu machen: dieser Trapper aus Louisiana ist arbeitslos, er findet für seine Ware keinen Abnehmer, – und er ist
453 5764 2185 5836 Einer unter Vielen, für die die Regierung neue Existenzmöglichkeiten schaffen muß ...\:fp\
5633 2545 6056 2652 \f\Alter Mann vor seinem Maisfeld\:f\
4836 3579 6166 3662 \fb\Dieser freundlich blickende Alte steht vor seinem Maisfeld, das zu
4836 3655 6162 3713 seinem kleinen Bauerngut in West–Virginia gehört. Sein langes,
4836 3706 6159 3754 schmales Gesicht deutet auf angelsächsische Herkunft, aber schon
4833 3741 6169 3799 seit mehreren Generationen ist diese Familie eine amerikanische
4836 3796 6166 3858 Kleinbauernfamilie, – denn nicht alle Leute, die nach Amerika ein¬
4833 3851 5706 3930 gewandert sind, durften Millionäre werden!\:fb\
5311 3933 5506 4053 \f\Afroamerikaner mit Hut\:f\
4836 5403 6262 5475 \fb\Auch er wird den Präsidenten wählen! Ein Neger–Arbeiter von den
4843 5469 6259 5527 großen Baumwollplantagen im Süden. Seine Vorfahren waren Sklaven,
4836 5517 6262 5565 die durch den Sieg der Nordstaaten im Bürgerkrieg vor 70 Jahren
4833 5544 6259 5609 befreit und dann in einem langen Kampf vollberechtigte Bürger der
4833 5599 6262 5657 U. S. A. wurden. Aber ihre Lebensbedingungen sind eigentlich nicht viel
4833 5651 6259 5706 besser geworden, – und falls die soeben erst erfundene Baumwollpflück-
4836 5699 6259 5757 Maschine in Tätigkeit tritt, wird dadurch die bescheidene Existenz der
4836 5750 6262 5836 Neger und ihrer weißen Schicksalsgenossen auf den Plantagen mit einem
4836 5798 5558 5870 Schlag auf das gefährlichste bedroht!\:fb\
6601 4070 7187 4172 \f\Indianer vom Stamme der Apachen\:f\
7210 5396 8529 5462 \fb\lndianer vom Stamme der Apachen. «Auch sie sind Amerikaner», –
7207 5451 8543 5513 fast vergißt man, daß sie die eigentlichen, einzigen Amerikaner, die
7210 5503 8539 5558 ursprünglichen Herren und Besitzer des Landes mit allen seinen
7220 5551 8539 5613 Reichtümern sind. Denn heute nehmen sie unter all den ver¬
7214 5602 8543 5654 schiedenen Sorten von Amerikanern am wenigsten teil am Leben
7207 5647 8543 5712 der Nation; sie führen in Reservationen ein abseitiges Dasein. Ihr
7214 5695 8539 5757 Blick hat noch etwas von der alten Schärfe des Jägers, gleichzeitig
7207 5743 8543 5815 ist darin eine träumerische Sehnsucht, über weite Prärien hinweg¬
7220 5791 8375 5864 zuschauen – ein Ausdruck, der uns sonderbar ergreift ...\:fb\
