3569 4538
2619 3266 3487 3357 Die "Schwe
1116 714 1180 797 \f\Hafen Lissabon\:f\
327 2951 3499 3073 \fp\In einem modernen Hafen, wie z.B. Genua, wird Getreide mittels Saufkranen in kürzester Zeit ausgeladen. In Lissabon, das keine modernen Hafenanlagen besitzt, werden die Getreidesäcke
1823 3026 3440 3109 vom "Nereus" in kleine Segelschiffe verladen (sogenannte "Fragattas") und so an Land gebracht.\:fp\
659 3468 1306 3566 \f\Magazin außerhalb des Hafens\:f\
1874 3168 2513 3243 \fp\ Da Lagerräume schwer zu finden sind, lagern
1894 3207 2564 3290 für die Schweiz bestimmten Waren zum
1819 3259 2572 3330 Teil in provisorischen Magazinen, oft außerhalb
1820 3310 2580 3345 des Hafens. — Dieses "Magazin" enthält im
1819 3310 2552 3401 ersten Stock Wohnungen, wo die portugiesi¬
1823 3361 2568 3432 schen Hausfrauen ihre Wäsche zu den Fenstern
1811 3412 2560 3468 hinaus hängen. Unten wird Mais in Säcken auf
1823 3440 2541 3503 Camions verladen und in den Hafen gebracht,
1823 3476 2525 3543 um auf dem jugoslawischen Schiff "Sud" nach
1957 3515 2446 3574 Genua transportiert zu werden.\:fp\
2044 3969 2612 4075 \f\jugoslawisches Schiff im Hafen Lissabons\:f\
2622 3414 3492 3450 \fp\Der jugoslawische Dampfer "Dubac" im Hafen von
2622 3457 3495 3492 Lissabon trägt in frischer Farbe die Insignien der
2633 3488 3498 3526 Schweiz. Er gehört zu den neu gemieteten Schiffen, die
2636 3527 3492 3557 die griechischen Schiffe der "Schweizer Flotte" ersetzen.\:fp\
132 3268 3348 3352 izer Flotte" im Haken von Lissabon
2716 3352 2996 3456 Bildbericht
2700 3416 3100 3512 vom Annemarie
2692 3468 3228 3560 Clarc-Schwarzenbach
340 172 1732 256 \p\Wie in den Tagen der großen portugiesischen Seefahrer ist Lissabon heute wieder das Zen¬
336 240 1736 292 trum der — allerdings infolge des Krieges ungemein zusammengeschrumpften — Handels¬
248 284 1732 336 schiffahrt der Welt geworden. Das Mittelmeer ist ein Binnensee innerhalb von Kriegszonen.
252 324 1736 376 Der Suezkanal, der seit seiner Vollendung im Jahre 1869 von den Engländern nur zweimal,
252 356 1732 412 1882 und 1915, vorübergehend geschlossen wurde, ist jetzt verrammelt. Der Weg nach Indien
256 404 1732 460 führt wieder um das Kap der Guten Hoffnung. Die letzten noch zwischen Europa und Nord¬
252 440 1732 500 amerika verkehrenden Passagierdampfer landen in Lissabon, — dem einzigen freien Hafen, der
248 484 1728 540 an der Atlantik-Küste unseres Kontinents übriggeblieben ist. Von allen Ländern, die Uebersee¬
256 524 1732 576 waren heute via Lissabon beziehen, ist aber keines für seine Versorgung in solchem Maße auf
256 564 1732 620 diesen altmodischen, kleinen Hafen angewiesen wie die Schweiz. Von diesem Durchgangspunkt
256 600 1736 656 aus stehen unserem Handelsverkehr nur der Seeweg über Genua, oder der Landweg durch
256 648 1724 696 Spanien offen. Um Importgüter von Lissabon nach Genua zu bringen, ist erstens ein von eng¬
256 688 1740 736 lischer Seite gewährtes «Navicert» nötig, zweitens eine Erlaubnis von italienischer Seite, die
268 724 1748 776 Ware in Genua auszuschiffen. Nach den französisch-italienischen Waffenstillstands-Klauseln
256 768 1732 820 dürfen Schweizer Waren nicht in Marseille oder anderen französischen Mittelmeerhäfen aus¬
256 808 1736 860 geladen werden. Um Waren von Lissabon aus im Transitverkehr durch Spanien zu expedieren,
260 840 1736 896 bedarf es wiederum der spanischen Erlaubnis. Die unentbehrliche Voraussetzung dafür, daß wir
256 880 1736 936 in der Schweiz heute mit den lebenswichtigsten Gütern versorgt werden können, ist also die
260 920 1736 980 Gewährung von «Navicerts» für unseren über Lissabon gehenden Import, — und das Funk¬
1784 160 3260 240 tionieren des Verkehrs unserer «Schweizer Flotte». Zuerst hatte die Schweiz für unsere Bedürf¬
1784 236 3260 276 nisse fünfzehn griechische Schiffe gemietet. Bei Ausbruch des italienisch-griechischen Krieges
1784 268 3260 320 blieben sie in verschiedenen Häfen wie Madeira, Teneriffa, Porto und Lissabon stecken. Jetzt
1784 308 3252 360 werden sie langsam alle nach Lissabon gebracht, hier ausgeladen und dann an eine anglo¬
1784 356 3264 404 griechische Kommission übergeben. Inzwischen häuft sich im ohnehin ungenügend vorhandenen
1784 388 3260 444 Raum der Lissaboner Lagerhäuser die Ware, die auf Abtransport nach Genua oder via Spanien
1784 436 3260 484 wartet. Für den Landweg ist es schwierig, Eisenbahnwaggons zu erhalten. Für den Seeweg müssen
1784 476 3252 516 andere Schiffe gemietet werden. Bereits tragen mehrere jugoslawische, spanische und Panama¬
1784 512 3260 564 Dampfer am Bug die riesige Aufschrift «Switzerland» und das weiße Kreuz im roten Feld.
1784 556 3260 600 Aber der Hafen von Lissabon ist für die über Nacht entstandenen Bedürfnisse des jetzt über
1784 592 3260 644 Portugal gehenden Warenverkehrs nicht eingerichtet. Während zum Beispiel in Genua ein mit
1784 628 3260 688 Getreide beladenes Schiff mittels moderner Saugkrane innerhalb von wenigen Stunden entleert
1784 672 3260 720 werden kann, braucht man dafür in Lissabon oft vierzehn Tage! Das Getreide muß an Bord in
1784 712 3260 760 Säcke gefüllt, dann auf kleinen Segel-«Fregatten» an Land gebracht, und auf Camions in das
1784 760 3260 804 Magazin transportiert werden. Ist dann endlich ein anderes Schiff für den Weitertransport nach
1784 792 3268 844 Genua oder die nötige Zahl von Waggons für den spanischen Transitweg bereit, dann ist oft
1784 836 3260 888 ein Teil unseres lebenswichtigen Mais, Hafers oder Weizens aus Brasilien und Argentinien ver¬
1780 872 3268 932 dorben. Neben den südamerikanischen Brotgetreiden gehen auch so unentbehrliche Produkte wie
1784 916 3256 976 Zucker, Kakao, Kopra, Kaffee, Kopia-, Terpentin-, Erdnuß-Oele, Glukose, Wolle und Baum¬
1960 3368 2516 3440 wolle für die Schweiz über Lissabon —
1964 3432 2560 3476 Waren, die zum großen Teil aus den
1956 3472 2556 3524 portugiesischen und anderen afrikani¬
1956 3512 2556 3560 schen Kolonien stammen —, ferner
1956 3556 2560 3608 viele Stückgüter aus den U.S.A. wie
1956 3592 2552 3644 z. B. Photomaterial und Schreibma¬
1956 3640 2556 3680 schinen. Andererseits geht unser Ex¬
1960 3680 2560 3724 port nach beiden Amerika, Indien und
1956 3720 2552 3764 Afrika über Lissabon. Die hier erwähn¬
1960 3756 2548 3804 ten Fakten geben nur einen ersten Be¬
1960 3792 2556 3844 griff von der Wichtigkeit Lissabons
1960 3836 2556 3880 und der hier ein- und auslaufenden
1956 3872 2552 3928 Schweizer Schiffe für unsere Landes¬
1964 3920 2540 3972 versorgung, — und von den Schwierig¬
1956 3952 2552 4000 keiten, mit denen unsere Schweizer Be¬
1956 3996 2560 4060 hörden und Vertreter kämpfen, um
1956 4032 2412 4100 diese Versorgung zu sichern.\:p\
2780 4096 3228 4176 \f\griechischer Matrose\:f\
2172 4080 2336 4136 Bild rechts:
1956 4104 2560 4172 \fp\Griechischer Matrose auf dem "Nereus"
1956 4168 2556 4204 \p\Sein Schiff kam unter der Schweizer Flagge
1956 4196 2556 4240 von Südamerika mit Getreide beladen nach
1956 4216 2556 4256 Lissabon. Die Fracht wird hier ausgeladen
1956 4216 2560 4280 und das Schiff dann der anglo-griechischer
1956 4276 2560 4308 Kommission übergeben. Der Junge und seine
1956 4304 2560 4340 Kameraden wissen nicht, ob sie ihre Heima
2096 4328 2412 4384 je wiedersehen werden.\:p\\:fp\
948 2228 1460 2320 \f\Mais für die Schweiz\:f\
416 3008 1620 3096 \fp\Mais für die Schweiz wird an Bord des jugoslawischen Schiffes "Sud"
764 3068 1260 3136 in die Frachträume entleert.\:fp\
552 4036 1188 4152 \f\Baggermaschine außerhalb des Hafens\:f\
160 3416 1796 3500 \fp\Baggermaschine außerhalb des Lissaboner Hafens. Hier gingen während des Zyklons Mitte Februar
160 3476 1784 3540 zwel kleine portusissische Segelboote, sogenannte „Fragattas“, unter, die Ware für die Schweiz
216 3516 1716 3584 aus Magazinen zu einem "Schweizer Dampfer" bringen sollten. Die Fracht ging verloren.\:fp\
2292 2648 2908 2728 \f\Hafenarbeiter\:f\
1836 2984 3344 3100 \fp\Im Hafen wird Tag und Nachricht gearbeitet. Aus- und Umlad vollziehen sich unter Bewachung
2360 3052 2816 3120 portugiesischer Polizisten.\:fp\
