4286 7151
347 4589 1184 4656 Ein Paar Schuhe fallen in den Inn
531 4643 1016 4715 Von \g\Annemarie Clark\:g\
369 4702 1233 4745 \p\Vor etwa zweieinhalb Jahren, an einem kalten
319 4743 1233 4781 Novemberabend, hörten die Schweizer Grenzwächter
312 4781 1214 4819 von Martinsbruck verzweifelte Hilferufe. Sie liefen
314 4815 1233 4856 heraus aus ihren warmen Stuben, die Rufe kamen
319 4848 1234 4890 aus der Felswand, die sich, steil und vereist, über dem
312 4876 1234 4926 österreichischen Ufer des Inn erhebt. Von der schwei¬
319 4912 1233 4954 zerischen Seite schien es zunächst unmöglich, Hilfe zu
319 4948 1233 4989 bringen. Man verfiel auf die Idee, ein Auto bis hart
310 4984 1233 5019 an das Ufer zu fahren und die Scheinwerfer so ein¬
321 5015 1233 5053 zustellen, daß sie die Felswand beleuchteten. Dort, in
310 5047 1211 5095 der unheimlich glimmernden Eiswand tauchte die Ge¬
319 5082 1233 5123 stalt eines Menschen auf, eines Jünglings in zerfetz¬
316 5120 1233 5160 ten Kleidern, der auf einem Vorsprung kauerte und
312 5152 1205 5197 nicht auf- und nicht abwärts konnte. Ein Flüchtling,
319 5189 1233 5222 ein Staatenloser, — einer von denen, für die niemand
316 5218 1233 5256 verantwortlich ist. Die Schweizer durften nicht an das
316 5254 1233 5297 andere Ufer, sie konnten es auch nicht. Sie riefen den
319 5287 1208 5325 von Kälte erstarrten Jungen an, die Scheinwerfer
316 5324 1233 5358 wiesen ihm den Weg, von Stufe zu Stufe abwärts,
310 5355 1233 5395 bis er das Ufer erreicht hatte. Dann war guter Rat
309 5394 1233 5441 teuer. Er lief, barfuß, in den Inn, watete bis das
319 5421 1208 5465 Wasser ihm zu den Hüften ging, und lief wieder zu
309 5457 1233 5505 rück. Man warf ihm ein Seil hinüber, ein bißchen
318 5491 1232 5535 Brot, ein Päckchen Streichhölzer. Er zündete sich ein
319 5526 1206 5564 Feuerchen an, man vertröstete ihn auf den nächsten
321 5556 1233 5604 Morgen. Aber eine Nacht ist lang. Als die Scheinwer¬
316 5592 1233 5640 fer erloschen, konnte sich der Flüchtling kein Holz mehr
316 5628 1233 5670 suchen. Das Feuer ging langsam aus. Er legte sich
310 5658 1233 5705 in die warme Asche. Die Grenzwächter gingen nach
319 5696 1212 5735 Hause. Am nächsten Morgen, in aller Frühe, waren
316 5726 1217 5771 sie wieder am Ufer. Der Mann drüben rührte sich
312 5763 1235 5805 nicht. Schon glaubte man ihn erfroren. Plötzlich stand
312 5803 1234 5845 er auf, wankte mit halberfrorenen Gliedern, folgte den
316 5833 1233 5868 Ratschlägen, die man herüberrief. Er begann zum
310 5867 1233 5902 zweitenmal in die Fels [corr.: Felsen] einzusteigen. Die Schweizer
316 5901 1233 5943 kamen ihm entgegen, mit Seil und Pickel. Er hielt sich
309 5938 1233 5978 zwei Stunden lang, bis sie ihn erreichten und an das
316 5969 1233 6006 Ufer brachten. Es war das österreichische Ufer. Er war
311 6004 1234 6037 achtzehn Jahre alt. Ein Ungar, — vielmehr: ein
321 6035 1233 6089 Staatenloser. Die Oesterreicher hielten ihn auf der
1249 4584 2167 4613 Grenzbrücke an. Man wollte ihn in eine warme Stube
1247 4612 2167 4648 bringen, ihm etwas zu essen und warme Kleider ge¬
1247 4643 2167 4682 ben. Aber er stand auf österreichischem Boden. Die
1248 4677 2166 4728 Schweizer mußten zuschauen, wie er abgeführt wurde
1230 4717 2167 4773 wie ein Verbrecher. Die vereisten Kleiderfetzen klebten
1230 4747 1713 4811 an seinem mageren Körper.\:p\
1295 4749 2167 4821 \p\In der Nähe der Gemeinde Schleins fand man,
1230 4818 2167 4873 kurz darauf, einen anderen Staatenlosen. Man lieferte
1230 4856 2168 4906 ihn [add.: in] das Schulser Spital ein. „Ich hatte einen Kame¬
1230 4883 2167 4926 raden“, erzählte er, „der wollte nach Oesterreich zurück.
1230 4924 2167 4953 Wir sind Polen ...“ Im folgenden Sommer, während
1230 4953 2167 5003 der Heuernte, fanden Bauern die Leiche dieses „Ueber¬
1230 4993 2136 5030 läufers“ am Fuß des Piz Mondin. Man begrub ihr
1230 5028 2167 5078 auf dem kleinen Friedhof einer Schweizer Gemeinde.\:p\
1291 5063 2168 5113 \p\Einmal standen drei Flüchtlinge auf der Grenz¬
1228 5083 2166 5137 brücke von Martinsbruck. Zwei Männer und eine
1230 5120 2167 5180 Frau. Die Schweizer Polizei nahm sie in Gewahrsam,
1247 5162 2167 5195 gab ihnen zu essen, schickte sie über die italienische
1230 5186 2167 5238 Grenze. Dort wurden sie wieder abgefaßt. Man schob
1230 5217 2167 5276 sie in die Schweiz ab. Sie liefen hundertzwanzig Kilo¬
1230 5262 2148 5306 meter, über Münster, Ofenpaß, Zernez, und kamen
1248 5294 2142 5340 wieder nach Martinsbruck. Einer von ihnen war Ma¬
1230 5327 2167 5377 schinenschlosser. Sie besaßen einen amtlichen Schein,
1230 5354 2167 5419 der sie als „heimatlos“ bezeichnete. Denn das ist ein
1230 5398 2167 5430 amtlicher Ausdruck. Die Schweizer, die ihnen ein
1249 5428 2138 5476 wenig Wegzehrung gaben und sie über die Grenze
1228 5463 2167 5518 schickten, in der Nacht, während die Kollegen jenseits
1230 5506 2167 5554 der Brücke nicht aufpaßten, sind nicht schuld daran. Es
1246 5533 2167 5581 ist eine internationale Gepflogenheit, daß die Grenz¬
1230 5564 2167 5626 beamten benachbarter und befreundeter Staaten sich
1230 5591 2167 5654 gegenseitig überlisten. Den „Heimatlosen“ nützt das
1230 5633 2167 5685 wenig. Als die drei Flüchtlinge den österreichischen
1230 5665 2167 5709 Beamten sagten: „Wir haben Hunger“, — wurde
1253 5702 2032 5748 ihnen geantwortet: „Hier wird nicht gebettelt.“\:p\
1303 5737 2168 5777 \p\Seither hat sich etwas geändert. Jetzt wehen jen¬
1230 5778 2166 5830 seits der Grenze von Martinsbruck zwei große Haken¬
1230 5803 2168 5854 kreuzfahnen. Die alten österreichischen Beamten und
1230 5840 2167 5874 Grenzwächter sind durch stramme deutsche SS.-Män¬
1228 5864 2167 5927 ner ersetzt worden. Zu den Staatenlosen, die sich an
1228 5906 2167 5963 der Schweizer Zollgrenze meldeten, kommen jetzt die
1230 5947 2167 5993 Flüchtlinge. Politische Flüchtlinge nennt man das.
1230 5972 2140 6026 Wenn sie die Grenze überschreiten, wird ihr Paß un¬
1230 6014 2167 6055 gültig, ihr Name verfemt, und sie dürfen nie mehr in
1230 6047 2168 6090 die Heimat zurück. Bleiben sie in Oesterreich, dem
2163 4584 3089 4627 Land, dessen Erde sie bisher ernährt hat, so bestimmt
2163 4625 3089 4671 eine anonyme Gewalt, daß sie Staatsfeinde seien. Sie
2163 4653 3089 4707 wissen nicht immer warum. Aber sie wissen, daß man
2163 4687 3089 4728 sie verhaftet, in ein Lager einliefert, wo sie dann ver¬
2163 4726 3089 4768 schollen sind. Also fliehen sie. Viele versuchen, in die
2181 4758 3089 4799 Schweiz zu fliehen. Die Grenzwächter von Martins¬
2163 4797 3088 4839 bruck möchten ihnen gern helfen. Sie werden nicht, wie
2163 4825 3090 4873 die „Staatenlosen“, einfach abgewiesen und bei Nacht
2163 4863 3089 4901 und Nebel über die Grenze geschoben. Sie dürfen blei¬
2163 4896 3090 4932 ben, einige Tage, Wochen oder Monate. Nachher zäh¬
2163 4925 3089 4973 len sie auch zu den Heimatlosen, für deren Schicksal
2163 4957 2632 5012 niemand verantwortlich ist.\:p\
2223 4986 3089 5044 \p\Die Frau eines Grenzwächters schreibt mir: „Wir
2163 5030 3089 5062 brauchen Geld, Schuhe, Wäsche, Kleider, Nahrungs¬
2163 5064 3089 5105 mittel, um diese Unglücklichen auszustatten. Damit
2163 5104 3088 5146 wäre schon ein bißchen geholfen.“ — Aber sie möchte
2163 5131 3089 5171 nicht, daß ihr Name genannt, daß diese bescheidene
2163 5165 3088 5213 humane Hilfsaktion publik wird. Denn es ist heutzu¬
2163 5196 3089 5247 tage nicht mehr so selbstverständlich und gefahrenlos,
2163 5236 3089 5273 human und christlich zu handeln. Man wird leicht
2163 5264 3047 5314 selbst zum Verfolgten. Die Frau denkt nicht „politisch"
2193 5305 3063 5345 – es hat sich so ergeben, daß ihr Unglück und unschul¬
2163 5337 3062 5380 diges Leid täglich begegnen. „Es läßt sich doch erwar¬
2163 5370 3089 5416 ten und hoffen, daß einige, die diesen Aufruf lesen,
2162 5398 2906 5446 mir Geld und Schuhe und Kleider schicken.\:p\
2223 5437 3090 5481 \p\Kürzlich kam ein Ehepaar aus Graz an die Grenze.
2163 5466 3046 5512 Sie hatten zwei Kinder, und sie waren „staatenlos".
2163 5509 3090 5549 Man mußte sie also zurückschicken. Sie hatten gehofft,
2163 5538 3089 5583 in der Schweiz Arbeit zu finden. Welche Anmaßung!
2163 5577 3089 5612 Jetzt sind sie wieder auf der großen Landstraße, die
2163 5611 3089 5651 nirgends hinführt und nirgends endet. Aber sie haben
2162 5645 3089 5688 ihr jüngeres Kind, ein kleines Mädchen von vier Mo¬
2163 5672 3089 5725 naten, bei der Frau des Grenzwächters gelassen. Die
2162 5714 3089 5761 Kleine war bisher mit einem aus Wasser und Grieß
2162 5746 3066 5791 angerührten Brei ernährt worden. Jetzt bekommt sie
2163 5785 3089 5829 gute, schweizerische Milch. Sie hat eine Heimat. Sie
2163 5813 3089 5850 wird nicht wissen, was das Wanderleben auf der
2162 5848 3066 5890 Landstraße, das Leben der Heimatlosen bedeutet. „Sie
2163 5882 3090 5924 haben uns das Kindchen geschenkt!“, sagt die neue
2163 5914 3089 5956 Pflegemutter. Sie sagt das aufrichtig und selbstver¬
2163 5948 2314 5996 ständlich.\:p\
2223 5973 3089 6033 \p\Drüben, im vereisten Felsen, scheiterte vor weni¬
2163 6024 3067 6061 gen Tagen wieder ein Flüchtling. Er war so jung wie
2162 6051 3089 6097 der Ungar und hing an derselben Stelle über dem
3084 4593 4008 4650 schäumenden Inn. Er schrie und bat um Hilfe. Ein
3086 4626 4008 4674 ebenso junger Schweizer machte sich auf den gefähr¬
3086 4669 4008 4719 lichen Weg, um ihn, den Fremden, zu retten. Er nahm
3086 4703 4008 4742 ein Paar neue Schuhe mit, damit der Fremde den
3084 4743 4008 4780 Weg über den vereisten Felsen besser bewältigen
3086 4759 4005 4811 könne. Unten, jenseits des Ufers, standen die Schwei¬
3086 4795 4009 4847 zer von Martinsbruck und sahen zu, angsterfüllt. Der
3086 4828 4008 4871 junge Lebensretter rutschte aus, und die Schuhe pol¬
3086 4860 4008 4920 terten die Wand hinab und wurden vom Inn fort¬
3086 4899 4008 4946 geschwemmt. Der Mann konnte sich festhalten, aber es
3086 4937 4017 4982 tat ihm leid um die Schuhe. Endlich erreichte er den
3103 4965 4008 5017 Flüchtling, der so erschöpft war, daß er ihn auf den
3086 5002 4015 5049 Schultern die Wand hinuntertragen mußte. Unten
3086 5038 4008 5079 empfingen ihn die Oesterreicher, die neuen, mit der
3086 5072 4017 5117 Hakenkreuzbinde am Aermel, und wollten den Flücht¬
3086 5105 4008 5144 ling der Polizei übergeben. Aber die Schweizer stan¬
3086 5138 4008 5183 den auf der Brücke und sagten ihnen die Meinung.
3086 5176 4008 5229 Also erlaubte man ihnen, den Flüchtling mit hinüber
3086 5213 4008 5254 zu nehmen, in das schweizerische Zollhaus. Dort ent¬
3086 5245 4012 5290 deckte man, daß der arme Junge nicht nur erschöpft
3096 5276 4008 5320 war: er war krank, tuberkulös und hatte eine lange,
3103 5313 4011 5351 offene Wunde am Hals. Man verband ihn, gab ihm
3103 5347 4009 5393 zu essen, rief einen Arzt. Der sagte, er gehöre in das
3086 5384 4017 5424 Spital. Aber wer sollte für ihn zahlen? Er war ein
3102 5407 4017 5462 Flüchtling, niemand war für ihn verantwortlich, sein
3086 5448 4008 5498 junges Leben, für das ein Schweizer das seinige aufs
3105 5484 4008 5519 Spiel gesetzt hatte, war nicht einmal die Spitalkosten
3086 5518 4005 5566 wert. Und doch muß er leben ... Man pflegte ihn zwei
3086 5554 4008 5592 Tage lang im Schweizer Gasthaus an der Brücke.
3086 5583 4002 5636 Dann mußte er zurück, nach Landegg. Und von Land¬
3086 5621 4011 5668 egg auf die große Landstraße, wenn die anonyme
3086 5653 4008 5706 Macht ihn nicht verhaftet hat. Vielleicht wird er eines
3086 5685 4009 5723 Tages wieder in der vereisten Wand über dem Inn¬
3084 5713 3894 5765 strom sein, ohne Schuhe, und um Hilfe rufen.\:p\
3151 5751 4005 5795 \p\Die Frau aus Martinsbruck schrieb mir: „Ich hatte
3086 5795 4009 5838 gehofft, den Völkerbund für die Sache zu gewinnen,
3086 5819 3384 5865 leider vergebens."\:p\
3151 5846 4009 5899 \p\Der Völkerbund, die Gesetze, die Grenzbestimmun¬
3084 5887 4008 5944 gen, das Christentum. Soviel Aufwand, so große
3086 5929 4008 5969 Worte, — wegen ein paar Menschenleben. Und der
3103 5961 4008 6003 Humanität, der Humanität der Tat, steht drohend die
3084 6000 4008 6047 vereiste Wand gegenüber, die kein Staatenloser und
3086 6020 3933 6095 politischer Flüchtling ungestraft übersteigen kann.\:p\
