3602 4493
764 280 1847 395 Dr. Annemarie Schwarzenbach:
1229 492 2504 616 Stürmischer Frühling in Portugal.
797 781 2146 896 "Der Frühling schlug an meine Tür –
767 923 1991 1034 ich öffnete ihm sogleich weit. –
761 1069 1800 1177 Er kam bleich, er kam tot, –
767 1208 2036 1320 von soviel überstandener Kälte." –
767 1356 3197 1487 Es sind Worte aus einem portugiesischen Volkslied, das beginnt:
770 1493 1758 1622 "Du sagst mir: sing, sing!
767 1641 1674 1759 Lieder weiss ich keine:
761 1784 1665 1911 ich war nie in Coimbra,
755 1937 2319 2061 bin nicht einmal dort vorbeigemommen ..."
746 2080 3245 2207 \p\Der Sänger kennt, wie jeder Bauer und jedes Kind in Portugal, den
767 2226 3352 2350 Namen seiner ehrwürdigen Universität, die in der Vergangenheit eine
758 2375 3352 2498 grosse Stätte des Wissens war, und von der man heute sagt: man müsse
752 2509 3415 2636 nach Coimbra gehen, um den Geist des neuen Portugal und seiner Regie¬
761 2654 3483 2798 rung verstehen zu lernen. Dr. Oliveira Salazar war Professor in Coimbra,
764 2791 3113 2923 und hat von dort aus seine bedeutende Mission angetreten. Der
758 2934 3358 3079 Kardinal-Patriarch von Lissabon bekleidete früher in Coimbra einen
743 3083 3107 3216 Lehrstuhl. Man hat das Regime Dr. Salazars' eine Regierung der
749 3223 3316 3362 Professoren, oder eine Diktatur der Intellektuellen genannt, und es
761 3367 3188 3503 sind Ruhmestitel. Aber der Sänger des portugiesischen Frühlings
746 3510 3385 3652 ist nie an den Toren von Coimbra vorbeigekommen. Bis vor kurzer Zeit
755 3650 3385 3792 wurde nie von ihm verlangt, dass er lesen und schreiben lerne. Er ist
758 3806 2791 3935 arm, und er sagt, er könne nicht singen. Aber er singt:\:p\
791 3949 3030 4085 "Ich bin arm und elend, ich habe nicht einmal einen 'real':
752 4089 3003 4228 wenn ich fünf 'estoes' hätte, wäre ich König von Portugal."
1570 178 2973 284 –2– (Stürmischer Frühling in Portugal)
743 471 3179 580 \p\Und die Lieder, die das portugiesische Volk noch kennt, sind alt,
767 614 3242 720 vielleicht so alt wie die Universität von Coimbra, – und der herbe
728 754 3346 872 Frühling, das herbe Leben, und die Wehmut der Liebe, die sie besingen,
737 895 3140 1007 sind heute gleich, und finden in der portugiesischen Seele den
797 1050 1898 1153 gleichen Widerhall wie damals.\:p\
737 1193 3370 1296 \p\Denn Portugal, – der Balkon Europas, die Sonnenküste, – ist trotz seines
731 1343 3310 1446 goldenen Lichtes und seiner grossen Lieblichkeit kein mildes Land.
752 1481 3101 1586 Und das Leben in Portugal, das heute die Fremden empfängt und
746 1618 3164 1741 verführt, weil es auf diesem schönen Küstenstrich die Vielfalt,
731 1767 3263 1878 fast Ueppigkeit, und die Annehmlichkeit europäischer Lebensformen
737 1907 3331 2022 versammelt, – es hat wenig gemein mit den tieferen Quellen, aus denen
740 2050 3167 2168 sich die lebendige Seele des portugiesischen Volks genährt hat
758 2199 2743 2305 – und die es erhalten wird über viele Stürme hinaus.\:p\
737 2340 3295 2452 So kündigt sich in Portugal der Frühling an: mit Stürmen, die hoch
755 2483 3209 2592 oben im Norden den Schnee in Rosen verwandeln, die im Süden über
734 2629 3260 2741 die kahlen Weiden der Algarve fegen, im Inneren die Fichtenkronen
749 2773 3176 2888 schütteln, und auf dem Tejo die Segel der Fischerbarken blähen.
734 2919 3331 3024 Auf den Hügeln warten die kleinen Segelmühlen auf den Wind, auf den
737 3054 3376 3172 rötlichen Feldern stemmen die Ochsen vor dem Pflug ihm ihre breiten
758 3198 3092 3303 Stirnen entgegen, als wollten sie ihn zwischen der Lyra ihrer
752 3349 3301 3461 geschwungenen Hörner auffangen. Die Sonne ist heiss, und wirft sich
734 3477 3098 3595 mit fast metallischem Glanz auf die weissen Landstrassen, die
734 3623 3221 3747 Marktplätze, die Fischerbuchten, die alten Mauern und Portale der
797 3782 3218 3891 "Quintas" in den Dörfern, und auf die blitzende Wasserfläche des
743 3922 3298 4034 Tejo und des Meeres. Aber der Wind fährt dazwischen und spielt mit
749 4065 3271 4180 Wolkenmassen, die sich zusammenballen und in Sekundenschnelle den
1531 187 2967 301 –3– (Stürmischer Frühling in Portugal)
809 551 3260 659 Himmel verdüstern, dann sich wieder verflüchtigen und zu zarten
815 692 3245 800 Schleiern werden, durch welche die Bläue hervorbricht, bald matt
815 835 3218 949 wie Pastell, bald durchscheinend hell, bald satt wie ein Königs¬
809 984 1101 1092 mantel.
803 1125 3260 1239 [p]Diese Unruhe des Himmels, dieses wilde Spiel zwischen Licht und
800 1268 3442 1379 Schatten, Ruhe und Sturm, und der jähe Wechsel von fast afrikanischer
815 1414 3373 1525 Hitze zu feuchter, trostiger Kälte ist wie eine Warnung, sich nicht
829 1558 3439 1660 verführen zu lassen vom weissen Sand, und den geschützten Blumenbee¬
815 1698 3343 1806 ten der "Costa de Sol", noch von den Gitarrenklängen und sehnsüch¬
823 1847 3406 1958 tig weichen Stimmen der "Fados"; gleich hinter der Rivierabucht von
815 1987 3251 2101 Estoril breitet sich ein herbes, vom Wind gefegtes Land aus, von
803 2134 3364 2254 Heidekraut, Steinen und dürftigem Gras, wo Hirtenbuben, eine zerris¬
815 2274 3292 2394 sene Filzdecke auf dem Rücken, die Füsse mit Sackleinen und Bast
809 2411 3254 2537 umwickelt, ihre Schafe und Schweine hüten. Und hinter der Wehmut
812 2558 3340 2684 der „Fados“, hinter dem sanften Wort „Saudades“, welches Wehmut und
815 2707 3260 2824 Reue, Heimweh, Zärtlichkeit und Liebe zugleich bedeutet und sich
820 2850 3400 2979 nicht übersetzen lässt, verbirgt sich eine ernste und tiefe Trauer,
823 2991 3215 3105 welches ein Erbteil der Portugiesen ist. Römische Viadukte, die
812 3128 3400 3263 ihre Felder durchschneiden , Kapellen und Burgmauern der Westgoten,
812 3312 3218 3382 arabische Zitadellen, maurische Türme, und die festen Schlösser
809 3467 3394 3528 der[add above: ihrer] ersten, aus dem Norden erobernd nach Lissabon gekommenen Könige
826 3582 3212 3684 erinnern sie daran, dass sie von den Schicksalen vieler Völker
809 3728 3260 3827 gekostet haben, der Turm von Belem an der Tejomündung steht als
797 3862 3292 3973 Zeugnis der grossen Zeit, als von hier ihre kühnen Seefahrer mit
812 4015 3218 4126 ihren Caravellen aussegelten, um den europäischen Menschen die
818 4158 3343 4266 Welt zu eröffnen, und die schönsten Paläste zeugen von den Zeiten
1570 262 2877 377 –4– (Stürmischer Frühling in Portugal)
773 554 3248 665 grossen Reichtums und grosser Macht. Aber diese Schicksale waren
779 699 3286 802 vergänglich, – und das Land, und die Bedingungen, die seine Erde und
770 835 3006 950 seine Menschen geformt haben, sind die gleichen geblieben.
767 978 3331 1090 \p\Man hört manchmal, Reichtum und Weltherrschaft hätten die portugie¬
776 1128 3185 1231 sische Nation verwöhnt und verweichlicht, der Verlust der Welt¬
770 1271 3116 1380 herrschaft habe sie resigniert und müde gemacht. Das ist eine
773 1411 3400 1523 vorschnelle, und oberflächliche Auffassung. Draussen im Land die Bau¬
779 1569 3245 1668 ern haben an keinem verweichlichenden Reichtum teilgenommen, und
770 1697 3346 1811 leben heute wie damals von so karger Nahrung und harter Arbeit wie
761 1838 3448 1968 kaum ein anderes europäisches Volk, – und der Stempel würdigen Ernstes,
764 1978 3289 2102 den ihnen ein herber Daseinskampf aufdrückte, mischt sich mit dem
788 2131 3251 2246 tiefer, echter Heiterkeit, die aus der gleichen Quelle stammt. Und
779 2271 3292 2389 man braucht nur einem portugiesischen Stierkampf beizuwohnen, der
779 2414 3325 2538 schon zur Zeit der westgotischen Könige das ritterliche Spiel der
758 2555 3439 2682 Adligen, und das Vergnügen des Volks war, – da wird man in der zugleich
773 2692 3206 2822 männlichen und anmutigen Meisterschaft der "Cavalieros", in der
779 2838 3394 2962 wunderbaren Schulung ihrer herrlichen Pferde die Tradi¬
776 2979 3298 3105 tion einer ritterlichen Nation wiederfinden. Es ist kein blutrüns¬
782 3128 3245 3255 tiges Schauspiel – der Stier wird in der portugiesischen Form des
764 3265 3286 3398 Stierkampfs nicht getötet – und die berühmtesten "Cavalieros" sind
758 3414 3283 3547 Söhne alter Familien, die auf dem Land Pferde und Stiere züchten.
764 3567 3391 3694 Endlich muss man, am stürmischen Morgen des zehnten Mai, die kleinen,
776 3710 3283 3828 viermastigen Segelschiffe der Kabeljau-Fischer gesehen haben, die
773 3859 3394 3971 wie eine versammelte Herde auf dem Tejo lagen, um vor ihrer Ausfahrt,
770 4006 3379 4115 nach Grönland den Segen des Bischofs zu empfangen: mit diesem Segen
776 4150 3289 4270 der Heimat würden sie die Herbe ihrer Winde mit sich nehmen, – den
755 4304 2507 4419 herben und ernsten Geschmack ihres Lebens ...\:p\
2668 4307 3024 4413 (Schluss)
