3396 2459
555 151 1021 255 In Erinnerung.
176 232 1497 320 \p\Der Kies knirschte unter den Hufen unserer Pferde, während wir den Weg
91 302 1499 360 zum Klein Hesseloher See hinabritten. Wir unterhielten uns so eifrig, daß wir
91 352 1499 406 die Spaziergänger kaum bemerkten, die uns mit höflicher Gemütlichkeit grüßten.
104 397 1490 448 Hie und da stieß eine Frau die andere an und sagte: „Das ist der Prinz Im¬
91 439 1497 490 manuel“, worauf sie einen tiefen und ganz undemokratischen Knicks versuchte.
100 483 1499 533 Der junge Prinz war auch ein auffallend schönes Kind, das in jeder seiner Be¬
100 531 1497 592 wegungen verriet, daß es anderen Blutes war als die Leute seiner Umgebung.\:p\
178 580 1499 626 \p\Wir ritten im sinkenden Abend dem Ufer des Sees entlang, als von der
97 619 1501 675 anderen Seite eine Schar Buben herankam, die Rucksäcke auf dem Rücken
91 664 1496 714 und Lauten an bunten Bändern über der Schulter trugen. Sie sangen sehr laut
91 712 965 756 und der vorderste hielt eine Fahne in der Hand.\:p\
178 750 1497 805 \p\Des Prinzen Pferd scheute und wich zur Seite, das bunte Tuch und die
91 800 1497 856 lauten Stimmen hatten es erschreckt. Die Buben hielten unwillkürlich an und
100 847 1496 900 ließen uns vorbei reiten, und der vorderste senkte die Fahne, um das Tier
91 889 343 947 zu beruhigen.\:p\
169 926 1497 998 \p\„Das waren Wandervögel,“ sagte ich. Der Prinz nickte. „Ich weiß eigent¬
91 951 1490 1039 lich nicht, was Wandervögel sind, sagte er dann und senkte den Kopf nach¬
95 1021 810 1091 denklich, als schäme er sich ein bißchen.\:p\
169 1063 1497 1127 \p\Er war sehr schwach, sein Vater war tot und seine Mutter erzog ihn mit
100 1114 1499 1179 fürsorgender Zurückhaltung, so wie man Fürstenkinder vor dem Krieg erzog.
100 1163 1499 1218 Er war darum nie viel mit Kindern seines Alters zusammengekommen. Da be¬
91 1206 1499 1258 gann ich, ihm vom Wandervogel zu erzählen, von der Landsgemeinde, von
100 1251 1499 1302 Diskussionen, Spielplätzen, Kochkesseln und Fahrtenliedern, von den Nachtlagern
100 1295 1490 1344 im Heu, vom Fackelschein und von großen, lodernden Feuern. Immanuel unter¬
95 1339 1494 1381 brach mich mit keinem Wort. Einmal kam der Reitknecht neben ihn und be¬
100 1381 1497 1436 merkte, wir sollten etwas schneller reiten. Aber der Knabe hob nur die Hand:
100 1431 1497 1482 „Laß doch,“ sagte er. Dann wandten wir die Pferde und ritten durch die Wege
100 1473 1499 1529 zurück, die wir gekommen waren. Da fühlte ich plötzlich die Hand meines kleinen
97 1520 1501 1576 Freundes auf meiner Schulter. „Hören Sie," sagte er, „ich will meine Mutter
100 1559 1497 1612 bitten, mich auch zu den Wandervögeln gehen zu lassen. Ich will auch Freunde
97 1606 1503 1668 haben. Ich will auch einmal von allem reden dürfen, was ich fühle. — Ich
97 1649 1353 1700 lächelte ein bißchen und sagte: „Ihre Mutter läßt Sie nie allein fort.“\:p\
176 1698 1501 1745 \p\Der Prinz schwieg, während er die Zügel wieder in die kleine, behand¬
104 1745 1499 1798 schuhte Hand nahm. „Mein Gott,“ sagte er dann traurig, „ich würde auch
107 1787 460 1849 schlecht dazu passen."\:p\
183 1805 1499 1884 \p\In diesem Augenblick kamen wir auf eine Lichtung, wo die Wandervögel
107 1868 1497 1928 sich inzwischen gelagert hatten. Wir hielten die Pferde an und sahen zu, wie sie
97 1917 1497 1977 ihre Suppe aus dem Kessel schöpften. Sie hatten die Schuhe und Strümpfe aus¬
100 1972 1497 2019 gezogen und die Kleider lagen auf dem Boden. Zwei balgten sich, und ich zog
97 2007 1497 2056 unwillkürlich den Vergleich zwischen diesen starken, unbändigen Körpern und
100 2055 1497 2107 der schmalen Gestalt im braunen Reitanzug mit dem blassen Gesicht neben mir.
100 2091 1499 2151 Der Prinz setzte plötzlich sein Pferd in Trab. Als wir zum englischen Garten
100 2144 1499 2192 hinausritten und die Straßen Münchens wieder vor uns lagen, sagte er mit
97 2183 1501 2237 einem leisen Zucken um den Mund: „Wissen die Wandervögel, daß es Prinzen
109 2232 1497 2290 gibt?" — „Oh ja, Immanuel," sagte ich — es war mir, als müsse ich seine
107 2274 1499 2330 Hand in die meine nehmen. Da blickte er ganz gerade vor sich hin und sagte
104 2318 1508 2385 mit einer seltsam klaren Stimme: „Früher sind sie in den dunkeln Straßen
1815 155 3225 227 herumgelaufen und wir gingen durch die hellen königlichen Gärten, jetzt ist es
1815 225 3220 276 umgekehrt. Sind sie besser als ich, weil sie freier sind? Wir finden doch alle
1817 257 2174 323 die Seligkeit nicht!"\:p\
1902 281 3218 364 \p\Dann schwieg er und man hörte nur das Klappern der Hufe auf dem Pflaster.
1826 339 3223 413 Wir hielten an der Einfahrt des fürstlichen Hauses. Ein Diener lief heraus, um
1815 392 2515 450 den Knaben aus dem Sattel zu heben.\:p\
1896 443 3225 503 \p\„Nicht wahr, Sie kommen morgen wieder?“ sagte er und lächelte, als
1823 473 3220 548 fürchte er, mich beleidigt zu haben. „Aber Sie fahren ja nach Hause — grüßen
1819 540 3234 596 Sie die Wandervögel.“ Er reichte mir seine Hand und ich hörte noch, wie der
1823 583 2603 668 Diener die schwere Türe hinter ihm schloß.\:p\
2721 580 3188 654 Annemarie Schwarzenbach.
