9500 6340
1998 605 9001 643 Gelernte und ungelernte Schatzgräber
2356 764 4199 844 Aufnahmen von einer archäologischen Grabungs¬
2359 841 4214 956 stelle in Iran von Dr. Annemarie Schwarzenbach
681 3250 1119 3345 \p\Mit Goldsuchen und
691 3322 1119 3403 Schatzgräberei hat
476 3353 1104 3443 die moderne ar¬
458 3435 1109 3498 chäologische Tätigkeit des
461 3488 1094 3553 Ausgrabens noch vieles ge¬
448 3545 1099 3613 meinsam. Der strenge Wis¬
451 3590 1112 3673 senschaftler allerdings stellt
453 3645 1104 3723 das in Abrede: nicht der
451 3698 1112 3763 Funde wegen gräbt er, nicht
451 3746 1107 3826 des Goldes der Königsgräber
458 3816 1104 3886 von Ur, nicht der köstlichen
453 3858 1089 3923 Fayencen von Samarra we¬
453 3918 1092 3983 gen — sondern um der Re¬
446 3973 1107 4039 sultate, der Kulturgeschichte,
451 4024 1107 4081 der reinen Forschung willen.
453 4071 1102 4144 Damit tröstet sich wohl auch
446 4131 1109 4201 mancher Expeditionsleiter,
451 4186 1097 4256 der nach mühevoller Gra¬
453 4231 1097 4301 bungskampagne in Wüsten¬
451 4289 1089 4362 staub oder öder Hochebe¬
448 4349 1750 4422 nenlandschaft die Hälfte seiner Funde der Regierung von
453 4404 1740 4467 Syrien, Irak oder Persien überlassen muß und nur Photo¬
451 4457 1753 4517 graphien, Pläne und wissenschaftliche Berichte davon
448 4502 894 4584 nach Hause bringt.\:p\
506 4562 1745 4634 \p\Er \g\tröstet\:g\ sich damit; denn in Wirklichkeit — mag
458 4614 1748 4677 es auch einige reine Idealisten unter ihnen geben — sind
448 4672 1753 4745 doch die Ausgräber eine Gilde mit viel Abenteurer- und
443 4720 1740 4797 Schatzgräber-Blut! Und nicht nur die Ausgräber, son¬
451 4777 1745 4845 dern auch die Daheimgebliebenen, die eine Expedition
446 4835 1748 4907 ins Leben rufen und finanzieren, sind, das versteht sich,
446 4892 1738 4942 nicht ganz uninteressiert: Denn, so fragen wir uns, \g\wer\:g\
451 4945 1748 4997 zahlt solche archäologische Expeditionen, die doch
451 4987 1745 5080 enorme Summen verschlingen, und zu welchem Zweck
458 5043 674 5110 tut er es?\:p\
498 5075 1748 5163 \p\Eine Ausgrabung wird fast immer von einem Museum
448 5158 1743 5213 oder einem archäologischen Universitäts-Institut bezahlt.
446 5205 1745 5268 Im ersteren Falle kommt es natürlich vor allem auf die
448 5258 1750 5333 Funde an, die das Museum bereichern und das angelegte
446 5310 1733 5383 Kapital gewissermaßen verzinsen sollen. Gleichzeitig
458 5358 1733 5428 wird dem Leiter der Ausgrabung Gelegenheit geboten
446 5428 1725 5483 einen Bericht zu publizieren und sich einen wissenchaft¬
446 5478 1745 5543 lichen Namen zu machen. Ist es ein wissenschaftliches
446 5526 1723 5588 Institut, welches die Expedition ausschickt, so dienen so
451 5583 1733 5653 wohl die Fundgegenstände wie die gewonnenen wissen¬
446 5636 1738 5701 schaftlichen Informationen zum Ruhm und Ansehen
446 5691 1733 5764 dieses Institutes. Früher hat man mit verhältnismäßig
448 5749 1725 5806 geringen Geldmitteln Ausgrabungen gemacht, die For¬
446 5796 1738 5879 scher lebten oft unter großen Entbehrungen, und außer
2003 1119 3277 1202 einem engen Kreis der Fachwissenschaft interessiert sich
2003 1194 3265 1259 die Welt wenig für die Resultate. \g\Amerika\:g\, mit
2006 1252 3267 1314 seinem Sinn für Propaganda und «Publicity» hat hierin
2003 1304 3270 1380 eine Wendung herbeigeführt. Bei der Konkurrenz der
2013 1355 3250 1417 Universitäten, Museen und Institute kommt es ebenso
1998 1410 3255 1465 sehr wie auf glänzende Professoren von internationa¬
2006 1457 3250 1522 lem Ruf auch auf Reichtum, glänzende äußere Auf¬
2003 1515 3265 1582 machung, sichtbare Resultate an. Riesige Summen
2003 1570 3265 1650 wurden aufgebracht, um Expeditionen auszurüsten,
3358 1109 4607 1209 und diese Expeditionen, so hoffte man, sollten riesige
3365 1199 4617 1262 Tempel, Paläste, goldenen Schmuck und Königsstatuen
3360 1252 4612 1317 finden: das Grab Tut-ench-Amons, die Königsgräber
3358 1309 4612 1375 von Ur, und die Paläste von Persepolis machten die
3358 1357 4607 1432 Archäologie populär, heute ist in Amerika dafür ein
3360 1412 4617 1472 ähnliches Interesse vorhanden wie für Fußball und
3360 1467 4609 1532 Ozeanflüge. Es ist Mode geworden, daß Industriekönige
3355 1525 4607 1582 und deren Witwen wissenschaftlichen Instituten große
3355 1570 4617 1645 Summen schenken, um dann als Gönner das Patronat
5368 5406 6950 5491 einer Expedition zu übernehmen. In Extraflugzeugen besuchen sie
5373 5481 6948 5578 die Ausgrabungen, und in den Museen, wo die Funde untergebracht
5376 5543 6465 5621 werden, kleben ihre Namen an den Glaskästen.\:p\
5428 5568 6935 5663 \p\Es gibt Archäologen, die sich über diesen modischen Unfug be¬
5371 5643 6935 5714 klagen, und mit einigem Recht: manche Institute publizieren Jahres¬
5371 5701 6935 5779 berichte, worin die Abbildungen der modern ausgestatteten Expedi¬
5371 5754 6935 5819 tionshäuser mehr Raum einnehmen als der eigentliche wissenschaft¬
5376 5799 6958 5906 liche Bericht. Aber man muß auch bedenken: dieser Kompromiß
7769 2071 9014 2161 zwischen materiellem und wissenschaftlichem Interesse
7769 2153 9006 2231 ist notwendig auf einem Gebiet, welches ohne mate¬
7769 2201 9019 2263 rielle Unterstützung zum Tode verurteilt wäre. Selbst
7774 2258 9016 2316 der beste Forscher kann nichts erreichen, wenn er kein
7769 2308 9006 2374 Geld hat, um Arbeiter, Instrumente und das Material
7774 2371 8996 2431 von Schaufeln und Pickeln bis zu Kisten und Papier¬
7769 2411 9008 2489 säcken zu bezahlen — dazu die Konzession, die vom
7777 2464 9006 2536 Staat bezogen wird, das Land, das den Eigentümern ab¬
7769 2524 9014 2601 gekauft werden muß: ein kleines Vermögen steckt in
7779 2576 8373 2661 einer solchen Ausgrabung!\:p\
7834 2626 9008 2699 \p\Und das «Camp» ist wie ein eigenes Staatswesen or¬
7774 2677 9006 2764 ganisiert: der Expeditionsleiter und die Assistenten bil¬
7777 2737 9014 2807 den die Regierung, eigene Handwerker, Schreiner, Bau¬
7777 2789 9006 2869 meister, Koch, Nachtwächter, Chauffeure sind vorhan¬
7779 2842 9016 2912 den, dazu die Masse der Arbeiter, deren Zahl je nach
7777 2897 9006 2969 Größe und Reichtum der Grabung von 25 bis 400 va¬
7777 2947 9026 3012 riiert. Unter ihnen gibt es wieder Abstufungen, die
7777 3002 9026 3075 sich im Lohn ausdrücken: Gelernte und Ungelernte,
7777 3062 9008 3132 Spezialisten und gewöhnliche «Korbträger», alte, er¬
7777 3110 9019 3177 fahrene Leute, die schon manche Grabungskampagne
7777 3165 9026 3235 mitgemacht haben, und Neulinge, die eine zerfallene
7777 3217 9014 3285 Lehmmauer nicht von gewöhnlichem Lehmboden un¬
7777 3267 9026 3335 terscheiden können. Sie alle zusammen bilden eben die
7789 3322 9019 3390 typische «Expedition», deren Leben, obwohl es nicht
7777 3378 9019 3450 immer so romantisch ist wie der Laie sich das vorstellt,
7782 3425 9024 3500 doch eine eigenartige Anziehungskraft ausübt: Wer
7777 3485 9019 3553 einmal «draußen» war, wird trotz Entbehrung und
7779 3538 9016 3615 Einsamkeit immer wieder in den Bereich der Ausgräber
7782 3600 8120 3683 zurückkehren.\:p\
286 2476 673 2515 \f\Schaufelarbeiter mit europäicher Kleidung\:f\
105 2689 1104 2764 \fp\Ein tüchtiger Schaufelarbeiter. Er trägt, wie die
105 2752 1107 2804 persische Regierung es vorschreibt, europäische
105 2802 1047 2852 Kleidung, aber er krempelt die Hose hoch –
105 2844 1107 2902 immer nur e in Hosenbein übrigens —, um bei
105 2892 1104 2959 den wuchtigen Bewegungen des Schaufelns nicht
103 2937 481 3022 behindert zu sein.\:fp\
1473 3756 1641 3789 \f\Junger Arbeiter aus dem Süden\:f\
1214 3943 2301 4024 \fp\Dieser junge Arbeiter stammt aus dem Süden, seine
1222 4009 2311 4064 dunklere Hautfarbe verrät es. Das Gesicht hat fast
1224 4059 2306 4106 negroide Züge. Er ist einer unserer Sänger. Im
1222 4096 2298 4164 Rhythmus der Arbeit singt er gerne einen eintöni¬
1222 4144 2308 4229 gen Vers, den die anderen Arbeiter im Chor erwidern[Die Beschreibung verknüpft weitverbreitete Stereotype über Afrikaner:innen und projiziert sie auf den jungen, vermutlich iranischen Arbeiter].\:fp\
3853 2713 4170 2751 \f\Ungelernter Arbeiter\:f\
3943 1943 4607 2033 \fp\Ein ungelernter Arbeiter: er hat
3948 2018 4597 2073 nichts zu tun, als aus einer ver¬
3943 2066 4604 2131 schütteten Abfallgrube, die sein
3943 2113 4604 2168 Kollege aushebt, den Korb voll
3948 2158 4602 2213 Erde emporzuhissen. Er benützt
3943 2213 4604 2263 dazu das primitive Instrument,
3948 2258 4604 2308 das die persischen Bauern zum
3943 2306 4612 2356 Ausheben ihrer Kanallöcher seit
3943 2349 4604 2436 Jahrhunderten verwendet haben.\:fp\
5228 4119 5576 4166 \f\Totalansicht der Grabung\:f\
4932 4522 6948 4627 \fp\So sieht eine Grabung aus: die weißen Seile dienen zur Einteilung in Felder von beispielsweise
4935 4609 6933 4680 je zehn Quadratmeter, die im Plan mit Buchstaben oder Zahlen bezeichnet werden. Im Hinter¬
4937 4649 6945 4727 grund sieht man ein Stück einer alten Lehmmauer. Die Grabung ist aber bereits bei einem
4935 4695 6948 4770 tieferen Niveau, d. h. bei einer älteren «Schicht» angelangt, die Mauergrundrisse der Gebäude,
4935 4740 6948 4815 die man jetzt freilegt, liegen unter dem heutigen Erdboden wie Kellerräume. Ueber ihnen lag
4937 4797 6925 4865 der Schutt jüngerer Gebäude, der Staub der Jahrhunderte. — Links steht ein Vermessungs¬
4935 4840 6948 4922 instrument. Das Zelt im Hintergrund dient den Ausgräbern nicht etwa als Wohnung, sondern
4935 4890 6948 4957 man bewahrt dort die Instrumente und Pläne auf, frühstückt im Schatten, — nachts hausen die
4947 4935 6948 5002 Wächter dort, die auf jeder Grabung wegen der «wilden Gräber», der Diebe, unentbehrlich sind.
4935 4987 6930 5053 Für die Assistenten ist die mühsamste Aufgabe: jedes Fundstück zu registrieren und festzu¬
4935 5035 6928 5100 stellen, an welcher Stelle und in welcher Tiefe es gefunden wurde; das ist wichtig zur Bestim¬
4935 5078 6943 5163 mung seines Alters und der Kulturschicht, der es, je nach den Fundumständen, angehört. Dazu
4935 5128 6928 5198 muß auch notiert werden, welcher Arbeiter das betreffende Stück gefunden hat, denn er be¬
4935 5175 6943 5253 kommt dafür ein «Bakschisch», eine angemessene Belohnung — so verhindert man ihn daran,
4940 5225 6297 5303 es zu unterschlagen und später heimlich im Bazar zu verkaufen.\:fp\
8094 1701 8349 1731 \f\Topograph mit Vermessungsinstrument\:f\
7902 1833 8816 1935 \fp\Täglich stellt der Topograph mit dem Vermes¬
7902 1910 8826 1998 sungsinstrument den Stand der Ausgrabung fest.\:fp\
7969 5480 8723 5567 \f\Knabe Wasserträger\:f\
7156 5836 8157 5899 \fp\Auch ein wichtiger Mensch auf dem Ausgrabungs¬
7156 5886 8172 5946 feld: der Knabe Wasserträger, der in einer alten
7156 5931 8172 5989 Benzinkanne den Arbeitern während den heißen
7161 5981 8165 6034 Tagesstunden Trinkwasser bringt. Er ist nicht über
7161 6029 8162 6092 vierzehn Jahre alt und mächtig stolz auf sein klei¬
7148 6079 8175 6139 nes Gehalt, das ihm alle 14 Tage ausbezahlt wird.\:fp\
