3602 4493
519 388 1447 493 Annemarie Schwarzenbach
1352 529 2134 631 Ein europäisches Ufer [add below: = Liebe zu Europa]
2573 539 3334 631 [add right: Thurgauer
2606 694 2821 796 erschienen.]
755 812 3185 911 \p\Die Rückkehr nach Europa ist ein sentimentales Erlebnis, dessen
522 947 3161 1057 schmerzlich-glückliche Intensität ich wieder erfuhr, als ich mit dem
531 1107 3242 1210 portugiesischen Afrika-Dampfer "Quanza" vor einigen Tagen in Lissabon
528 1243 3301 1351 landete. An Gelegenheiten, mich an dieses Erlebnis zu gewöhnen, hat es mir
510 1376 3313 1493 nicht gefehlt, da ich, allein seit Kriegsbeginn, einmal von Indien kommend
522 1529 3218 1634 in Genua eintraf, und vor etwas mehr als Jahresfrist von New York über
519 1679 3376 1782 Bermuda nach Genu Lissabon gereist bin: zu einem Zeitpunkt, als die europa¬
534 1817 3301 1922 wärts fahrenden Schiffe beinahe leer, die von Lissabon nach den Amerikas
528 1962 3301 2064 auslaufenden Schiffe hingegen überfüllt waren mit Flüchtlingen und Aus¬
543 2105 3161 2219 wanderern aller Nationen, Massen und Klassen, die dem gefährdeten, und
522 2248 3286 2359 erschöpften Europa den Rücken kehrten, um drüben in den neuen Erdteilen
534 2391 2752 2502 des Westens Frieden, Sicherheit, und Prosperität zu finden.\:p\
528 2535 3349 2649 \p\Aber die Ausfahrt dieser Schiffe, der Abschied auf dem Quai und die stum¬
561 2681 3394 2789 me Masse der Passagiere an der Reeling des langsan vom Ufer weggleitenden
576 2827 3266 2932 Dampfers, waren immer herzzerreissende Bilder. Fast noch eindrucksvoller
546 2974 3266 3085 war meine Abreise von Lissabon nach Afrika, vor nun elf Monaten: sei es,
522 3117 3313 3222 weil die nach Afrika verschlagenen europäischen Emmigranten ihr Schick¬
537 3254 3355 3359 sal als ungleich ungewisser und herber empfanden, als die Glücklichen, die
534 3395 3194 3517 ein amerikanisches Visum besassen, – sei es, weil auch die Portugiesen,
528 3550 3352 3655 Franzosen, Belgier oder Briten, die in die Kolonien gingen, um einen Posten
537 3693 3355 3798 anzutreten oder eine Stelle anzutreten, mit einer Abwesenheit von langen
543 3830 3280 3935 Jahren rechnen mussten, sei es, weil die allgemeine Unsicherheit dieser
534 3974 3310 4079 Kriegszeiten jeden Entschluss und jede Unternehmung zu einem vielleicht
540 4111 2191 4222 unwiderruflichen, tragischen Wagnis machen.\:p\
620 487 3328 553 Tatsächlich ist die Rückkehr nach Europa nicht Allen[sic], – ja, nicht Vielen[sic]
582 588 3310 705 beschieden. Ich habe [add above: mich] den afrikanischen Kolonien selber während Mona¬
600 732 3272 869 ten an den Gedanken gewöhnen müssen, fast vollständig von der Heimat,
603 894 3355 1015 von Europa, und in grossem Masse auch von Amerika, abgeschnitten zu sein,
576 1028 3131 1146 und habe Andere unter der Tatsache ihres Exils sehr leiden sehen.
573 1170 3337 1287 \p\Das Radio, das die Stimmen von fernen Städten und Kriegsschauplätzen zu
594 1317 3292 1419 uns trug, wirkte nicht tröstend, sondern eher verwirrend, und vor allem
594 1457 3337 1571 abstumpfend. Man konnte [add above: sich], während man in einem engen Lebenskreis gefangen
585 1597 3337 1714 sass, wo man um seine Geschäfte, seine Stellung und Gesundheit, und gegen
582 1741 3269 1867 das erschlaffende Klima kämpfte, die Realität und Tragweite von Ereig¬
591 1893 3364 2004 nissen nicht immer ins Bewusstsein rufen, die man als Echo aus dem Radio
597 2030 3179 2150 vernahm. Dieses beständige Echo aber erschwerte es, sich mit den uns
588 2185 3373 2299 gesetzten Grenzen abzufinden, und sich ein Leben dort einzurichten, wohin
588 2323 2540 2443 man durch die Zufälle des Schicksals gestellt war.\:p\
585 2469 3227 2586 \p\Und doch lebte man auch dort. Man lebte, zum Beispiel in den Kolonien
576 2613 3242 2734 Aequatorialafrikas, in denen ich mich aufhielt, nicht einmal schlecht, [add inline: .]
582 2748 3361 2884 v[add inline: V]iele kriegswichtige Produkte, vor allem Metalle, fanden erhöhten Absatz,
600 2899 3370 3022 Südafrika sprang für die Lieferung von Nahrungsmitteln, Medikamenten, und
597 3042 3289 3171 vielen anderen Dingen ein, die von Europa nicht mehr geschickt wurden,
585 3189 3337 3311 und das gesamte Wirtschaftsleben der Kolonien, das nun nicht mehr vom
579 3341 3048 3458 Mutterland dirigiert werden konnte, erhielt durch die notwendige
609 3477 3412 3598 Umstellung und Verselbständigung einen ungeheuren Auftrieb. Das Klima war
594 3610 3334 3744 schwer zu ertragen, aber man hatte es schon früher ertragen, und da die
606 3762 3340 3894 Europa-Urlaube jetzt ausfielen, entdeckte man das Kap, und die Berge des
588 3908 2889 4031 Kivu und Ituri für herrliche, und gesunde Ferienaufenthalte.\:p\
1544 310 1661 342 –3–
600 435 3376 546 \p\Neben den noch jungen, und daher rückstandigeren, und vom Klima besonders
603 569 3373 704 benachteiligten Kolonien Aequatorialafrikas gibt es im dunklen Erdteil,
609 723 3454 837 wie in allen Kontinenten, Gebiete, wo der Europäer sich an[add inline: zu]passen, und leicht
597 863 3304 980 zu leben vermag. Die Südafrikanische Union besonders ist ein "Land des
603 1008 3415 1117 weissen Mannes" geworden, dessen Entwicklung manche Aehnlichkeit mit der¬
617 1166 3266 1272 jenigen Nordamerikas zeigt. Man kann wohl, inbezug auf die europäische
597 1308 3304 1416 Menschheit, von einer "Dezentralisation" sprechen, – und nie so wie seit
600 1445 3367 1553 dem zweiten Weltkrieg gewöhnt man sich daran, Zentren unserer Zivilisa¬
615 1596 3278 1705 tion in New York und Argentinien, in Sidney oder Capetown oder Indien
594 1742 3230 1848 zu finden. Woher nährt sich also heute noch das Heimweh nach Europa?\:p\
1522 1886 3275 1994 \p\Denn man kann auch die Frage stellen, wo die
597 2035 3310 2138 Grenzen Europas zu suchen seien: extreme arabische Nationalisten haben
600 2176 3200 2285 für ihr neuzubildendes arabisches Reich Ansprüche auf Cordova und
597 2316 3418 2425 Granada formuliert, der Balkan war lange türkisch, in der Musik, der Archi¬
606 2463 3352 2574 tektur, der Kleidung und manchen Gebrauchen in Portugal erkennt man die
620 2609 3352 2714 maurische Vergangenheit, mitten in Europa, in Ungarn, wohnt ein den Indo¬
603 2743 3427 2861 europaern nicht verwandtes Steppenvolk, aber im asiatischen Syrien stehen
609 2898 3436 3007 griechische Säulen: Und hätte man mich vor die Frage gestellt, ob ich als
600 3047 3448 3156 aussereuropäisches Exil Syrien oder die Vereinigten Staaten wählen würde,
615 3182 1788 3297 ich hatte mindestens gezögert.\:p\
600 3338 3442 3443 \p\Man sagt heute leicht, "Europa sei fertig", oder vorsichtiger ausgedrückt,
626 3460 3257 3574 es sei an einem Wendepunkt seiner Geschichte, und am Ende seiner Vor¬
623 3615 3384 3723 herrschaft. Und wie oft habe ich die Folgerung gehört: "Warum also, selbst
615 3759 2809 3867 als Weisser, selbst als Europäer, in Europa leben wollen?"\:p\
641 3893 3260 4013 Und doch habe ich wohl nie unter einer zufällig zusammengekommenen
617 4039 3397 4183 Gruppe von Menschen verschiedener Herkunft und mit verschiedenen Zielen
626 528 3242 646 eine so starke, ergreifende, gemeinsame Freude erblühen sehen, wie auf
615 670 3391 797 den Gesichtern der Passagiere des "Quanza", als wir eines Tages endlich,
606 807 3164 922 in der Morgenfrühe, das erste Felsenriff der portugiesischen Küste
606 952 1050 1072 erblickten.
606 1107 3355 1228 \p\Viele unter diesen Passagieren wussten noch nicht, was nach der Landung
606 1250 3164 1359 in Lissabon aus ihnen werden würde. Viele wussten nicht, in welchem
606 1393 3242 1502 Zustand sie ihre Heimat, und ob sie ihre Angehörigen, ihre Eltern, ihr
600 1540 3388 1658 Haus wiederfinden würden. Andere kamen zurück, nur um wieder in den Krieg
606 1680 3206 1801 zu gehen. Aber das Glück, die europäische Küste zu sehen, war grösser
609 1835 3325 1938 als alle Sorgen, die sie in diesem Europa erwarten mochten. Und Niemand[sic]
612 1974 3433 2084 schien, unter den Nicht-Portugiesen, daran zu denken, dass Portugal so gut
606 2114 3466 2228 zum "Ausland" gehöre, wie etwa Mozambique, Pointe Noir, oder woher sie immer
609 2254 1206 2371 konmen mochten.\:p\
612 2408 1979 2520 \p\Was war sie, diese Liebe zu Europa? –\:p\
615 2562 3400 2665 Das Licht hatte damit zu tun, die Fröhlichkeit des Windes, die[sic] Weisse der
606 2693 3391 2799 ziehenden Wolken, der Sammetglanz der warmen milden Sonne auf den leuch¬
612 2827 3322 2950 tenden, sanft aufsteigenden Hügeln. Man sah Strassen und Strässlein, und
626 2986 3349 3091 wanderte ihnen im Geiste entlang, über Frühlingswiesen. Man sah Windmüh¬
606 3126 3364 3237 len von Ferne, und vernahm im Geiste ihr lustiges Segelknattern. Man sah
629 3259 3430 3377 eine erste, altersgraue Kapelle, das Barockportal eines Klosters, und hörte
620 3411 3280 3537 schon die Glocken, die zum Abendsegen riefen. Man sah Möwen, Schwalben,
620 3547 3283 3673 dahingleitende Fischerboote, und rötliche, dampfende Ackerschollen. Die
609 3694 3301 3812 Stadt stieg auf, mit Quaimauern, Markthallen und Treppen im Meer veran¬
615 3834 3260 3961 kert, gekrönt mit den Zinnen der arabischen Burg, den massiven Türmen
620 3977 3304 4100 der Kirche, wo portugiesische Könige ruhen. Und aus den steilen Gassen
632 4117 3280 4261 brandete das Leben der Stadt, und von den tiefgrünen Hügeln grüssten
1543 187 1671 293 –5–
591 472 3227 601 Bauern, und auf der Strasse am Tajoufer trabten Pferde und Maultier¬
600 625 3340 737 gespanne. Die Ermüdung der langen Reise fiel von uns ab, und war verges¬
603 768 3295 871 sen wie die schlaffe Luft der Tropen, wie das Gefühl der Lähmung, unbe¬
609 908 3310 1016 kannten Sonnen, Gefahren, Schicksalen preisgegeben zu sein. Ich betrach¬
606 1051 3161 1159 tete mit Erstaunen die veränderten Gesichter meiner Mitreisenden:
609 1202 3197 1308 sie schienen sich nicht mehr zu fürchten, es war, als habe der erste
594 1349 3197 1452 Hauch vom europäischen Ufer sie gestärkt und genährt, und ein lange
614 1489 3125 1595 vergessenes Vertrauen zu sich und zur Welt, eine lange vergessene
612 1632 1940 1741 Lebensfreude sei in ihnen erwacht.
695 1775 3194 1884 \p\Es ist eine ernste, von der Wissenschaft immer unvollständig beant¬
623 1922 2462 2031 wortete Frage, was der Mensch zum Leben brauche [Bezug auf Spaziergang in Portugal].\:p\
623 2068 3209 2174 \p\Gleich nach der Landung in Lissabon nahm ich einen Vorortszug nach
638 2202 3364 2311 Estoril hinaus, und ging, eine Stunde später, vom Golfplatz aus durch den
626 2346 3260 2455 Fichtenwald, den windbestrichenen Hügelkämnmen entlang, durch rötliche
614 2492 3406 2598 Aecker, über feuchte, duftende Wiesen. Ich hätte mich fragen können, ob ich
609 2632 3343 2747 in den Schären Schwedens sei, in den Hainen der Balearen, am Strand von
629 2770 3221 2888 Südfrankreich, in den Heiden nahe der Nordsee, – was mich umgab, waren
626 2917 3364 3031 die leise Luft, der herbe Wind, die zarten Farben, die zärtliche Nähe und
632 3057 3316 3183 blaue, sehnsüchtige Weite des europäischen Vorfrühlings. Ich sagte mir,
662 3201 3260 3314 dass ich bald hinter diesem friedlichen Bild ein anderes, geprüftes
635 3343 3334 3461 Europa antreffen würde. Aber der Hirt im groben Filz, der mir, im Abend-
623 3486 3292 3601 licht, mit seinen Schafen auf dieser kargen, steinigen Weide entgegen¬
626 3629 3185 3750 kam, wie ein zeitloser, ewiger Wanderer, – und das ernste, und doch so
638 3785 3343 3891 heitere Läuten eines nahen Dorfkirchturms, – ich würde sie immer wieder
641 3925 2761 4037 finden, in jedem unserer trotz allem gesegneten Länder!\:p\
1928 4131 2761 4243 (Estoril, 20. April 42)
