3837 5669
824 1053 1850 1197 Die Weihe der Schiffe
204 1184 945 1261 \p\Vor wenigen Tagen lagen die Schiffe der "pé¬
160 1256 945 1302 cheurs de la morue» noch unbeachtet an den klei¬
164 1288 945 1332 nen, anonymen Docks, in geschützten Winkeln, an
166 1327 945 1378 primitiven Holfstegen, neben Lagerschuppen und
164 1368 945 1400 den bescheidenen Wohnungen der Fischer im Ha¬
164 1404 945 1446 fen von Lissabon, wo sie mit abgetakelten Segeln,
164 1441 945 1482 mit grossen Planen notdürftig zugedeckt, teilweise
164 1479 929 1523 die hölzernen Rümpfe halb an Land gezogen, den
160 1509 945 1559 langen Winter überdauert hatten. Seit dem Monat
160 1553 944 1601 September lagen sie da, dem Zeitpunkt ihrer
164 1589 929 1634 glücklichen Rückkehr aus dem Hohen Norden
160 1626 938 1672 nach mühsamen, jedoch glücklichen Fischzügen.
160 1663 927 1704 Die jungen Seeleute, Matrosen, Fischer, Einsalzer
164 1700 931 1746 und Köche, hatten den Fang des Sommers Tonne
169 1740 927 1781 um Tonne abgeliefert, und waren dann leichten
160 1777 931 1823 Herzens an Land gegangen, die Brücken hinter
160 1814 931 1851 sich abbrechend, als sei es für immer und sie wür¬
160 1850 927 1898 den die von Meersalz ausgelaugten Decks ihrer al¬
166 1888 657 1939 ten Schiffe nie wieder betreten.\:p\
190 1914 927 1974 \p\Jetzt, in den letzten Apriltagen, sind sie zurück¬
166 1969 927 2011 gekehrt. Die meisten kamen freiwillig, weil ihre
160 2006 925 2052 Taschen leer waren, weil sie des sinnlosen Kreis¬
158 2047 924 2090 laufs der Stadt müde, sogar des Geschmacks des
164 2078 931 2131 Weins, und des frischen weissen Brotes, überdrüs¬
155 2119 898 2160 sig waren. Wochenlang hatten sie es genossen, –
164 2154 929 2195 von einer Kneipe zur anderen, einem Kaffeehaus
155 2197 922 2237 zum anderen zu gehen, ihre Escudos auszugeben,
164 2227 929 2279 endlose Gespräche zu führen, den Grammophons
164 2266 931 2311 und Lautsprechern zu lauschen, Kinos zu besuchen,
160 2303 925 2357 Zeitungen zu lesen. Wochenlang hatten sie dann
164 2340 929 2391 nach Arbeit gesucht, und waren wieder im Kreise
160 2381 927 2421 gelaufen, hatten da und dort halt gemacht, Hand¬
160 2418 931 2459 langerdienste getan, Früchte verkauft, sich als
155 2455 927 2503 Fremdenführer angeboten, oder von Frauen aus¬
155 2494 934 2538 halten lassen. Viele Abende lang hatten viele von
160 2531 925 2569 ihnen an fremden Herdfeuern zugebracht, um
160 2564 919 2609 einen Teller Reis und Meerfrüchte zu essen, wäh¬
164 2607 929 2646 rend im Hof vor der offenen Türe Hühner schrien
160 2643 927 2692 und Kinder anderer Leute sich umhertrieben. War
155 2679 933 2720 ihr eigenes Kind darunter, dann verfing sich der
160 2722 931 2759 gelangweilte Blick an diesem schwarzlockigen
155 2757 933 2796 Knaben, diesem kleinen, wilden Zigeunergeschöpf,
155 2789 947 2835 dieser herrenlosen Waise,— und die Qual und
158 2832 945 2882 Unrast wurde noch grösser. Denn sie waren keine
160 2867 901 2909 Herren, die an Land verschlagenen Matrosen, –
160 2905 945 2946 heimatberechtigt höchstens bei einer alten Mutter,
155 2940 945 2979 die schwerhörig war und sie kaum mehr erkannte,
155 2975 945 3009 oder die weit oben im Norden in einem Dorf
164 3012 945 3069 wohnte, wo kein Schiff anlegen konnte. Wollte
157 3060 922 3100 man endlich dorthin, dann war es meistens zu spät,
155 3092 945 3126 das letzte Geld ausgegeben, und die Zeit der neuen
153 3127 945 3172 Ausfahrt nahe. Und so blieb man an Land wie ein
155 3161 945 3205 Gast, bewundert zuerst, oft geliebt, häufiger ge¬
155 3203 920 3247 duldet, und das Essen schmeckte nicht mehr, im
164 3245 945 3286 Albtraum des zu schweren, von zu vielen Gerü¬
155 3277 945 3313 chen, Geräuschen, eilenden Füssen und Hufschlä¬
155 3314 945 3351 gen genährten Schlafs erschienen brüchige Eis¬
155 3347 945 3393 flächen und die flammend blauen Horizonte des
155 3390 920 3425 fernen Nordens. Im Erwachen dachte man daran,
155 3428 945 3477 wie man sie verflucht hatte, noch vor kurzer Zeit.
155 3463 945 3502 Und erinnerte sich heillos gerührt, «ja, gestern
157 3503 945 3545 noch, da stürzten Sturzwellen über unser Deck, wir
942 1189 1736 1262 zogen die Segel ein, und hielten uns fest an den
942 1258 1736 1315 Tauen, — und am nächsten Morgen glänzte das
942 1290 1713 1331 von Eisschollen bedeckte Meer unsinnig, die Kälte
942 1325 1716 1385 war mitten im Sommer so gross, dass wir fürch¬
942 1366 1736 1401 teten, unser Kahn würde einfrieren, und wir wür¬
942 1401 1736 1453 den nie mehr in diesem Leben zurückkommen nach
942 1436 1115 1487 Lissabon».\:p\
982 1459 1736 1529 \p\Jetzt also, am vorletzten Apriltag, finden sich
942 1516 1736 1579 alle wieder zusammen am Bootssteg, die meisten
942 2763 1736 2835 von ihnen freiwillig. Die Restlichen sind meer¬
942 2821 1736 2874 scheue Gesellen, Arbeitslose, von den Behörden
954 2867 1736 2908 rekrutiert wie zum Militärdienst, und man schüt¬
942 2906 1736 2951 telt ihnen gutmütig die Hand. Da fühlen sie sich,
942 2943 1736 2991 an Deck, schon wohler, und stellen sich an wie sie
942 2974 1736 3020 können, zum Aufrollen der Taue, beim Ausbreiten
942 3012 1736 3065 und Flicken der zerknitterten Segel, beim Strei¬
957 3057 1704 3098 chen der kleinen, zu je sechs übereinander ge¬
942 3095 1736 3125 schichteten Boote, die sie zuerst für Rettungsboote
942 3123 1736 3176 halten. Man muss es ihnen erklären: «in jedem ist
942 3166 1736 3214 Platz für nur einen Mann, am frühen Morgen,
954 3201 1736 3256 dort oben im Norden, lässt man sie in das Meer
942 3240 1736 3284 hinab, dann fährt jeder allein aus zum Fischen,
942 3277 1709 3328 und da meistens dichter Nebel herrscht, kann er
942 3313 1736 3359 sich während der Arbeit nur nach den Sirenen des
942 3344 1736 3402 Mutterschiffes orientieren. Wenn das kleine Boot
957 3387 1736 3429 mit dem Fang gefüllt ist bis zum Rand, fährt es
942 3428 1736 3475 zurück, — wie?, — mit seinen Rudern, mein Gu¬
942 3463 1736 3514 ter!, — und wird wieder an Bord geholt. Ja, das ist
942 3499 1716 3551 unser Leben, dort oben, im Glanz der Mitternachts¬
1732 1217 2501 1274 sonne ...» — Da horchen die Neuen auf, und wer¬
1732 1257 2503 1322 den stolz und sehnsüchtig, und gehören schon zu
1754 1299 1814 1329 uns.\:p\
1772 1306 2506 1387 \p\Eines Morgens ist dann die ganze Fläche des
1732 1372 2498 1414 Hafens von Lissabon, der eigentlich ein breiter
1731 1415 2500 1459 Fluss ist, von grossen, weissen Segeln bedeckt.
1745 1449 2498 1492 Die langsam dahingleitenden Schiffe der «pêcheurs
1732 1488 2489 1538 de la morue» sehen aus wie ruhevolle Seevögel,
1732 1522 2492 1570 welche die Flügel regen, um sich bald zum Flug
1745 1562 2498 1605 zu erheben. Von den stolzen Masten ringsum zur
1739 1588 2495 1640 Reeling spannen sich Taue mit Hunderten von bun¬
1748 1636 2506 1672 ten Wimpeln, die dem Anblick der majestätisch
1743 1674 2498 1717 gewölbten Segel ein festliches und freudiges Ge¬
1745 1709 2506 1754 präge geben. Die neuen Schiffe sind natürlich
1745 1749 2498 1787 weiss, geradezu glänzend, aber die alten übertref¬
1748 1785 2498 1827 fen sie noch an Pracht, und ihre frischgescheuer¬
1745 1823 2501 1863 ten Decks, und die wehende Ordnung ihrer dem
1745 1857 2495 1902 Wind sich darbietenden zehn- und zwanzigfältigen
1743 1895 2498 1944 Segelflächen erinnert haarscharf an die alten, stol¬
1745 1935 2498 1976 zen Bilder der Schiffe Heinrichs des Seefahrers,
1745 1971 2501 2020 die einst an einem sicher ähnlichen Morgen vom
1743 2008 2464 2053 Turm von Belem ausfuhren, als Welteroberer.\:p\
1774 2045 2504 2086 \p\Alle Seeleute stehen an Bord, in ihren besten
1743 2082 2498 2130 Anzügen aus rauhem, dunkelblauem Tuch. Sie
1743 2119 2499 2163 stehen neben den aufgeschichteten, kleinen Booten
1743 2160 2498 2201 auf deren dünnen Lattenwänden wieder und wie¬
1748 2196 2506 2243 der, in frischer Oelfarbe, der Name des Schiffes
1743 2233 2501 2289 steht: «Santa Maria Madalena, Santa Maria Ma-
1745 2271 2506 2310 dalena», ... so oft, dass es sich von der Beschwö¬
1743 2308 2495 2349 rung zum Triumph erhebt. — So sind sie da, die
1743 2347 2508 2388 stolzen Schiffe, vereint wie zu einem Fest, aber in
1745 2383 2495 2423 gemessenem Abstand aneinander vorübergleitend
1745 2417 2506 2457 und eigentlich, um die ernste Weihe des Bischofs
1736 2455 2498 2499 zu empfangen in der letzten Stunde vor der er¬
1745 2492 2506 2537 neuten, einsamen Ausfahrt, die immer wie die ein¬
1743 2527 1972 2582 zige erscheint.\:p\
1774 2555 2501 2606 \p\Am Strand schwenken sie Tücher und Weih¬
1745 2606 2498 2647 rauchfässer, Qualm trübt die eben noch im Früh¬
1745 2643 2504 2687 licht scharf umrissene Menge der Hausdächer, die
1739 2679 2495 2724 Schornsteine, die in wolkenloser Helle wie in der
1743 2713 2508 2759 Kälte einer blauen Nordnacht hervorgetretenen
1743 2753 2498 2798 Hügel hinter der Stadt, Lissabon. Bald wird es
1732 2791 2504 2832 Porto sein, bald in der Ferne Bilbao, bald nichts
1732 2828 2506 2872 mehr. Während in violetter, samtener Robe der
1732 2862 2506 2917 Priester das Kreuz hebt, strebt jeder Bug von allen
1732 2894 2504 2963 wie von unhörbarer und unsichtbarer Windkraft
1732 2940 2506 2986 getragenen Schiffen schon langsam der Hafen¬
1732 2970 2501 3016 mitte, dann den von Grün gesäumten Flussufern,
1732 3007 2506 3070 dem offenen Ozean zu. Und keiner der an der
1743 3049 2501 3098 Reeling stehenden Männer dreht sich mehr um,
1732 3088 2506 3141 was immer sie zurücklassen, Gram und Liebe, eine
1732 3120 2504 3163 Mutter, ihr Kind, die Geliebte, oder nichts als
1731 3162 2506 3204 Schulden, eine Enttäuschung, eine ungestillte Hoff¬
1732 3199 2495 3240 nung, — der Abschied eines jeden ist überstan¬
1732 3237 2504 3279 den, es öffnet sich das Meer, und sie sehen dem
1745 3277 2501 3315 Nichts entgegen der ersten Nacht, bald der Kälte,
1732 3311 2498 3353 Fremde, dem sogenannten Hohen Norden, wo Eis¬
1732 3348 2506 3392 treiben das Schiff anhalten, Nebel und Schneefall
1732 3382 2498 3434 den Blick hemmen, das tägliche Dasein vielen Ge¬
1732 3426 2506 3471 fahren trotzen, die erstarrte Hand allein trotz al¬
1732 3458 2444 3511 lem das Steuer und Ruder noch halten wird.\:p\
1975 3497 2513 3543 Annemarie Clarac-Schwarzenbach.
1090 2668 1428 2707 \f\Federzeichnung [von Eugen Früh]\:f\
