4294 7158
419 4461 985 4535 Der Brand des „Orazio“
459 4515 952 4582 Von \g\Annemarie Clark\:g\
739 4543 1129 4606 \g\Genua\:g\, 23. Januar.
307 4585 1146 4638 \p\Unser „Conte Biacamano" ist heute vormittag end¬
250 4627 1172 4672 lich in den Hafen von Genua eingelaufen. Die Stadt
256 4669 1172 4710 leuchtet im Sonnenlicht, als fließe Gold von ihren
252 4700 1173 4740 Hügeln herab, und das Meer ist blau und still, als
258 4738 1173 4780 sollte uns geholfen werden, den Schrecken der letzten
256 4772 1172 4816 achtundvierzig Stunden zu vergessen. Wir sind mit
258 4798 1173 4840 fünf Tagen Verspätung eingetroffen, schon von Bom¬
250 4832 1172 4880 bay fuhren wir am siebten statt am sechsten Januar
258 4874 1173 4922 ab, in Aden wurden wir aufgehalten, und kaum hatten
250 4905 1172 4942 wir die Hafenzone von Port Said verlassen, wurden
250 4942 1172 4983 wir von den Engländern nach Haifa dirigiert. Am
265 4974 1172 5011 21. Januar hätten wir dann doch in Genua sein sol¬
250 5009 1172 5054 len, aber als wir aufwachten, stellten wir fest, daß wir
252 5045 1173 5088 unseren Kurs wieder geändert hatten, und offenbar
250 5081 1172 5114 mit voller Geschwindigkeit nach Westen fuhren. Unter
256 5112 1172 5155 den Passagieren verbreitete es sich rasch, daß ein ande¬
262 5146 1172 5180 rer Dampfer des Lloyd Triestino in der Nähe von
258 5181 1173 5218 Toulon in Brand geraten sei und ungefähr um acht
252 5208 1173 5248 Uhr die letzten SOS-Rufe ausgeschickt habe. Gegen
256 5249 1172 5279 Nachmittag wurde es sehr kalt, und der Seegang war
258 5279 1173 5323 so stark, daß die Stühle in den Salons weggeräumt
258 5318 1173 5356 werden mußten. Auf dem von Regen und Wind ge¬
250 5347 1172 5392 peitschten obersten Deck machten die Matrosen die fünf
252 5386 1173 5429 größten Rettungsboote bereit. Es wurde beinahe fünf
252 5417 1173 5463 Uhr und begann schon zu dunkeln, als wir endlich vor
250 5449 1172 5486 uns den brennenden „Orazio“ auftauchen sahen. Wir
258 5483 1173 5521 fragten uns, wie man nachts, und bei diesem Seegang,
252 5514 1173 5565 die Boote würde aussetzen können. Aber als wir dem
256 5547 1172 5595 „Orazio“ näherkamen, und das Wrack mit gähnenden
262 5585 1172 5630 Masten ganz in rötliche Lohe und ungeheure schwelende
256 5619 1172 5665 Rauchwolken gehüllt, sichtbar wurde, sagten wir uns,
252 5654 1152 5701 daß hier überhaupt nichts mehr zu retten sei. Es schien
250 5689 1173 5730 undenkbar, daß sich an Bord des brennenden Schiffes
256 5721 1172 5759 noch eine lebende Seele befinden könne. Manchmal er¬
262 5755 1172 5795 hellten große Stichflammen das verheerte Deck, die
250 5780 1172 5823 leeren Träger der Rettungsboote ragten schwankend
250 5822 1172 5857 aus dem Feuerkreis hervor, das Schiff schaukelte auf
250 5857 1173 5901 den starken Wellen, als treibe es schon undenklich lange
256 5895 1173 5933 führerlos in der uferlosen Nacht umher. Trotzdem
256 5926 1172 5972 wurden auf dem „Biancamano“, kaum daß die Maschi¬
256 5960 1159 5997 nen still standen, die beiden ersten Boote ausgesetzt.
256 5999 1155 6036 Freiwillige, — Matrosen, Stewards, Köche in ihren
258 6024 1173 6077 weißen Mützen, alle ihre Schwimmwesten umgebunden,
1186 4458 2102 4501 ließen sich an Stricken hinunter und setzten sich an die
1182 4496 2100 4543 Ruder, die sich in den Wellen bogen wie Schilf. Das
1186 4530 2078 4572 erste Boot, gegen den Wind ankämpfend, bewegte sich
1186 4568 2102 4600 langsam auf das brennende Wrack zu, wurde von
1192 4600 2102 4640 Wellenbergen emporgehoben und von schwarzen Ab¬
1169 4630 2102 4678 gründen verschluckt, tauchte wieder auf, und verschwand
1169 4669 2102 4709 endlich im Rauchmeer an der Seite des „Orazio“. Nach
1169 4703 2102 4735 langer, sehr langer Zeit erschien es wieder in einer von
1169 4738 2102 4779 unseren Scheinwerfern ausgeworfenen Lichtstraße, und
1169 4775 2103 4814 fast eine Stunde verging, bevor es sich, schrecklich hin¬
1169 4801 2102 4844 und hergeschleudert, an die gewaltige Wand unseres
1169 4832 2078 4888 Dampfers legte. Die Matrosen schienen erschöpft und
1169 4867 2102 4912 durchnäßt. Der junge Offizier an der Spitze des Boots
1168 4911 2102 4955 war ohne Mütze und hielt seinen offenbar gebrochenen
1168 4941 2102 4988 oder gequetschten Arm an den Körper gepreßt. Dann
1169 4970 2084 5021 sah man plötzlich im Bootsgrund kleine Bündel liegen,
1169 5005 2044 5048 da und dort ein zerzaustes Köpfchen sich erheben,
1169 5034 2102 5084 es waren Kinder, nichts als Kinder, und die Ruderer,
1169 5075 2102 5128 die gespreizten Beine zwischen Bootswand und Bänke
1169 5107 2078 5146 gestemmt, hoben sie auf und reichten sie bis zur offenen
1169 5137 2102 5190 Luke in unserer Bordwand, wo sie von hilfsbereiten
1169 5170 2102 5219 Armen ergriffen und ins Innere des Dampfers ge¬
1169 5207 2102 5258 zogen wurden. Endlich stiegen die Ruderer an Stricken
1168 5242 2102 5290 aus dem Boot, und wurden sofort durch neue Frei¬
1169 5272 2102 5324 willige ersetzt. Während sie sich losstießen, näherte sich
1169 5310 2102 5348 schon das zweite Rettungsboot mit seiner furchtbaren
1169 5345 2102 5392 Last. Es waren diesmal nicht nur Kinder, — Frauen,
1169 5388 2103 5425 die meisten nur im Nachthemd, viele mit blutüberström¬
1169 5413 2102 5465 ten Gesichtern, wurden wie leblos aufgehoben, ihre
1169 5439 2075 5497 Füße schleiften über die Bänke, schlugen gegen die
1169 5474 2102 5523 Wand — andere griffen kraftlos zwei-, dreimal nach
1169 5514 2102 5557 den Stricken, fielen wieder zurück —, noch andere er¬
1169 5546 2102 5584 hoben sich plötzlich vom Boden und drängten sich wie
1169 5582 2102 5626 Wahnsinnige an den Matrosen vorbei zur hellerleuch¬
1169 5619 2102 5658 teten Luke. Aber alle wurden schließlich herausgehoben.
1199 5651 2100 5693 — Und so kam Boot um Boot, und fuhr wieder hin¬
1169 5686 2102 5731 aus, man sah sie im Licht der Scheinwerfer auf- und
1169 5718 2102 5751 abgeschleudert zwischen sich überstürzenden Wellen, als
1169 5750 2102 5792 sie näher kommen, erkannte man zwischen den mit ganzer
1169 5788 2102 5821 Kraft rudernden Matrosen die Masse zusammenge¬
1169 5821 2102 5867 drängter, halb ohnmächtiger, kaum mit ein paar ver¬
1169 5849 2084 5898 brannten Fetzen bekleideter Körper, und sah, wie sie
1169 5889 2102 5925 endlich aufgehoben, gestützt, durch die Luke gezogen
1169 5932 1570 5971 wurden, gerettet waren.\:p\
1228 5933 2100 6002 \p\Inzwischen war das Innere der ganzen „Bianca¬
1169 5992 2102 6031 mano“ in ein Lazarett verwandelt. In den großen,
1169 6025 2102 6075 leeren Salons saßen schweigend vereinzelte Passagiere,
2097 4460 3032 4502 rauchend, oder spähten durch die Fenster auf das nächt¬
2097 4495 3032 4538 liche Meer hinaus, wo der „Orazio“ jetzt in lodernden
2127 4532 3002 4570 Flammen stand. In den Gängen liefen Stewards,
2097 4559 3032 4610 Zimmermädchen, hilfsbereite Reisende wortlos anein¬
2097 4599 3032 4640 ander vorüber, die einen mit einem fast leblosen Kind
2097 4630 3032 4672 in den Armen, die anderen mit Verbandstoff, mit Tee¬
2097 4668 3032 4706 kannen, Bettzeug. Neben der Eingangsluke standen
2097 4693 3032 4744 wartende Seeleute, bereit, die Neuangekommenen in
2097 4735 3032 4783 Empfang zu nehmen, vor dem Spital stützte man ver¬
2097 4770 3032 4818 wundete Männer, humpelnde, verstörte Frauen, — die
2097 4803 3009 4844 Gesichter der Unglücklichen waren schwarz, oft wie mit
2125 4839 3032 4875 Pockennarben bedeckt, ihre Augen geschwollen und ge¬
2097 4865 3012 4909 rötet, oft in qualvollen Schmerzen geschlossen und wie
2097 4905 3032 4943 erblindet. Und ununterbrochen wurden aus dem klei¬
2097 4943 2793 4984 nen Arztzimmer Bahren herausgetragen.\:p\
2161 4967 3032 5017 \p\Wir gingen von Kabine zu Kabine. Da mußte ein
2097 5005 3032 5048 Kind bewacht und getröstet werden, dort ein Verband
2097 5041 3032 5100 angelegt, Augen mit Borwasser gekühlt, heißer Tee ein¬
2097 5073 3032 5115 geflößt werden. Und immer mehr Frauen gab es, die,
2119 5107 3032 5146 zum Bewußtsein gekommen, nach ihrem Mann, ihrem
2097 5143 3002 5183 Sohn, ihrem kleinen Kind verlangten. Manchmal ge¬
2097 5171 3032 5218 lang es, ein Kind ausfindig zu machen, das schon
2097 5212 3032 5255 irgendwo in einer Kabine in tiefem Schlaf lag. Man
2097 5243 3032 5281 trug es in eine Wolldecke gehüllt zur Mutter. Die Sze¬
2097 5277 3032 5323 nen solchen Wiedersehens waren unbeschreiblich. Aber
2097 5313 3032 5352 ebenso oft war es nicht möglich, das Kind, den Bru¬
2097 5342 3032 5389 der, den Mann zu finden. Einige Babies blieben ohne
2097 5380 3032 5420 Eltern. Und es gab Mütter, die schon wußten, daß ihr
2097 5415 2574 5465 Kind erstickt, verloren war.\:p\
2161 5444 3032 5490 \p\Der „Orazio“ hatte etwa 650 Personen an Bord,
2097 5465 3032 5520 davon etwa fünfhundert Passagiere. Er sollte über
2097 5511 3032 5554 Barcelona nach Venezuela, und der Südküste Süd¬
2097 5549 3032 5581 amerikas entlang bis nach Chile fahren. Ein großer
2097 5578 3009 5618 Teil der Passagiere waren jüdische Emigranten. Sie
2097 5610 3032 5646 hatten durch die Katastrophe des „Orazio“ ihr Letztes
2097 5644 3032 5699 verloren. — Eine sechzigjährige Frau, die so verstört
2097 5682 3032 5723 war, daß wir lange nicht einmal ihren Namen von ihr
2097 5717 3032 5763 erfahren konnten, fragte plötzlich mit beinahe schüch¬
2097 5751 3009 5792 terner Stimme nach ihren beiden Söhnen. Sie warer
2097 5781 3032 5821 unauffindbar. Sie sagte uns, daß heute ihr Geburts¬
2097 5815 3032 5873 tag sei, und daß sie nun nichts mehr auf der Welt habe.\:p\
2148 5857 3009 5894 \p\Ich lernte im Laufe der Nacht und des nächsten Tages
2097 5889 3032 5925 furchtbare Schicksale kennen. Wir mußten uns diese oft
2106 5918 3033 5969 ganz leise gesprochenen, stillen, hilflosen Berichte, die
2097 5957 3032 5999 nicht einmal wie Klagen, und schon gar nicht wie bit¬
2097 5987 3032 6022 tere Anklagen tönten, mitanhören, während wir Bor¬
2097 6016 3032 6072 wasser und Salben austeilten, einem Kind zu essen
3028 4459 3952 4497 gaben, die von den Passagieren unseres Dampfers zu¬
3028 4491 3790 4537 sammengetragenen Kleidungsstücke anpaßten.\:p\
3086 4531 3937 4566 \p\Und während dieser Zeit kreiste der „Biancamano"
3028 4565 3952 4598 langsam mit gedrosselten Maschinen um die Unglücks¬
3028 4596 3950 4636 stätte. Das Meer blieb bewegt, bleigrau, düster. Der
3028 4631 3946 4681 Regen wollte nicht aufhören. Wir suchten 24 Stunden
3028 4668 3950 4704 lang nach drei Rettungsbooten des „Orazio“, von denen
3028 4698 3946 4740 doch nach den Erzählungen der Geretteten mindestens
3028 4735 3950 4784 zwei umgekippt waren, kaum daß sie die Wasserfläche
3028 4767 3296 4823 erreicht hatten.\:p\
3088 4775 3951 4840 \p\Gestern abend berrschte auf unserem Dampfer eine
3028 4832 3940 4886 beinahe normale Ruhe. Die Ueberlebenden des „Ora¬
3053 4872 3951 4909 zio" schliefen erschöpft in ihren Kabinen. — Viele
3028 4886 3952 4954 Mütter hatten sich nicht mehr von ihren Kindern tren¬
3044 4940 3950 4979 nen wollen und hatten sie neben sich im schmalen Bett.
3028 4970 3950 5019 Die Kleinen, deren Eltern unauffindbar geblieben
3028 5009 3950 5045 waren, lagen in sauberen Gitterbettchen, mit verbun¬
3028 5042 3946 5088 denen Köpfchen, — ein größerer Bub, der Schweizer
3028 5074 3950 5109 Walter S., hatte neben seinem schwer verletzten
3028 5109 3946 5146 Schwesterchen gewacht, bis es eingeschlafen war, und
3044 5142 3950 5181 saß nun mit uns in der Halle. Er erzählte gescheit, leb¬
3028 5174 3950 5221 haft, ohne zu übertreiben. Er hatte seine Mutter schon
3028 5209 3950 5250 am frühen Morgen aus den Augen verloren, als sie in
3028 5242 3950 5299 eines der ersten Rettungsboote des „Orazio“ stieg. Aber
3028 5279 3952 5317 er wollte es sich nicht klar machen, daß er sie verloren
3028 5311 3950 5359 hatte, und fragte immer wieder nach Bericht vom
3028 5347 3950 5389 „Colombo“, einem italienischen Dampfer, der ebenfalls
3028 5378 3946 5420 bei den Rettungsarbeiten beteiligt gewesen war. Ein
3040 5411 3950 5452 anderer Schweizer hatte seine Frau und sein einziges
3028 5448 3950 5498 Kind aus dem schon schräg hängenden Rettungsboot
3028 5477 3950 5530 an Bord zurückholen wollen, sie wurden ihm von einer
3028 5516 3944 5560 gewaltigen Welle fast aus den Armen gerissen und er¬
3028 5550 3492 5599 tranken vor seinen Augen.\:p\
3095 5578 3946 5627 \p\Schon spät in der Nacht brachte uns ein Steward
3028 5613 3944 5659 ein Telegramm vom „Colombo“ mit den Namen eini¬
3028 5652 3940 5685 ger Ueberlebender. Darunter befand sich der Name
3028 5681 3946 5730 eines anderen Schweizers, dessen Frau eines ihrer bei¬
3028 5718 3944 5753 den Kinder gerettet hatte und mit ihm auf unserem
3050 5745 3943 5791 Dampfer war. Wir stürzten zu ihrer Kabine: „Ihr
3028 5784 3946 5834 Mann lebt, er ist auf dem Colombo.“ Wir umarmten
3028 5822 3331 5860 uns vor Freude.\:p\
3086 5843 3940 5892 \p\Jetzt sind wir in Genua. Walter S. ist mit uns im
3028 5889 3944 5924 Hotel. Vom Schiff tragen sie noch immer Bahren her¬
3028 5920 3944 5971 unter, und das langsame Defilee der zweihundert Pas¬
3028 5954 3944 6001 sagiere des „Orazio“ zieht an den Beamten vorbei, die
3028 5989 3940 6034 Namen, Herkunft, Verluste, Schicksale aufschreiben und
3028 6027 3477 6082 ihre Listen anfertigen ...\:p\
