3770 5669
392 1230 787 1310 Der Wahlkampf
260 1293 924 1373 in den Vereinigten Staaten
445 1371 929 1433 A. C. \g\New York\:g\, im September
275 1421 960 1470 \p\Der Ausgang der \g\amerikanischen Prä¬
215 1447 974 1514 sidentschaftswahlen\:g\ im November wird
215 1505 965 1546 von der Entwicklung des Krieges und der Situa¬
214 1538 956 1586 tion in Europa entscheidend beeinflußt werden.
215 1573 956 1620 Für den Europäer, der es gewohnt ist, die Ange¬
212 1619 956 1656 legenheiten seines Landes nicht isoliert zu be¬
212 1654 956 1693 urteilen, sondern innerhalb eines Netzwerkes von
215 1690 974 1733 außenpolitischen und innenpolitischen Faktoren, ist
209 1728 953 1769 dies, im Kriegsjahr 1940, selbstverständlich; für
209 1761 959 1805 den Amerikaner bedeutet es eine völlige Umstel¬
218 1802 957 1841 lung und Neuorientierung. Denn seit dem Be¬
212 1835 953 1878 stehen der Monroe-Doktrine ist der Grundsatz
212 1873 956 1917 "Amerika den Amerikanern" fest im Volksbewußt¬
212 1908 953 1961 sein verankert. Generationen junger Amerikaner
206 1950 960 1991 wurden im Glauben an die Naturnotwendigkeit
206 1982 956 2021 der amerikanischen Isolation erzogen. Fest glaubte
206 2021 956 2060 man daran, daß dieser große und reiche Kontinent
218 2058 974 2100 so gut wie autark sei und sich leicht von allen
215 2093 956 2138 Welthändeln fernhalten könne. Aber seit dem Be¬
205 2126 956 2169 stehen großer Luftflotten ist die große Barriere
209 2168 974 2217 des Atlantischen Ozeans wesenlos geworden; sie
209 2206 923 2252 kann von heute auf morgen umgangen werden.\:p\
253 2252 965 2298 \p\Franklin D. Roosevelt scheint das Pech zu
206 2295 960 2336 haben, der amerikanischen Nation immer in ent¬
206 2333 975 2390 scheidenden Augenblicken beweisen zu müssen, daß
206 2364 975 2414 ihre alten Grundsätze und Ideale nicht mehr stim¬
206 2409 954 2449 men, weil die äußeren Bedingungen in der Welt
206 2440 975 2486 sich verändert haben. Seinen Gegnern fällt es
206 2479 976 2525 dann leicht, ihn für die Zerstörung dieser Ideale
209 2520 974 2551 verantwortlich zu erklären. Im Jahre 1932, als
203 2554 974 2597 er zum erstenmal Präsident wurde, befand sich das
218 2587 959 2639 Land auf dem Höhepunkt der Wirtschaftskrise, die
206 2634 975 2670 zu einer sozialen Revolution zu führen drohte. Alle
205 2666 950 2708 Banken des Landes schlossen; hungernde, ruiniert
206 2704 950 2746 Farmer rotteten sich zusammen; es gab über zehn
209 2739 959 2786 Millionen Arbeitslose. Präsident Roosevelt fiel
205 2772 975 2825 die undankbare Aufgabe zu, gegen diese Not anzu¬
199 2809 947 2861 kämpfen, indem er Ideale antastete, die nur noch
212 2847 956 2891 Illusionen waren und es unmöglich machten, in
200 2886 956 2928 diesem Land auch nur die dringendsten sozialen
203 2928 955 2979 und wirtschaftlichen Forderungen unserer Zeit zu
205 2973 947 3011 erfüllen. In einem Land mit chronischer Ueber¬
194 2997 947 3044 produktion, wo die freie Konkurrenz in wirtschaft¬
197 3037 956 3077 liches Faustrecht ausartete, konnte man Millionen
211 3072 956 3112 Arbeitsloser nicht mehr mit dem Versprechen sät¬
197 3116 956 3157 tigen, daß die amerikanische Freiheit Jedem seine
197 3142 959 3195 Chance gebe, Millionär zu werden. Die Argu¬
195 3193 947 3232 mente, eine staatliche Sozialgesetzgebung und So¬
195 3231 950 3268 zialfürsorge sei unamerikanisch, weil sie das Vor¬
197 3265 954 3308 handensein bedürftiger Klassen anerkenne, verfin¬
195 3302 950 3347 gen nicht mehr. Aber wenn man zunächst auch
206 3338 950 3378 Roosevelt als den Retter aus der Not begrüßte,
197 3372 953 3422 so standen doch bald jene auf mit ihren Haßgesän¬
195 3419 947 3457 gen, welche durch die staatlichen Verfügungen ihrer
203 3453 953 3502 Ellbogenfreiheit beraubt wurden, und alle diese
189 3490 974 3535 Kreise warfen ihm vor, er habe die alten Ideale
197 3524 493 3578 Amerikas verraten.\:p\
242 3569 947 3628 \p\Das Wahljahr 1940 stellt den Präsidenten vor
189 3618 948 3665 eine ganz neue Aufgabe. Roosevelt ist heute der
200 3649 950 3700 Vertreter eines Programmes der nationalen Ver¬
192 3690 947 3730 teidigung und nichts anderes. Materielle Hilfe an
203 3730 950 3770 England, Rüstungskredite, die Einführung der
200 3763 974 3810 Dienstpflicht – darum geht es heute, und obwohl
189 3805 950 3852 auch die Republikaner dies zugeben, obwohl ganz
192 3841 947 3889 Amerika anerkennt, daß die Fragen der Außen¬
197 3881 974 3937 politik jetzt an erster Stelle stehen, so war es eben
189 3916 950 3959 doch Roosevelt, der vom alten Grundsatz der "ame¬
197 3957 951 3997 rican isolation" abrückte, indem er schonungslos
189 3993 950 4034 darauf hinwies, die Vereinigten Staaten könnten
189 4032 948 4080 sich eine Vogel Strauß-Politik der Isolierung nicht
189 4074 944 4113 mehr leisten. Noch im Mai dieses Jahres glaubte
192 4109 953 4145 man in Amerika allgemein, Roosevelt werde auf
197 4140 974 4198 jeden Fall bis nach erfolgter Wahl mit seinem Rü¬
195 4183 947 4227 stungsprogramm zurückhalten und sich als "Iso¬
192 4219 974 4262 lationist" ausgeben, wenn er nicht alle Chancen
196 4253 974 4301 einbüßen wolle. Wenige Wochen später erhielt der
199 4294 946 4338 Präsident vom Kongreß fast widerspruchslos alle
189 4329 950 4371 von ihm geforderten Rüstungskredite. Die ameri¬
197 4369 951 4413 kanische Nation schien den geheiligten Grundsatz
195 4402 974 4447 der Isolation über Nacht vergessen zu haben.
197 4440 947 4488 Roosevelt mußte sein Programm nicht einmal ver¬
195 4480 950 4530 teidigen; im Gegentee[sic]il zielen seither alle Angriffe
194 4520 974 4562 gegen ihn darauf ab, ihn für den mangelhaften
197 4551 974 4612 Stand der amerikanischen Rüstung veranwortlich
197 4589 362 4656 zu machen.\:p\
242 4633 956 4686 \p\Dieser plötzliche Umschwung der öffentlichen
200 4681 954 4724 Meinung vollzog sich nach der deutschen Invasion
200 4719 962 4764 in Holland und Belgien. So stark war in jenem
206 4758 953 4800 Augenblick die Eintracht der amerikanischen Na¬
195 4800 959 4839 tion, daß es sogar möglich schien, ihr in diesem
203 4827 950 4880 schicksalsschweren Jahr den Wahlkampf zu erspa¬
200 4868 947 4912 ren: Die berühmte Journalistin Dorothy Thomp¬
202 4906 974 4961 son, selber Republikanerin und eine persönliche
998 912 1744 965 Gegnerin von Roosevelt, durfte den Vorschlag wa¬
1000 959 1763 1007 gen, die republikanische Partei sollte auf die Auf¬
1004 1000 1748 1040 stellung eines Kandidaten verzichten und der Wie¬
983 1031 1742 1075 derwahl Roosevelts zustimmen. Aber der außer¬
983 1069 1742 1115 gewöhnliche Vorschlag fand keinen genügenden
1001 1110 1735 1151 Widerhall. Damit war auch die Hoffnung derjeni¬
995 1143 1739 1189 gen Kreise vorbei, die mit einem raschen Eingrei¬
995 1189 1747 1230 fen der Vereinigten Staaten zugunsten Englands
998 1219 1738 1267 gerechnet hatten. Es scheint in die Reihe günstiger
1001 1266 1738 1306 Zufälle zu gehören, welche die Laufbahn Adolf
1004 1291 1763 1342 Hitlers begleitet haben, daß die reichste und direkt
995 1336 1744 1372 am wenigsten gefährdete Demokratie gerade in
998 1365 1763 1416 diesen entscheidenden Monaten durch den Wah¬
995 1408 1744 1450 kampf außenpolitisch lahmgelegt ist und den eur[gap]o¬
1001 1447 1747 1492 päischen Demokratien nicht zu Hilfe kommen kann,
983 1484 1744 1521 obgleich sie anerkennt, daß die Niederlage dieser
1004 1523 1735 1569 Demokratien ihre eigene Niederlage sein würde.\:p\
1047 1567 1742 1623 \p\Heute befindet sich Amerika im Höhepunkt der
995 1617 1747 1655 Wahlkampagne, die genau wie in anderen Wahl¬
998 1655 1744 1698 jahren alle politischen Energien des Landes in
983 1695 1744 1729 Anspruch nimmt. Der neutrale Beobachter kann
995 1727 1744 1778 sich des Eindruckes nicht erwehren, daß auch heute
995 1778 1764 1800 die dringendsten politischen Forderungen nur als
998 1801 1763 1846 Propagandamaterial für Wahlreden dienen. Dieser
992 1841 1763 1883 ins Extreme getriebene Gebrauch des Rechtes der
1009 1882 1738 1922 freien Meinungsäußerung ist eine typisch ameri¬
995 1917 1764 1958 kanische Erscheinung. Der Maßstab des geschäft¬
995 1951 1740 1995 lichen Erfolges ist noch immer der am meisten ver¬
998 1991 1738 2038 breitete; die Kampfmethoden und Propaganda¬
995 2034 1732 2069 mittel der "freien Konkurrenz" werden leicht auf
983 2062 1744 2118 die politische Arena übertragen. Trotzdem sind in
998 2105 1744 2146 diesem Jahr die Folgen des mit solchen üblichen
995 2146 1741 2182 Methoden geführten Wahlkampfes nicht unbedenk¬
983 2178 1730 2226 lich. Der demokratische Kandidat, Roosevelt, ist
995 2218 1739 2261 gleichzeitig Präsident und trägt die denkbar
998 2255 1742 2295 schwerste Verantwortung in kritischen Monaten.
998 2294 1738 2335 Sein republikanischer Gegner, Wendell Willkie, be¬
983 2326 1738 2368 ruft sich darauf, daß er in so kritischer Zeit nur
983 2359 1732 2415 das Wohl der amerikanischen Nation im Auge
995 2401 1739 2444 habe, wenn er behaupte, ein besserer Präsident zu
982 2443 1738 2490 sein als Roosevelt. Da er aber systematisch und be¬
983 2477 1735 2520 denkenlos jede Handlung des Präsidenten angreift
983 2516 1743 2563 und alles, was in dessen Amtszeit getan wurde,
983 2556 1747 2600 herabsetzt, kann er in diesem Augenblick in Ame¬
998 2593 1738 2644 rika keine andere Wirkung haben als eine demo¬
983 2623 1192 2680 ralisierende.\:p\
1042 2675 1744 2737 \p\Seitdem in den U. S. A. das Problem der
995 2723 1744 2774 nationalen Verteidigung akut geworden ist und
983 2750 1742 2803 den alten Glauben an die amerikanische "Isola¬
998 2800 1744 2838 tion" weggeschwemmt hat, stehen natürlich auch die
995 2834 1748 2876 Republikaner für die Notwendigkeit eines Rü¬
998 2872 1742 2914 stungsprogramms ein. Aber sie sind auf jeden Fall
995 2910 1739 2951 Gegner Roosevelts. Ein von ihm gemachter Vor¬
995 2944 1741 2987 schlag wird von ihnen auf jeden Fall sabotiert.
998 2980 1742 3021 So haben sich heute zwei Tendenzen herausgeschält,
992 3021 1744 3062 die den Wahlkampf beherrschen. Roosevelt und
995 3054 1744 3098 seine Anhänger glauben, daß die Vereinigten
995 3093 1741 3134 Staaten in ihrer Eigenschaft als große Demokratie
989 3130 1763 3167 der Auseinandersetzung mit den totalitären
1001 3163 1763 3204 Staaten nicht entgehen können. Nach einer end¬
995 3201 1764 3246 gültigen Niederlage Englands blieben sie allein
995 3241 1741 3280 übrig, um den Kampf – nach zwei Weltmeeren
989 3276 1763 3329 hin – zu führen. Die Versuche eines engeren
995 3320 1741 3359 Zusammenschlusses mit Südamerika auf pan¬
991 3353 1763 3396 amerikanischen Konferenzen und das neue De¬
995 3384 1741 3429 fensivbündnis mit Kanada entsprangen dieser
989 3428 1748 3470 Ueberzeugung. Aber vor allem glaubt der Präsi¬
989 3468 1741 3504 dent, daß es für Amerika richtiger und sogar
983 3493 1744 3542 leichter gewesen wäre, England entschlossen beizu¬
997 3540 1747 3583 stehen, um eine englische Niederlage zu vermeiden,
989 3574 1763 3615 als abzuwarten, bis es selbst notwendig an die
992 3612 1763 3650 Reihe kommen würde. Der letzte Schritt Roose¬
989 3649 1741 3689 velts in dieser Richtung war der Austausch von
992 3684 1763 3726 fünfzig amerikanischen Zerstörern gegen Flotten¬
995 3725 1747 3767 stützpunkte. Roosevelt hat den Kongreß dar¬
983 3761 1744 3803 über nicht befragt. Offenbar war er sicher, daß
992 3794 1763 3842 seine Handlung die Zustimmung der Nation fin¬
992 3840 1744 3879 den würde. Aber obwohl sich dies als richtig er¬
983 3869 1763 3908 wies, erhob sich bei den Republikanern ein Sturm
992 3908 1231 3960 der Entrüstung.\:p\
1039 3941 1748 4011 \p\Die Republikaner erblickten darin einen
989 4005 1744 4042 neuen Schritt auf dem Weg zum aktiven Ein¬
989 4045 1741 4093 greifen in den Krieg. Wenn sie die Aufrüstung
983 4088 1744 4120 auch bejahen, so geschieht es mit dem ausdrücklichen
995 4116 1744 4154 Vorbehalt, die Rüstungen dürften nur dazu
983 4157 1742 4199 dienen, Amerika davor zu bewahren, in den Krieg
983 4189 1738 4237 hineingezogen zu werden. Mit Leidenschaft be¬
983 4227 1742 4280 kämpfen sie Roosevelts Ansicht, Amerika täte
983 4258 1763 4308 besser daran, England zu helfen, statt zu warten,
989 4304 1744 4346 bis es völlig vereinsamt übermächtigen Gegnern
983 4336 1763 4380 gegenüberstehe. Da Roosevelt glaubt, daß eine
998 4377 1747 4421 Niederlage Englands die Vereinigten Staaten
983 4412 1738 4456 in eine völlig unhaltbare Lage bringen müßte,
989 4450 1763 4502 widmet er sich erst recht mit aller Energie seinem
995 4489 1764 4530 Aufrüstungsprogramm. Er weicht Diskussionen
983 4525 1742 4574 aus, verzichtet fast vollkommen auf jede Wahl¬
983 4562 1742 4605 agitation und kennt nur noch die Arbeit. Er mag
992 4594 1744 4646 sich sagen, daß es vielleicht weniger wichtig sei
989 4635 1738 4682 wer in Amerika Präsident sei, da die Ereignisse
992 4670 1747 4719 mit Urgewalt den Amerikanern das Gesetz des
998 4710 1735 4757 Handelns aufzwingen könnten, und daß es heute
992 4748 1747 4786 nur darum gehe, seinem Volk eine Waffe in die
998 4787 1763 4831 Hand zu geben, derer es sich bedienen könnte,
995 4819 1377 4869 wenn es nötig würde.\:p\
1035 4857 1763 4914 \p\Niemand läßt sich heute in den Vereinigten
983 4910 1763 4958 Staaten auf Prophezeiungen ein, wem der Sieg
1783 917 2553 964 zufalle, Roosevelt oder den Republikanern. Denn
1779 960 2526 1000 in diesem Punkt sind die Amerikaner mit ihrem
1783 994 2553 1047 Präsidenten einig: die Entscheidung über den Aus¬
1780 1033 2554 1089 gang der Wahlen und das Schicksal der nächsten
1786 1071 2532 1121 vier Jahre wird nicht in Amerika allein gefällt.\:p\
