3909 5669
311 1260 861 1339 Die Wiederentdeckung
460 1315 705 1393 Amerikas
353 1385 798 1459 Von Dr. A. Clark-Schwarzenbach
331 1448 842 1516 II. Gefährliche Industrialisierung
259 1497 956 1571 \p\Am 13. November 1937 erschien in der populä¬
206 1560 953 1601 ren amerikanischen Wochenschrift "Colliers'
203 1596 953 1640 Weekly" ein Artikel von Walter \g\Davenport\:g\,
203 1640 959 1675 der den sensationellen Titel trug: "Arbeit ohne
208 1673 959 1713 Bezahlung". Der Artikel behandelte keine Eheschei¬
202 1713 962 1751 dung eines Filmstars, keine Entführung eines
203 1746 950 1798 Millionärs-Sohns, keine Erschießung eines Gang¬
209 1783 963 1827 sters oder wie all die Ereignisse heißen, aus denen
202 1822 957 1877 sich die skandalöse amerikanische Tageschronik zu¬
202 1859 962 1900 sammensetzt. Trotzdem war es ein Skandal großen
203 1900 963 1950 Stils, und der Artikel ging von Hand zu Hand.
209 1935 963 1977 Arbeiter lasen ihn, Arbeitgeber, Gewerkschafts¬
215 1969 960 2020 funktionäre und die Beamten des "Komitees für
203 2013 962 2052 bürgerliche Freiheiten" in Washington. Der Arti¬
202 2058 961 2096 kel befaßte sich mit unhaltbaren Zuständen in den
203 2082 953 2130 \g\Südstaaten\:g\. Es gebe alte Textilfabriken, hieß
202 2128 952 2179 es da, wo Männer und Frauen seit Jahren arbei¬
203 2168 979 2213 teten, ohne auch nur einen Cent Bargeld zu sehen.
206 2205 962 2244 Zum Beispiel betrage der Wochenlohn eines We¬
206 2241 956 2291 bers 14 Dollar 40; aber nach Abziehen aller "Un¬
203 2275 953 2319 kosten" belaufe sich die Abrechnung genau auf
203 2313 953 2356 Null, und der Weber erhalte folglich nichts in bar
197 2353 959 2397 ausbezahlt. Als Unkosten würden berechnet: Miete
203 2389 957 2429 für die Wohnung, die dem Fabrikherrn gehörte;
196 2420 962 2484 der Preis für Holz, Kohle, Elektrizität, Wasser, die
203 2459 963 2511 dem Fabrikherrn gehörten, sodann Krankenkasse
200 2502 956 2544 und Versicherung. Der Rest sei Kredit im Laden,
203 2540 959 2579 der ebenfalls dem Fabrikherrn gehörte. Dort ge¬
203 2585 957 2619 nieße der Arbeiter Kredit, beziehe Waren gegen
203 2614 957 2662 Gutscheine und bleibe dem Fabrikherrn noch etwas
206 2645 956 2692 schuldig, so daß er dauernd verschuldet sei, von
203 2688 962 2734 Woche zu Woche, von Monat zu Monat, von Jahr
206 2729 962 2770 zu Jahr. Das sei praktische Sklaverei, erklärte
203 2767 953 2809 Walter Davenport in seinem Artikel. Genau so
200 2802 950 2849 sei es auf den Plantagen, wo die Baumwollpäch¬
203 2840 957 2877 ter, und zwar Neger und Weiße, dem Plantage¬
203 2877 959 2917 herrn ihr Leben lang verschuldet seien. Sterbe der
203 2918 962 2960 Vater, so müsse der Sohn die Schulden überneh¬
206 2953 962 2992 men. Die Pächter auf der Plantage, die Arbeiter
203 2989 957 3035 im Fabrikdorf seien Sklaven. Das Kreditsystem
203 3029 954 3078 nehme ihnen nicht nur die Freiheit, es habe auch
206 3065 953 3108 eine demoralisierende Wirkung. Nachher heiße es
203 3097 957 3149 dann, die Proletarier der Südstaaten, ganz gleich
206 3139 953 3184 ob weiß oder schwarz, seien ein amoralisches Pack,
206 3178 953 3228 das nicht mit Geld umgehen könne, kein Verant¬
203 3219 962 3262 wortungsgefühl habe und in dumpfer Resignation
203 3255 953 3297 dahinvegetiere. Dazu komme die schlechte Ernäh¬
203 3297 953 3335 rung, welche die Bevölkerung mit Pellagra oder
203 3326 950 3375 der Maiskrankheit verseuche. Wer sei, so fragte
203 3369 950 3409 Davenport, verantwortlich für diese Zustände?
206 3406 962 3456 Etwa die Proletarier selber, die in diesem System
206 3440 442 3500 gefangen seien?\:p\ [space]
254 3491 959 3538 \p\Die Beschuldigten reagierten heftig auf Daven¬
203 3540 950 3580 ports Artikel. Sie erklärten in den lokalen Zeitun¬
206 3572 953 3616 gen, sie würden eine Untersuchung über die Zu¬
209 3612 953 3666 stände in den Fabrikdörfern anordnen, welche Da¬
202 3646 957 3689 venports Anschuldigungen entkräften, ihn als
206 3678 956 3729 einen Lügner entlarven würden. Aber die Resul¬
203 3719 950 3767 tate dieser Untersuchung sind nie bekannt gewor¬
203 3760 950 3805 den. Dafür setzte noch im gleichen Monat die neue
203 3798 959 3846 Krise ein; zuerst war es eine Börsenkrise an der
206 3833 956 3884 New Yorker "Wall Street"; dann war es eine
203 3874 962 3917 Produktionskrise, und die Zahl der Arbeitslosen
203 3913 962 3957 begann rapid zu steigen. Ich war damals in den
203 3947 950 3993 Südstaaten, in Tennessee, in den Kohlengruben
209 3988 963 4025 und Holzfällerlagern, dann in der düsteren Indu¬
203 4022 950 4066 striestadt Birmingham in Alabama, dann in Ge¬
203 4067 957 4103 orgia und in den alten Textildörfern von Nord-
203 4098 953 4138 und Süd-Carolina. Ich konnte alles nachprüfen,
209 4138 950 4181 was Davenport behauptet hatte. Er war kein Lüg¬
203 4177 950 4216 ner. In den Fabrikdörfern herrschte das gleiche
203 4213 957 4252 Elend, die gleiche chronische Verschuldung, die
206 4251 950 4298 gleiche Mentalität wie auf den Plantagen. Es
203 4290 957 4335 war die Mentalität des Rassenkampfes, geboren
203 4324 953 4360 aus der Furcht der weißen Minorität vor den
203 4362 953 4400 Schwarzen. Ein Sprichwort im amerikanischen Sü¬
203 4392 962 4439 den sagt: "Man kann keinen Mann unten im Gra¬
203 4434 962 4479 ben halten, ohne daß jemand unten bei ihm
205 4478 980 4520 bleibt." Der Mann, der es unten im Graben der
203 4513 953 4557 sozialen Unterdrückung zusammen mit dem Neger
203 4552 957 4588 aushalten mußte, war der "arme Weiße", der
203 4588 979 4630 "vergessene Mann" der amerikanischen Nation.
206 4627 980 4665 Seit dem Ende des amerikanischen Bürgerkriegs,
212 4659 962 4709 seit der Aufhebung der Sklaverei vor über siebzig
209 4704 963 4739 Jahren hatte die weiße Oberschicht der Südstaaten
203 4736 979 4776 ihre ganze Anstrengung darauf gerichtet, ihre ab¬
212 4774 959 4817 solute Vorherrschaft über die schwarze Rasse auf¬
209 4817 959 4853 recht zu erhalten. Auf den Plantagen hatte man
209 4851 979 4891 einen Ersatz für die Sklaverei gefunden in der
209 4888 950 4928 Einrichtung des sogenannten "Ernte-Teilens",
209 4924 979 4982 welches den schwarzen und den neu hinzukommen¬
998 906 1750 967 den weißen Pächter oder Taglöhner ganz von sei¬
1007 959 1774 997 nem Herrn abhängig machte. Denn das System
1004 998 1774 1034 führte fast unausweichlich zur Verschuldung des
1004 1029 1774 1076 Pächters oder Taglöhners. Ganz ähnlich ist es
1007 1065 1774 1104 in den wenigen Industriezentren des Südens.
1004 1100 1774 1154 Dort gehört Leben und Eigentum der Arbeiter
998 1144 1747 1185 dem Fabrikherrn. Soweit geht der Eigentums¬
1001 1182 1756 1228 begriff, daß die private Polizei der Fabrik mich
1004 1216 1753 1264 wegweisen konnte, wenn es mir einfiel, in einem
1009 1252 1753 1303 Fabrikdorf Halt zu machen und mit jemandem zu
1004 1291 1756 1338 sprechen. "Betreten fremden Eigentums" heißt das,
1004 1330 1753 1371 und es ist die stärkste Waffe gegen weniger harm¬
998 1369 1744 1407 lose Besucher als ich einer war, nämlich gegen die
998 1403 1757 1443 Gewerkschaftsfunktionäre, welche in die Fabrik¬
998 1443 1750 1482 dörfer kommen, um Versammlungen abzuhalten,
998 1478 1747 1529 zu denen ihnen das neue Gesetz über Gewerkschafts¬
998 1512 1774 1564 organisation das Recht gibt. Unter Roosevelt
998 1547 1747 1599 war dieses Gesetz in Kraft getreten, das alle Ar¬
998 1589 1753 1632 beiter berechtigt, kollektiv mit dem Arbeitgeber zu
998 1627 1753 1669 verhandeln und Arbeitsverträge abzuschließen.
998 1667 1753 1705 Aber die Fabrikgesellschaft kann den Gewerk¬
1004 1701 1759 1750 schaftsfunktionären verbieten, ihr Eigentum zu be¬
1004 1739 1763 1790 treten, und damit sind alle durch das genannte
1004 1776 1636 1823 Gesetz gegebenen Möglichkeiten hinfällig.\:p\ [space]
1045 1817 1741 1867 \p\Eine kleine Landstadt im "Plantagen-Staate"
1001 1844 1753 1906 Georgia hat auf ihrem Marktplatz ein Denkmal
998 1897 1750 1943 errichtet. Es ist ein einzigartiges Denkmal: es
1007 1940 1756 1981 wurde errichtet zur Erinnerung an den Baum¬
998 1972 1757 2021 wollwurm, der während der Jahre der Wirt¬
1004 2008 1756 2055 schaftskrise die Baumwollfelder des amerikanischen
1004 2045 1756 2096 Südens heimsuchte und nicht wenig zum Ende der
1004 2083 1750 2130 Baumwollprosperität und zum Sturz des alles
1007 2120 1751 2171 beherrschenden "Königs Baumwolle" beigetragen
987 2159 1747 2194 hat. Die Einwohner von Georgia wußten, warum
998 2198 1753 2242 sie die verheerende Seuche ehrten, wie man sonst
998 2231 1753 2277 einen siegreichen General oder den Unbekannten
1001 2272 1756 2322 Soldaten ehrt. Sie wußten, daß das Ende der
1007 2304 1753 2351 Baumwolle zwar zunächst Arbeitslosigkeit und
1004 2345 1756 2385 Hunger bedeuten würde, daß es aber auch der
998 2384 1753 2427 Anfang der Befreiung aus der langen Sklaverei
1001 2420 1750 2463 ist. Die Südstaaten nennt man Plantagenstaaten,
1001 2458 1745 2504 weil es keinen freien Bauernstand gibt, sondern
998 2496 1747 2537 nur den aristokratischen Großgrundbesitz der Plan¬
1001 2527 1745 2575 tage, deren Betrieb einem Fabrikbetrieb ähnlich
1004 2566 1753 2610 ist und der ein ländliches Proletariat beider
998 2606 1750 2654 Rassen hervorbrachte. Jetzt wurde eine große Zahl
998 2641 1750 2680 von Baumwollpächtern und Taglöhnern arbeits-
998 2679 1750 2727 und heimatlos. Die Industrie machte sich die Si¬
998 2717 1757 2760 tuation zunutze, und seit einer Reihe von Jahren
1001 2757 1750 2797 schießen in den Südstaaten die Fabrikschlote wie
1004 2797 1748 2835 Pilze aus dem Boden; neue Spinnereien und We¬
998 2827 1753 2865 bereien konkurrieren mit den alten und mit den
998 2866 1747 2905 Baumwollmühlen in Neu-England, welche höhere
1001 2901 1747 2950 Löhne zahlen müssen, da sie eine geschulte, in star¬
998 2941 1744 2985 ken Gewerkschaften zusammengeschlossene Arbeiter¬
1001 2980 1756 3024 schaft besitzen. Auf unbrauchbar gewordenen Plan¬
1004 3018 1756 3058 tagen werden Fichten angepflanzt, deren Holz in
1001 3049 1753 3101 Papiermühlen, Kunstseidefabriken, Möbe[sic]fabriken,
1004 3090 1748 3130 verwendet wird. In Florida gibt es Konserven¬
997 3126 1747 3167 fabriken neben den Gemüse- und Obstplantagen.
1004 3167 1756 3207 In Memphis hat Henri Ford eine Automobil¬
1001 3199 1750 3245 fabrik eröffnet. In Gadsden, Alabama, arbeitet
998 3238 1774 3284 die gesamte Bevölkerung in den Strumpfwebe¬
1001 3277 1775 3335 reien und in den Werken der Goodyear-Autorei¬
1001 3314 1138 3362 fenwerke.\:p\
1045 3348 1756 3392 \p\Die Südstaaten sind arm, die Industrie bringt
1004 3388 1753 3429 Geld ins Land. Daher locken die Behörden die
1003 3425 1753 3472 Unternehmer mit allerlei Vorteilen: mit billigen
998 3461 1744 3505 Grundstücken, niedrigen Steuern, freier Wasser¬
1001 3501 1756 3539 kraft. Die Unternehmer investieren ihr Kapital
998 3537 1757 3588 im Süden, rechnen mit niedrigen Löhnen, mit der
1004 3577 1753 3618 Zurückgebliebenheit der Bevölkerung. Aber eben¬
1001 3616 1775 3657 so stürmisch wie das Tempo der Industrialisie¬
998 3657 1747 3691 rung in den ehemaligen Sklavenstaaten ist das¬
998 3692 1751 3731 jenige der gewerkschaftlichen Organisation. Wo
998 3725 1757 3767 sich in den Städten und neuen Fabrikdörfern
1001 3761 1753 3803 das neue Fabrikproletariat ansammelt, da sind
998 3796 1757 3846 die Voraussetzungen geschaffen für die "Organi¬
998 3837 1753 3882 sation". Ein neues "Klassenbewußtsein" wird ge¬
1001 3875 1750 3924 züchtet und ist oft sogar stärker als der altein¬
998 3918 1750 3955 gesessene Rassenhaß zwischen Weißen und Negern.
998 3945 1753 3994 Früher wurde der Rassenhaß auf den Plantagen
998 3989 1753 4033 gefördert, damit die "armen Weißen" nicht ge¬
998 4016 1753 4060 meinsam Front mit den Negern machten; in den
998 4058 1753 4101 Fabriksiedlungen steht es damit anders. Es gibt
998 4100 1753 4136 hier wenig Neger, und sie verrichten nur die ein¬
1003 4139 1756 4181 fachsten Arbeiten, die am schlechtesten bezahlt sind.
998 4171 1774 4216 Die Neger sind, vorläufig wenigstens, für den
1004 4212 1756 4257 Industriearbeiter keine Konkurrenz; man nimmt
998 4246 1750 4291 sie sogar auf in die Gewerkschaft, und eine neue
998 4289 1747 4323 Solidarität zwischen schwarzem und weißem Pro¬
998 4321 1484 4373 letariat beginnt zu entstehen.\:p\ [space]
1051 4361 1775 4407 \p\Bis vor wenigen Jahren war der amerika¬
998 4399 1752 4447 nische Süden ein vergessenes Land. Fern vom
1001 4438 1750 4481 Lärm der Großstädte schien hier auf den Plan¬
987 4477 1756 4520 tagen das Leben seinen altgewohnten, idyllischen
998 4520 1775 4563 Gang zu nehmen. Dann kam die große Krise, und
998 4548 1747 4600 sie hat den "Baumwoll-Gürtel" härter betroffen
987 4587 1741 4625 als irgend einen anderen Teil Amerikas. Plötzlich
987 4622 1774 4664 lagen die Wunden offen zutage. Man sah: hier
1001 4663 1753 4705 ging eine einst fruchtbare und blühende Region
1001 4704 1748 4743 langsam zugrunde; der Boden verdarb; die Be¬
987 4734 1753 4781 völkerung verkam unter dem Druck eines Systems,
998 4778 1774 4819 welches das ganze Leben beherrschte. Die Dinge
998 4815 1774 4852 kamen ins Rollen. Heute weiß man, daß es vor¬
987 4850 1744 4897 bei ist mit der Baumwollprosperität, vorbei daher
998 4885 1774 4923 auch mit der Plantage, mit dem alten, feudalen
987 4933 1774 4979 System des Großgrundbesitzes. Und gleichsam über
1806 920 2544 971 Nacht begann die Industrialisierung und nicht
1807 960 2544 1002 minder stürmisch das, was die sozialistische Ter¬
1807 999 2578 1041 minologie als Klassenkampf bezeichnet. Der Sü¬
1807 1035 2541 1076 den wurde zum aktuellsten und für die Zukunft
1807 1066 2544 1124 des Landes vielleicht gefährlichsten Kampfplatz
1806 1099 2198 1166 der Vereinigten Staaten.\:p\
