3855 5669
1376 3227 2129 3301 Passagiere nach Lissabon
1314 3301 1749 3358 An Bord "S. S. Siboney"
998 3344 1749 3397 \p\Die "S. S. Siboney" ist ein altes und langsames
966 3381 1749 3441 Schiff, das früher für die "New York and Cuba
967 3434 1732 3477 Mail Steamship Company" zwischen Neuyork
968 3470 1732 3519 und den Westindischen Inseln verkehrte, und
966 3509 1736 3548 neben Post und Frachten nur eine kleine Anzahl
967 3542 1732 3594 von Passagieren beförderte. Das Schiff hat nur
966 3583 1751 3637 12 000 Tonnen, führt eine einzige Klasse, und ist
968 3616 1749 3662 für moderne Ansprüche recht primitiv eingerich¬
974 3655 1749 3699 tet. Nach den verschiedenen "Vorschriften",
968 3698 1750 3732 "Bordregeln" und "Ratschlägen" zu urteilen, die
964 3734 1749 3783 man in den Kabinen und an den Türen des Salons
968 3774 1749 3806 und Essaals angeschlagen findet, muss die Ge¬
962 3801 1749 3857 sellschaft der Passagiere recht gemischt gewesen
970 3837 1730 3893 sein. Zum Beispiel heisst es da, ein Offizier werde
962 3877 1738 3921 jeden Morgen die Kabinen inspizieren, und die
971 3920 1750 3959 Gäste würden daher gebeten, sich auf diese In¬
968 3958 1750 3997 spektion vorzubereiten. Die Herren werden auf¬
977 3997 1749 4050 gefordert, während der Mahlzeiten eine Jacke zu
967 4033 1727 4084 tragen. Glückspiele sind verboten, und vor Ta¬
962 4064 1750 4114 schendieben wird gewarnt. – Trotz kleiner Un¬
960 4096 1726 4152 bequemlichkeiten, wie etwa dass die Wasser¬
962 4147 1750 4197 leitungen offenbar undicht sind, so dass Duschen
967 4179 1749 4236 und Badewasser einen starken Oelgehalt auf¬
962 4222 1749 4260 weisen, – reisen wir aber auf der "Siboney" auf
958 4262 1749 4312 angenehme Art; denn wir sind nicht zahlreich, im
971 4293 1750 4347 Speisesaal sind nicht mehr als zehn Tische mit je
962 4335 1749 4380 zwei oder drei Personen besetzt, die Bedienung ist
957 4375 1726 4409 daher sehr gut, – und da nur vier Frauen an
962 4404 1749 4457 Bord sind, breitet sich das gesellschaftliche Leben
968 4445 1728 4488 in keinem störenden Masse aus. Die Schiffsoffi¬
968 4485 1749 4524 ziere sind so wenig beschäftigt, dass sie neben den
955 4522 1750 4566 Passagieren auf den Deckstühlen liegen. Sie sagen
959 4557 1750 4596 uns aber, dass dafür die Rückfahrt von Lissabon
962 4598 1749 4643 nach Neuyork anstrengend sein wird, weil sie
961 4631 1726 4674 dann etwa dreihundertfünfzig Leute befördern
965 4673 1720 4712 werden, – meistens Flüchtlinge aus den in die¬
954 4717 1749 4748 sem Krieg besiegten Ländern Europas. Um sie
956 4746 1750 4788 unterbringen zu können, hat man die Einrichtun¬
962 4785 1749 4824 gen der kleinen "Siboney" natürlich etwas ver¬
962 4824 1726 4864 ändern müssen. Zum Beispiel enthalten bisherige
958 4858 1749 4901 Doppelkabinen drei oder vier Betten, und in der
959 4885 1749 4931 rings um den Speisesaal führenden Galerie sind
959 4936 1749 4988 provisorische Wände aus Sackleinen ausgespannt
956 4971 1750 5012 und hundertfünfzig Betten aufgestellt worden.
962 5001 1750 5052 Da die Passagiere auf der Rückfahrt den gleichen
959 5043 1749 5090 Preis zahlen werden, wie wir für die Ueberfahrt
956 5080 1750 5128 von Neuyork nach Lissabon, macht die Schif¬
1757 3301 2542 3378 fahrtsgesellschaft jedenfalls kein schlechtes Ge¬
1758 3363 2514 3398 schäft. Dieser Preis – 350 Dollar pro Person –
1758 3397 2543 3440 ist höher als ein Billett erster Klasse vor dem
1768 3434 2544 3484 Krieg auf Dampfern wie der "Queen Mary" oder
1771 3469 2270 3524 "Bremen" oder "Normandie".\:p\
1798 3500 2543 3559 \p\Natürlich scheint der Atlantische Ozean sehr
1768 3549 2543 3587 viel breiter, wenn man, statt in fünf Tagen nach
1758 3580 2543 3630 Cherbourg zu gelangen, auf einem langsam sich
1758 3621 2527 3670 durch die Februarstürme und Wellengänge kämp¬
1758 3665 2544 3708 fenden Schiff von bescheidener Grösse unterwegs
1758 3698 2543 3742 ist, – ausserdem lagen wir vierundzwanzig Stun¬
1757 3736 2543 3778 den im Hafen von Hamilton auf Bermuda, bis die
1758 3774 2529 3818 britischen Zensurbeamten mit der gründlichen
1758 3805 2543 3855 Kontrolle unserer Fracht und unserer Papiere
1765 3847 2010 3903 fertig waren.\:p\
1792 3884 2529 3926 \p\Dieser gleiche Atlantische Ozean, auf dem wir
1758 3919 2543 3969 so langsam ostwärts vorrücken, dass wir uns fast
1758 3956 2543 4008 in die Zeiten der Walfischfänger und spanischen
1758 3997 2543 4039 Goldschiffe zurückversetzt wähnen, – ist gerade
1762 4027 2543 4081 während der letzten zwölf Monate im Bewusstsein
1758 4071 2543 4115 der Amerikaner stark zusammengeschrumpft. Die
1762 4111 2544 4149 vorzüglich informierte Presse der Vereinigten
1758 4141 2543 4187 Staaten und ihre weitsichtigen Regierungsstellen
1757 4187 2529 4237 in Washington haben es den letzten Hinterwäld¬
1757 4222 2526 4264 lern unter ihren Bürgern verständlich gemacht,
1757 4262 2532 4303 dass die Masstäbe der Entfernungen, sogar von
1757 4294 2523 4343 Weltmeeren, sich dank der technischen Entwick¬
1757 4338 2506 4379 lung der Aviatik ungemein verändert haben, –
1765 4370 2532 4420 und dass dies für Kampfflugzeuge, Bomber und
1757 4410 2523 4453 Stukas genau so gilt, wie für Passagierflugzeuge,
1765 4451 2529 4489 Clipper oder den Sportapparat Colonel Lind¬
1757 4486 2532 4525 berghs. Und dass daher die amerikanische Iso¬
1757 4523 2532 4564 lation fast alles an Realität eingebüsst, dafür aber
1757 4561 2526 4604 eine neue potentielle Realität gewonnen hat: näm¬
1757 4604 2529 4641 lich die Möglichkeit, dass nach einem deutschen
1762 4632 2523 4674 Sieg über Grossbritannien der amerikanische
1757 4669 2532 4712 Kontinent eine grausam isolierte Insel zwischen
1757 4713 2529 4752 dem totalitären Europa und einem erfolgreich
1757 4752 2529 4789 imperialistischen Japan in Ostasien werden
1756 4782 1879 4839 könnte.\:p\
1789 4819 2533 4870 \p\Der Begriff "Europa" ist also den Amerikanern
1757 4863 2526 4902 in jüngster Zeit vertrauter geworden. In der glei¬
1756 4905 2523 4951 chen Zeitspanne der letzten zwölf Monate habe
1757 4931 2523 4986 ich mich zuerst, Anfang 1940, auf einem italie¬
1757 4974 2523 5015 nischen Dampfer zwischen Bombay und Genua
1757 5009 2526 5048 im Indischen Ozean, Suez-Kanal und Mittellän¬
1757 5049 2526 5100 dischen Meer befunden, dann, im Mai, auf der in¬
1757 5089 2521 5135 zwischen in Palm Beach auf Sand gelaufenen\fml\\:p\
2616 1402 3317 1486 Passagiere nach Lissabon
2575 1473 3369 1533 \g\FORTSETZUNG VON SEITE 3\:g\
2575 1512 3362 1568 \p\Die zweite Frau, eine amerikanische Nurse, fährt
2580 1559 3362 1602 nur bis Lissabon, um eine amerikanische Pa¬
2580 1596 3359 1644 tientin abzuholen. Die dritte Frau an Bord ist
2575 1642 3354 1682 meine Kollegin Theresa. Sie hat einen amerika¬
2575 1675 3356 1728 nischen Pass, wurde in Italien geboren und spricht
2575 1708 3357 1754 am liebsten französisch. Sie ist Photographin und
2580 1749 3359 1787 erschreckt uns manchmal mit Blitzlichtauf¬
2575 1782 3359 1830 nahmen, die sie abends im Salon, zwischen zwei
2586 1828 3360 1867 Gläsern Bier, mit ihrer Rolleyflex macht. Die
2580 1862 3362 1900 Filme lässt sie sich am nächsten Tag von ihrem
2593 1899 3362 1946 Tischnachbarn entwickeln, – einem jungen
2580 1933 3369 1978 Schweizer Architekten, der im Schweizer Pavillon
2583 1984 3362 2015 an der Neuyorker Weltausstellung gearbeitet hat.
2580 2017 3356 2053 Theresa war als Reporter in Finnland und hat
2580 2052 3359 2097 später die Katastrophe der neunten Armee in
2583 2091 3368 2132 Frankreich und die Evakuierung in Dünkirchen
2583 2130 3357 2172 miterlebt, – zuletzt auf einem Ambulanzwagen.
2583 2164 3357 2203 Sie sagt die Kälte während des finnischen Win¬
2583 2197 3359 2240 terfeldzugs sei schrecklicher gewesen, als die
2592 2236 3353 2281 Bomben, die sie zuletzt nur in eine Art von Be¬
2580 2271 3359 2317 täubung versetzt hätten "wie fünf pure W[sic]isky".
2585 2312 3362 2361 Sie trägt immer einen roten Turban, einen roten
2580 2344 3362 2390 Sweater, einen schwarzen Ledermantel, und mei¬
2580 2383 3356 2436 stens dunkle Knickerbockers und hohe Schnür¬
2583 2433 3359 2472 stiefel. Da sie sehr gesprächig und schlagfertig
2580 2461 3369 2505 ist und über eine dröhnende Stimme verfügt, übt
2580 2499 3369 2538 sie eine gewisse Tyrannei über uns aus. Man ist
2580 2533 3362 2580 nie vor ihr sicher, ausser wenn sie an der Schreib¬
2586 2574 3368 2618 maschine arbeitet. Sie ist dick, hat ein grosses
2589 2611 3353 2661 Gesicht und kleine, gleichzeitig schlau und gut¬
2589 2653 3368 2691 mütig blitzende Augen, versichert, so stark wie
2583 2687 3359 2728 irgendein Mann zu sein (woran niemand zwei¬
2583 2726 3368 2767 felt), und hält grosse Stücke auf sich. Ihre Pläne
2580 2765 3357 2809 hat sie bisher vor uns geheim gehalten und er¬
2586 2802 3368 2845 klärt nur, sie werde sich auf die nächsten
2580 2846 3369 2886 Schlachtfelder begeben. Die vierte Frau bin ich.\:p\
2616 2877 3368 2925 \p\Im Salon neben mir arbeitet ein junger indi¬
2578 2925 3368 2967 scher Arzt an einer Artikelfolge über Bombay,
2578 2958 3369 3011 Kalkutta, Singapore, Hongkong, Manila, Boston,
2578 2999 3372 3041 Baltimore und andere Städte, die er während der
2578 3031 3372 3086 letzten zwei Jahre besucht hat, um die Spitäler,
2578 3082 3368 3113 Laboratorien, Sanatorien und medizinischen Fa¬
2578 3109 3365 3155 kultäten zu studieren. Wir tauschen oft unsere
2578 3151 3359 3188 Artikel aus, und in den Pausen zwischen der Ar¬
2589 3188 3359 3225 beit unterhalten wir uns über Themen wie die zu¬
2578 3220 3365 3266 künftige Entwicklung Indiens und des britischen
2589 3264 3364 3308 Weltreichs, welches sich nach unserer gemein¬
2586 3296 3368 3335 samen Ueberzeugung in ein echtes "Common¬
2578 3331 3366 3382 wealth" selbständiger, durch das demokratische
2578 3366 3359 3417 Ideal mehr als durch politische Gewalt zusammen¬
2579 3408 3368 3465 geschlossener Länder verwandeln muss. Mein Ge¬
2579 3449 3365 3491 winnanteil während dieser Gespräche ist viel grös¬
2579 3493 3363 3526 ser als der meines indischen Freundes, denn er
2579 3526 3374 3576 geht auf jede Frage ein, die mich interessiert, und
2586 3567 3368 3611 wenn er sie nicht sofort beantworten kann, bringt
2589 3605 3365 3644 er mir sicher am nächsten Tag ein englisch ge¬
2595 3636 3365 3684 schriebenes Manuskript mit genauen, klar und
2578 3675 3216 3723 einfach ausgedrückten Informationen.\:p\
2622 3716 3368 3760 \p\Heute sind wir schon eine volle Woche unter¬
2595 3753 3365 3805 wegs, – aber das Fähnchen, das auf der Karte
2586 3802 3365 3841 unsere Route anzeigt, hat erst etwa die Ozean¬
2579 3838 3368 3879 mitte zwischen Neuyork und Lissabon erreicht.
2586 3875 3369 3915 Merkwürdigerweise ist keiner von uns ungedul¬
2589 3914 3368 3956 dig: das Ausserordentliche, das dieser Rückkehr
2580 3948 3369 3989 in die alte Welt und unsere Heimat anhaftet,
2586 3987 3365 4024 scheint die sonst üblichen Gefühle von Freude,
2580 4023 3366 4063 Aerger, rascher Reizbarkeit zu dämpfen und in
2580 4063 3365 4106 die richtigen Schranken zu weisen. – Am Anfang
2595 4101 3366 4148 der Reise, als die Passagiere sich untereinander
2580 4140 3369 4191 nicht kannten, wusste man nur, dass man sich
2586 4179 3365 4225 auf einem Dampfer nach Lissabon befand. Jetzt
2588 4213 3365 4257 wissen wir, dass Lissabon nur eine Station ist,
2580 4249 3365 4304 wo wir uns trennen werden, – und die Punkte
2589 4287 3368 4334 der Landkarte – Amsterdam, Paris, Griechen¬
2580 4326 3369 4375 land, Stockholm, Sofia, Zürich, London – gewin¬
2580 4369 2950 4425 nen ein neues Leben.\:p\
2813 4386 3365 4448 Annemarie Clarac-Schwarzenbach.
