4276 7129
443 4479 1020 4543 Kleines Kongo-Tagebuch
337 4531 1110 4594 von Annemarie \g\Clarac=Schwarzenbach\:g\
522 4575 949 4630 Abschied von Leopoldville
331 4613 1197 4674 \p\Seit der Abreise von Leopoldville habe ich schon
279 4651 1196 4708 genug Erfahrungen gemacht, um ein Buch damit zu
279 4699 1196 4738 füllen — aber auch genug, um zu wissen, daß es nur
279 4733 1196 4773 ein kleines Tagebuch werden wird. Denn das Schreib¬
277 4773 1196 4805 papier könnte mir ausgehen, oder die Maschine zer¬
279 4803 1182 4851 brechen, und vielleicht fressen die großen Termiten auch
285 4838 1196 4881 Farbbänder. Meistens hat man keinen Ort, wo man
279 4875 1196 4917 für eine Weile allein sein und nachdenken könnte. Und
273 4909 1131 4947 vielleicht ist es überhaupt gefährlich, nachzudenken —
283 4942 1196 4985 so, wie es gefährlich ist, ohne Tropenhelm auszugehen,
273 4982 1196 5023 sogar wenn der Himmel grau ist und man die Sonne
273 5016 1196 5052 nicht sieht. Und seitdem ich in diesem Land bin, war
273 5048 1196 5089 der Himmel immer grau. Die Menschen, die ich hier
273 5087 1196 5119 treffe, denken nur nach, wenn ihnen schwer ums Herz
277 5114 1196 5163 ist, oder wenn sie sich krank fühlen — und dann endet
283 5154 1196 5197 es häufig mit Trinken. Andere trinken immer, und
273 5192 1196 5227 machen das Klima für alles verantwortlich, oder den
273 5227 1196 5263 Krieg. Aber es gibt auch solche, die gar nichts trinken,
273 5262 1197 5307 entweder sind sie Missionare, oder Leute, die trotz des
273 5295 1196 5329 Klimas immer gesund sind, und selbst während des
273 5329 1196 5375 Kriegs den Mut nicht verlieren. Bei einem solchen
283 5363 1196 5406 Manne wohne ich jetzt. Ich kenne ihn erst seit zwei
279 5401 1196 5438 Tagen, er redete mich an, als ich mit einer Taschen-
273 5436 1197 5470 lampe vom Fluß heraufkam, und fragte mich, ob ich
279 5470 1196 5511 schon ein Bett für die Nacht habe, denn es gebe nicht
273 5507 1196 5545 viel Betten im Ort, und essen müsse ich auch. Im ersten
279 5545 1196 5585 Weltkrieg war er Kommandant, jetzt kauft er bei den
286 5574 1196 5617 Schwarzen Palmfrüchte ein, und beginnt auch, Kaffee
279 5614 1196 5654 zu Pflanzen. Er lebt ganz allein, und hat einen Last¬
277 5644 1196 5685 wagen, seine Frau und sein Sohn sind in Belgien.
277 5681 1197 5717 Einmal hat er Nachricht von ihnen bekommen durch
279 5715 1196 5752 das Rote Kreuz, und weiß, daß der Bub in die Schule
279 5752 1196 5792 geht, und daß sein Bruder Kriegsgefangener in Deutsch¬
279 5782 1196 5833 land ist. Er sagt, wenn er gewußt hätte, daß der Krieg
286 5821 1196 5868 kommt, hätte er seine Frau nicht nach Brüssel geschickt,
285 5863 1196 5912 aber sie war krank. Natürlich hätte sie auch in Leopold¬
279 5897 829 5932 ville operiert werden können...\:p\
327 5922 1196 5967 \p\Er hat mich gefragt, ob ich während des Krieges
279 5959 1196 6006 im Kongo bleiben werde, und ich weiß es wirklich nicht:
279 5994 1196 6033 daran habe ich gemerkt, daß ich nicht mehr viel nach¬
279 6031 1196 6072 denke. Was hätte es auch für einen Zweck, es hängt
283 6070 1196 6111 nicht von mir ab, ob ich ein Visum für ein anderes
288 6101 1196 6154 Land bekommen werde, und ob noch Schiffe fahren
1203 4480 2125 4524 können oder Flugzeuge. Wenn ich nachdenke, habe ich
1205 4512 2125 4554 Heimweh, und das kenne ich schon, man wacht mitten
1203 4547 2125 4586 in der Nacht auf und weint, weil man geträumt hat.
1209 4586 2125 4622 Hier gibt es Leute, die schon seit drei Jahren Heimweh
1192 4620 2125 4655 haben, denn die Diensttermine sind meistens drei
1192 4650 2098 4701 Jahre, aber jetzt können die, welche am Ende ihres
1191 4684 2125 4725 Termins sind und ein Anrecht auf sechs Monate Ur¬
1192 4723 2125 4770 laub haben, nicht nach Hause, und man schickt sie zur
1192 4762 1633 4814 Erholung nach dem Kap.\:p\
1246 4799 2125 4844 \p\Uebrigens ist das Klima jetzt nicht so schlimm, es
1192 4838 2125 4893 ist gute Jahreszeit, und in Leopoldville war es sogar
1192 4882 2125 4913 kühl, man konnte abends einen Sweater oder eine
1215 4913 2125 4966 Jacke vertragen, und viele Leute waren erkältet. Ich
1192 4943 2092 4985 kann mich an sehr schöne Abende in Leopoldville er¬
1192 4983 2125 5022 innern. Um sechs Uhr fuhr man manchmal hinaus, ein
1192 5017 2125 5057 kleines Stück flußabwärts bis zur „Corniche“, von dort
1192 5051 2125 5090 konnte man die Wasserfälle übersehen, und warten, bis
1192 5086 2125 5126 die Sonne wie ein großes, gelbes Feuer im schwarzen
1191 5120 2125 5171 Fluß versank. Das ging immer sehr schnell, und auf der
1192 5160 2125 5195 Heimfahrt waren am Waldrand die weißen Schwärme
1192 5194 2125 5227 der Eintagsfliegen so dicht, daß es im Scheinwerferlicht
1192 5227 2125 5274 aussah, als schneie es, und man den Scheibenwischer
1192 5263 2125 5308 brauchte. An der Wegkreuzung außerhalb der Stadt,
1192 5300 2125 5341 oder vielmehr zwischen Leopoldville und dem älteren
1192 5334 2125 5376 Teil, den man „Leo II.“ nennt, hielten wir manchmal
1192 5375 2107 5408 bei der «Auberge du petit pont» und tranken Kaffee.
1192 5404 2106 5450 Um diese Zeit waren immer viel Leute dort, Ange¬
1192 5432 2125 5492 stellte und Beamte mit ihren Frauen, und auch viele
1192 5473 2125 5521 belgische Soldaten und belgische und englische Flieger
1192 5508 2125 5549 und Offiziere. Aber mittags, wenn ich mit einem
1192 5544 2125 5588 Freund hinausfuhr, um Spiegeleier und Speck zu essen,
1192 5581 2125 5627 waren wir die einzigen Gäste, weil die Mittagspause
1192 5610 2125 5650 in Leo zu kurz ist, und die Leute nach dem Essen schla¬
1192 5647 2125 5700 fen wollen. Madame Thérèse, die Wirtin vom «Petit
1192 5690 2125 5731 pont», hat einen Gemüsegarten, und Hühner und
1192 5722 2125 5760 Schweine, darum ist das Essen bei ihr immer sehr
1192 5760 2125 5799 gut. In Leopoldville ging ich auch oft auf das Flug¬
1192 5785 2125 5826 feld, wenn die großen Flugzeuge aus Südafrika an¬
1191 5823 2125 5865 kamen, oder zum Presseattaché auf dem englischen Kon¬
1192 5864 2125 5913 sulat, oder auf die Zeitung, für die ich Artikel schrieb,
1205 5898 2125 5929 und sehr oft fuhr ich im kleinen Motorboot über den
1192 5934 2125 5967 Fluß nach Brazzaville, dort ist das Hauptquartier
1192 5962 2125 6010 von General De Gaulle, und ich ging immer zur Ra¬
1192 6003 2125 6043 diostation. Sie nehmen dort die Morsemeldungen der
1191 6036 2125 6081 Agenturen so schnell auf wie London oder New York,
1192 6074 2125 6109 und wir bekamen die Nachrichten ebenso schnell. Ueber-
1192 6099 2125 6153 haupt wurde in Brazzaville ganz anders gearbeitet
2121 4482 3052 4538 als in Leo, und es schien nur Offiziere und Soldaten
2121 4520 3052 4570 zu geben, die Zivilbevölkerung bemerkte man gar nicht.
2121 4553 3052 4601 Manchmal glaubte ich, ich sei lieber in Brazzaville,
2121 4583 3052 4628 aber wenn ich abends nach Leo zurückkam, und meine
2121 4620 2889 4678 Freunde wieder traf, war ich wie zu Hause.\:p\
2184 4638 3033 4708 \p\Mir scheint, wenn ich jetzt daran zurückdenke,
2121 4683 3052 4749 daß ich Heimweh nach Leopoldville habe, obwohl ich
2121 4731 3052 4778 vielleicht nicht hätte dort leben können. Man sagt, es
2133 4770 3053 4821 sei eine Stadt von Händlern und Kleinbürgern, und
2121 4811 3053 4847 ich kenne dort Menschen, die an einer erstickten Sehn-
2121 4848 3052 4889 sucht langsam sterben wie an einer Krankheit, es ist
2121 4882 3052 4916 gefährlich, daran zu rühren. Aber dann, wovon leben
2121 4916 3052 4955 wir Menschen! — In Europa, wo das Leben besser
2140 4946 3053 4984 und reicher war, sterben sie jetzt zu Tausenden in un¬
2121 4985 3052 5038 seren Ländern am Elend des Kriegs, und Abertausende
2120 5022 3029 5068 sind bereit für den Heldentod, andere möchten fort,
2121 5045 3052 5087 um nur irgendwo in Frieden ein neues Dasein zu be¬
2121 5087 3052 5131 ginnen. Aber ich habe mitten im Frieden Menschen
2121 5118 3052 5173 gesehen, die in großen Städten so elend waren, daß es
2121 5158 3052 5201 ihnen das Herz brach — und ich spreche nicht von den
2121 5192 3052 5235 Armen. Kürzlich zeigt man mir in Leopoldville einen
2121 5228 3052 5270 Brief aus Chicago, darin stand: „Es geht uns gut,
2121 5260 3052 5307 wir leiden keinen Mangel. Aber diese Stadt ist furcht¬
2121 5299 3052 5349 bar, es gibt zu viel Steine...“ — und man sagte mir:
2121 5329 2943 5385 „Aber hier im Kongo gibt es zu viel Grün!“ —\:p\
2184 5365 3053 5419 \p\Wenn ich ihnen so zuhöre, wage ich es nicht mehr
2121 5403 3029 5456 einen Rat zu geben oder eine Hoffnung auszusprechen
2121 5445 3052 5490 und wenn ich von vielen Orten erzähle, die ich schon
2121 5477 3052 5528 geliebt habe, und von denen mir der Abschied schwer
2121 5519 3052 5547 wurde, glaubt man mir nicht. „Heimweh nach Leopold¬
2121 5546 3034 5590 ville?“ sagen sie — „Du wirst es schnell vergessen
2121 5578 3033 5627 haben!“ — Aber so haben sie auch in Kabul geredet
2121 5619 3034 5668 in Baku, in Talinn, in Teheran, Ankara, Beyrouth
2120 5661 3052 5708 Aleppo, in Lissabon und in vielen anderen Städten.
2121 5702 3052 5742 Und ich habe Heimweh nach dem Nebel von Nantucket
2121 5723 3052 5769 und den Reben von Kabul und darf nicht daran den¬
2121 5757 3052 5805 ken, welche Jahreszeit es jetzt zu Hause ist. Hier sagen
2121 5803 3052 5837 sie nie „Sommer“ oder „Herbst“, sondern sprechen nur
2121 5830 3052 5881 von der trockenen Jahreszeit, oder von der guten und
2120 5868 3052 5921 schlechten, und rechnen nur nach Jahren bis ihr Termin
2121 5902 3052 5941 abgelaufen ist. Und doch — wie konnte man sich plötz¬
2121 5941 3052 5979 lich wunderbar trösten! — In Leopoldville gab es
2121 5974 3052 6021 einen Spaziergang an [sic] Rand der Stadt, wo an einem
2120 6020 3052 6050 Sandweg erst ein paar neubewohnte Häuschen stehen,
2121 6049 3052 6092 des Nachts im Mondlicht wurden die Wiesen dahin¬
2120 6084 3052 6132 ter zu einer großen, weiß im Weltall schwimmenden
2121 6118 3052 6169 Ebene, die Palmstämme schwebten darüber und war¬
3058 4488 3967 4531 fen keine Schatten, man konnte gehen und gehen und
3059 4522 3967 4567 die Stadt vergessen, und den Krieg, und daß es einen
3059 4555 3967 4604 nächsten Tag geben würde, so leicht und taufrisch war
3059 4595 3967 4638 die Nacht, so schmerzlos war es, zu atmen, so glück¬
3061 4627 3308 4674 lich war man!\:p\
3118 4664 3976 4711 \p\Jetzt bin ich in einem Kongoposten, der sieben Tage
3059 4705 3967 4752 flußaufwärts von Leopoldville entfernt ist, und wo es
3058 4745 3970 4786 nur 45 Europäer gibt. Sie sind Kaufleute und treiben
3059 4772 3967 4820 für ihre Gesellschaft Handel mit den Eingeborenen
3059 4812 3976 4855 oder sie haben kleine Plantagen, und das Leben ist
3058 4842 3967 4893 für sie sehr hart, aber der Ort ist schön wie ein Pal¬
3059 4879 3976 4927 mengarten. Einmal in der Woche kommt ein Flug¬
3059 4909 3967 4957 zeug von Leopoldville nach Stanleyville hier vorbei,
3058 4951 3976 4989 und zweimal im Monat ein Dampfer. Eine Straße
3059 4988 3977 5024 gibt es nicht, weil der Urwald viel zu dicht ist. Als der
3067 5019 3975 5066 Direktor der „Otrako" in Leopoldville mir eines Tages
3059 5056 3974 5107 sagte, daß er für den nächsten Morgen ein «Ticket de
3059 5095 3974 5133 service» auf dem 800-Tonnen-Dampfer für mich habe,
3059 5124 3974 5171 wußte ich noch nicht, was es bedeutet, so weit ins
3059 5157 3976 5208 Innere zu gehen. Ich begriff nur, daß ich abreisen
3058 5198 3974 5242 mußte und wieder ganz allein sein würde. Ich freute
3059 5234 3976 5277 mich überhaupt auf nichts, und es war doch meine
3059 5261 3976 5304 Arbeit, das Innere der Länder kennenzulernen und sie
3059 5295 3974 5338 aufrichtig zu lieben, um sie für andere Menschen be¬
3066 5331 3967 5382 schreiben zu können! — Und ich hatte es doch selbst so
3059 5375 3976 5413 gewollt! — Aber so ist man, immer feige, und fürchtet
3067 5406 3976 5443 jeden Schmerz, und doch ist er mit jener Freude ver¬
3059 5435 3970 5487 bunden wie ein Geschwister, die ich am weißen Welt¬
3058 5485 3975 5540 rand von Leopoldville empfand und immer wieder er¬
3059 5510 3166 5571 kenne.\:p\
3534 5507 3934 5571 (Lisala, 13. Juli 1941.)
