4775 6320
291 3861 2903 4112 "... der Libanon steht schändlich
224 4294 1530 4331 und zerhauen"
1671 4226 2659 4317 Prophezeiung des Jesaia 33, 9
224 4397 1751 4497 Die Zedern werden rar, König Salomon würde sie kaum mehr aus dem
224 4484 1748 4548 mageren Zedern-Reservat von den kahlen Libanon-Hügeln nach Jeru¬
228 4534 1748 4594 salem importieren wollen. Vorbei die alttestamentlichen Zeiten, man
231 4584 1654 4648 weiß nicht einmal, ob schon damals soviel Schnee fiel wie heute —,
224 4631 1745 4692 sicher ist nur, daß ein paar junge Europäer die ersten Skiläufer jener
228 4678 1748 4742 Gegenden sind. Jetzt gibt es schon handwerkstüchtige Armenier, welche
224 4725 1748 4785 Ski und Skibindungen herstellen, und das Libanon-Bähnchen zwischen
224 4779 1745 4836 Beirut und Damaskus befördert an den beiden Wochenenden, Donners¬
224 4826 1738 4879 tag und Freitag, die Sportesfreudigen auf die besonnten Terrassen der
228 4866 1748 4933 Dörfer Bamdun und Sofar. Von dort blickt man über die Terrassen
224 4923 1748 4980 und Weinmäuerchen, die Gärten und Bananenhaine bis zur weißen
228 4966 1748 5023 Hafenstadt Beirut und auf das blaue Mittelmeer hinaus — ein seltenes
224 5016 1684 5070 und in seiner umfassenden Pracht beinahe unwirkliches Panorama! —
224 5057 1748 5124 Dann wird angeschnallt — und ohne richtige sportliche Unternehmungs¬
224 5110 1748 5167 lust geht es nicht gut ab: denn die Strecken sind lang, die Steinmäuerchen
221 5160 1748 5211 in den tieferen Religionen sind unbequem, die Sonne ist ungemein stark,
224 5211 1745 5264 ein Schneesturm dagegen noch kälter und unangenehmer als im Schwei¬
224 5258 1745 5311 zerland. Mit dem Schnee vermischt fällt Wüstensand und bedeckt röt¬
224 5298 1748 5358 lich den Boden. Die Bahn bleibt stecken. Arbeiter im Turban oder Fez
234 5351 1745 5408 werden sie wieder freilegen, aber wann? Ist man mit dem Auto hinauf¬
231 5402 1751 5455 gefahren, so findet man sich auf einer im Handumdrehen vereisten
228 5448 1748 5505 Straße — und nirgends ein Palacehotel, um sich nach verbrachten Taten
224 5495 1745 5552 zu wärmen und zu erheitern! Einmal haben wir uns vor einem jähen
224 5539 1755 5596 Schneesturm in das Haus eines Libanesen geflüchtet und unser ganzes
224 5586 1748 5646 kleines Auto mit hineingeschoben. Damals fanden wir die ganze Familie
221 5639 1694 5690 frierend um einen Mangal, ein Becken mit glühenden Kohlen, geschart —
228 5686 1748 5743 die Mädchen barfuß, die Kleinen halb nackt. Diese Menschen, die großen¬
224 5733 1748 5783 teils Araber sind und aus der Wüste stammen, haben es nicht lernen
224 5780 1755 5837 können, sich den neuen klimatischen Bedingungen anzupassen und sich
234 5830 1748 5887 gegen den Winter zu wehren, wie wir es tun. Aber vielleicht erlernen
224 5884 800 5954 sie von uns das Skifahren?
1185 5884 1745 5951 Von Annemarie Clark-Schwarzenbach
2049 3399 2203 3466 \f\Höhenzüge des Libanon\:f\
224 3509 2917 3573 \fp\Man muß nur hoch genug hinaufsteigen, um den tausend Rebenmäuerchen zu entgehen, welche die ersten Höhenzüge des Libanon zu einer
224 3563 2867 3627 einzigen Riesentreppe machen. Hier oben, bei dem Dorfe Sofar, gibt es dafür weder Reben noch die selten gewordenen Zedern, —
228 3607 2913 3667 und schöne, glatte Schneeflächen belohnen den, der sich die Mühe des Aufstieges nicht verdrießen ließ. Wir begegnen da oben der
224 3660 2903 3724 kleinen Bahn Beirut - Damaskus. Dieses Bähnchen bleibt manchmal im Schnee stecken -, die Arbeiter in Turban, Fez und Beduinen¬
224 3710 1527 3771 Kopftuch sind als Schneeschaufler ein recht ungewohnter Anblick.\:fp\
2312 5454 2897 5493 \f\Dorf\:f\
3506 5656 4300 5743 \fp\Oben bricht ein Schneesturm aus -, wir
3493 5733 4296 5800 fahren so schnell es sich machen läßt
1855 5767 4296 5844 über viele Steinmäuerchen in das Dorf hinunter, wo wir unser Auto am frühen Morgen stehen ließen. Hier regnet es
1855 5830 4296 5887 bereits, der Wagen schwimmt in den aufgeweichten Schneemassen — am Abend in Beirut erwartet uns eine feuchte
1865 5884 4300 5957 Wärme — und wir beschließen, am nächsten Tag schwimmen zu gehen, um uns von unserem Skiausflug zu erholen.\:fp\
3291 4344 3921 4382 \f\Ein Druse\:f\
3506 4665 4290 4728 \fp\Der Druse versteht nicht, warum wir
3496 4712 4296 4772 nicht einfach das Damaskus-Bähnchen
3496 4765 4300 4822 benützen, auch für die Fahrt abwärts.
3503 4812 4296 4869 Er lacht gutmütig über die schnurrigen
3506 4859 4296 4926 Europäer, die zuerst eine Dampfmaschine
3503 4909 4303 4966 erfinden, und dann doch lieber zu Fuß
3503 4959 4296 5033 oder auf den unbekannten Brettern in
3506 5010 4039 5080 den Bergen herumsteigen.\:fp\
