9478 6320
413 487 4609 563 Arme Amerikaner
3350 779 4367 885 Von Dr. Annemarie Clark
3735 912 3974 1004 Aufnahmen:
3567 965 4146 1071 Resettlement Administration
3739 1040 3982 1102 Washington
3354 1146 4367 1252 \p\Am 4. November findet der amerikanische
3359 1239 4363 1301 Wahlkampf sein Ende. Man nennt ihn den
3359 1292 4363 1367 wichtigsten der ganzen amerikanischen Ge¬
3350 1354 4363 1434 schichte. Es geht darum, ob das Land das
3372 1407 4363 1482 «New Deal» Roosevelts annehmen will, ob
3354 1482 4350 1540 es jenen mittleren amerikanischen Weg
3350 1522 4363 1620 gehen will, der eine Organisation des Be¬
3350 1597 4363 1668 stehenden versucht, ohne der Freiheit des
3359 1655 4363 1721 Einzelnen Abbruch zu tun. Der «reiche
3350 1717 4363 1783 Amerikaner» ist bei uns eine bekannte Er¬
3350 1779 4363 1854 scheinung, es gibt auch andere Amerikaner\:p\
3323 2031 4580 2151 \p\Amerikanischer Lebensstandard, das ist bei uns ein
3297 2111 4575 2177 Schlagwort, das die Vorstellung von einem eigenen
3288 2173 4571 2239 Automobil, einem Badezimmer und Eiskasten in Arbeiter¬
3297 2226 4580 2283 wohnungen in sich schließt – kurz, die Vorstellung
3288 2279 4589 2336 eines ungewöhnlich hohen, fast luxuriösen, jedenfalls
3288 2332 4589 2398 äußerst komfortablen Lebensstandards, verbunden mit
3288 2385 4580 2443 einem fast völligen Fehlen kultureller und geistiger
3297 2443 4584 2509 Bedürfnisse. Diese uns geläufige Vorstellung ist nicht
3297 2491 4584 2562 ganz falsch – aber sie ist oberflächlich, wie übrigens
3297 2540 4584 2606 fast alle unsere Begriffe von amerikanischen Dingen.
3297 2602 4584 2664 Nicht alle Leute in Amerika leben mit Badezimmern,
3288 2655 4571 2713 aber ein großer Teil der Amerikaner erstrebt es als Le¬
3288 2713 4575 2770 bensziel: denn in Amerika, dem «Pionierland», wo jeder
3297 2752 4575 2823 Ankömmling sich erst ein Dach über dem Kopf er¬
3288 2810 4580 2881 arbeiten mußte, haben die äußeren Lebensgüter natürlich
3288 2872 4589 2951 an Wert gewonnen, – und für «Kultur» hatte man
3288 2907 3549 3005 keine Zeit.\:p\
3345 2938 4580 3044 \p\Heute sind die alten Pinonierzeiten vorbei. Der Neu¬
3297 3031 4584 3098 eingewanderte kann nicht mehr allein durch seine Tüch¬
3292 4925 4615 5018 tigkeit von der untersten Stufe der sozialen Rangleiter
3288 5005 4611 5075 und den schlechtesten Lebensbedingungen in die Mittel¬
3279 5058 4624 5129 klassen mit entsprechendem äußerem Komfort aufsteigen.
3288 5115 4611 5182 Breite Schichten Amerikas sind dazu verurteilt, in der
3288 5173 4611 5239 Klasse zu verbleiben und unter den Bedingungen zu
3288 5222 4611 5283 leben, in die sie hineingeboren wurden. Und in den alten
3288 5283 4611 5345 freien «Pionierzeiten», als jeder seine Chance hatte, Mil¬
3279 5328 4611 5394 lionär zu werden, hat man es versäumt, Organisationen
3288 5394 4611 5478 zum Schutze der Arbeiter und eine soziale Gesetzgebung
3288 5438 3553 5518 zu schaffen.\:p\
3350 5469 4615 5558 \p\Während durch die Vervollkommnung der technischen
3283 5545 4611 5611 Mittel dem Amerikaner die Forderung nach hygienischen
3288 5602 4611 5668 Lebensbedingungen und einem menschenwürdigen Stan¬
3283 5655 4611 5722 dard immer selbstverständlicher wird, sinkt im Gegenteil
3288 5708 4611 5797 der Lebensstandard zahlreicher verarmter Bevölkerungs¬
3288 5761 3806 5850 gruppen immer mehr.\:p\
4912 4929 6191 5036 \p\Die weißen Arbeiter auf den Baumwollplantagen des
4868 5022 6191 5089 Südens, die sogenannten «sharecroopers», leben nicht nur
4868 5080 6199 5142 unter den gleichen oder niedrigeren Bedingungen wie die
4868 5137 6195 5199 Nigros der gleichen Gegenden, ihre Bedingungen gehören
4868 5191 6191 5244 zu den schlechtesten der Welt, Ostasien miteingerechnet.
4872 5239 6195 5301 Und dies in einem mit Reichtümern gesegneten Lande,
4881 5283 6191 5385 wo niemand es nötig haben sollte, Hunger und Not zu
4868 5345 5027 5421 leiden!\:p\
4934 5359 6199 5469 \p\Wenn der Einzelne sich nicht mehr helfen kann, muß
4868 5438 6182 5514 die Regierung eingreifen. Der Amerikaner denkt demo¬
4868 5500 6191 5576 kratisch, er glaubt das gute Recht zu haben, von der Re¬
4868 5567 6199 5633 gierung Hilfe zu fordern. Und es gehört zu den Aufgaben,
4872 5611 6195 5677 vor die sich das «New Deal», das Aufbauprogramm der
4868 5660 6182 5730 Regierung Roosevelt, gestellt sieht, der Verelendung gro¬
4868 5717 6191 5792 ßer Bevölkerungsschichten durch planmäßige Hilfe ent¬
4863 5775 5261 5876 gegenzuarbeiten.\:p\
128 2066 478 2261 \f\Arbeiterwohungen\:f\
221 2969 2854 3044 \fp\Die Gegner Roosevelts erklären, es sei «verschwendetes» Geld, neue Arbeiterwohnungen zu bauen ... besser als lange Erklärungen
221 3040 2850 3098 illustriert diese für fast alle Industriegegenden Amerikas typische Aufnahme dieses Kapitel des amerikanischen «Lebensstandards». Es
221 3084 2850 3151 sind «Company–houses», Arbeiterwohnungen, die der Unternehmergesellschaft gehören und von ihr an die Arbeiter vermietet werden.\:fp\
3109 5519 3128 5571 \f\Flüchtlingskind aus Oklahoma\:f\
429 5584 2668 5651 \fp\Hygienische Errungenschaften? Amerika ist uns darin weit voraus – aber nicht jedermann profitiert davon. Aber
425 5646 2655 5708 heute ist das soziale Gewissen Amerikas erwacht, das frühere «laisser faire» ist einem neuen Verantwortungs¬
429 5695 2664 5757 bewußtsein gewichen, das vor allem in den Bemühungen der Regierung zum Ausdruck kommt: wie soll man
429 5735 2664 5801 diesem von Hitze und Fliegen geplagten Geschöpf und seiner Mutter helfen? – Es sind Flüchtlinge aus den von
434 5792 2668 5868 Trockenheit heimgesuchten Gebieten Oklahomas, die an der Landstraße im Imperial Valley in Kalifornien kampieren.\:fp\
4783 3885 4974 4009 \f\Baracken eines Share Croppers\:f\
5429 4062 6199 4151 \fp\Wir kennen die sauberen amerikanischen
5429 4146 6199 4195 Farmen, ausgestattet mit modernen
5429 4195 6199 4252 landwirtschaftlichen Einrichtungen bis
5429 4244 6199 4310 zum elektrischen Melkkübel – diese
5429 4283 6191 4345 Baracke ist das Gegenstück dazu:
5429 4336 6191 4390 das Heim eines sogenannten «share–
5429 4390 6199 4443 croopers», eines Baumwollarbeiters auf
5429 4434 6191 4491 einer Plantage im Süden. Das Bild illu¬
5429 4478 6191 4536 striert den niedrigsten amerikanischen
5429 4527 6199 4580 Lebensistandard, – das Los dieser im
5429 4575 6186 4624 Elend lebenden Leute zu verbessern,
5429 4620 6191 4695 ist ein Programmpunkt des "New Deal"
5429 4668 5934 4744 der Regierung Roosevelt.\:fp\
5518 2673 5801 2797 \f\Verarmte Familie in Automobil\:f\
5407 3739 7912 3806 \fp\«In Amerika besitzt jeder sein eigenes Automobil»  – ein Schlagwort, das bei uns Vorstellungen von Wohlstand erweckt, und das nicht nur durch die Massenproduktion von Automo¬
5407 3801 8965 3863 bilen in den Fordfabriken entstanden ist, sondern auch weitgehend der Wirklichkeit entspricht. Aber in Amerika ist ein Auto kein Luxusgegenstand, sondern ein Fortbewegungs¬
5407 3841 8943 3925 mittel. Dieses Bild einer verarmten Familie aus den Ozark-Bergen in Arkansas erzählt deutlich, was der Besitz eines Automobils in Amerika bedeuten - oder nicht bedeuten kann ..\:fp\
7863 4213 8133 4341 \f\Wohnung einer armen Familie in Cincinnati\:f\
6814 5699 8562 5761 \fp\In einer der großen, modernen, nüchternen Städte Amerikas, in Cincinnati (Staat Ohio)
6819 5757 8562 5823 findet man dieses in seiner drastischen Armut beinahe «malerische» Milieu: Wohn– und
6814 5792 8372 5868 Schlafzimmer und Küche in einem Raum, die Wohnung einer weißen Familie.\:fp\
