3744 5480
2752 4477 3598 4548 \p\„Sonne im Engadin“. Man hat schon lang¬
2751 4518 3597 4577 erwartet, daß die gepriesene und weltbekannte
2752 4544 3598 4617 Engadinersonne wieder einmal literarisch ein¬
2752 4614 3589 4660 gefangen werde. Aber das Geheimnis einer Land¬
2752 4650 3597 4696 schaft ist vielseitig und nicht so leicht zu entdecken,
2752 4694 3597 4733 es ist auch individuell. Das bedeutet nichts weniger
2752 4722 3597 4776 als einen Vorwurf gegen das kleine Bändchen
2752 4766 3590 4816 Arthur Manuals, allenfalls eine Einschränkung.
2752 4807 3598 4855 Nicht das mondäne Engadin, vielmehr das der
2775 4843 3597 4901 „Skiehasen“ wird uns beschrieben, und nicht jene
2775 4880 3598 4933 südlich-herbe Anmut der Landschaft, sondern deut¬
2752 4928 3597 4972 licher Hütten, Gipfelfahrten, „Erze, Gneiße, Gra¬
2752 4966 3597 5011 nit“. All das ist sehr leicht und munter erzählt,
2763 5008 3597 5049 zwar ohne große Gewandtheit, vielleicht mit Ab¬
2752 5048 3598 5089 sicht, es sollte wohl so ungeschliffen-männlich her¬
2752 5087 3591 5129 auskommen. Dieser Stil hat natürlich seine Be¬
2752 5123 3598 5170 rechtigung, und gerade das Schweizerische ist in
2752 5157 3597 5213 diesem Zusammenhang berechtigt, man vergißt
2752 5196 3602 5257 sonst vor lauter Fremdenverkehr, daß wir an sol¬\fml\\:p\
142 3771 981 3820 \p\\fml\chen Orten immerhin Heimatrecht besitzen. Andere
143 3817 1004 3877 Kapitel, etwa der Anfang der "Engadiner Städte"
168 3859 1004 3900 - sind eher mißlungen, die Bilder sind anfecht¬
143 3896 1004 3940 bar, ein wenig zu grell. Aber als Ganzes, als
143 3937 988 3990 Einfall, als Plauderei und Bilderbuch ist das
143 3972 934 4028 kleine Werk erfreulich (Verlag Rascher & Cie.).\:p\
639 4025 952 4080 \p\A. Schwarzenbach\:p\
