1614 2482
539 174 1022 244 „LOB DER FREIHEIT"
249 252 1451 313 \p\Es entspricht unserer Neigung das Leben in Theorien zu
163 313 1444 368 begreifen, wenn wir jede Epoche mit einem Schlagwort ver¬
157 368 1443 420 sehen und ihr den einseitigen Stempel einer Tendenz auf¬
157 416 1443 466 drücken. Es entspricht auch der amerikanischen Standardisie¬
161 471 1448 531 rung, welcher das Individuum heute mehr oder weniger seinen
165 529 424 587 Tribut zahlt.\:p\
247 586 1448 642 \p\Immerhin ist dem einzelnen die Möglichkeit der Rebellion
157 641 1439 705 geblieben. Daß aber die Theorie in solchem Maße zur Verein¬
157 696 1454 747 heitlichung neigt, daß das heutige Schlagwort der politischen
155 752 1446 802 Diktatur auch die geistigen Gebiete ergreift, scheint der kul¬
157 802 1446 850 turellen Vielfalt bedrohlich. Diese Vermengung politischer
157 855 1446 910 Haltung mit geistigen Lebensformen ist unerträglich und er¬
153 910 394 971 niedrigend.\:p\
245 965 1448 1026 \p\Gewiß ist es nutzlos, sich gegen den Geist der Epoche
155 1026 1444 1076 aufzulehnen, und keiner entrinnt der Zeit, welcher er angehört.
160 1080 1451 1131 Aber nie manifestiert sich eine Zeit in so einseitiger Weise wie
160 1139 1444 1188 eine oberflächliche Betrachtung der Geschichte es beweisen
152 1186 1444 1236 möchte: Sie nimmt nur die augenscheinlichste und vorherr¬
155 1241 1448 1291 schende Tendenz wahr, aber jede Zeit ist nicht ein Zustand
155 1302 1293 1351 schlechthin, sondern Ergebnis, Reaktion und Übergang.\:p\
247 1357 1443 1412 \p\Am eindeutigsten, scheint es, prägt sich das \g\politische\:g\
152 1409 1436 1460 Antlitz einer Epoche aus, hier ist Verwirklichung und Sphäre
155 1467 1448 1515 der Tat, gewaltig setzt sich der stärkste Anspruch durch, am
155 1530 1446 1580 strengsten unterwirft sich das Geschehen den Gesetzen der
155 1569 1444 1620 Reaktion. Fast ausnahmslos werden auf diesem Gebiet Ideen
152 1622 1439 1675 ad absurdum geführt, denn sie verwirklichen zu wollen ist die
155 1682 1439 1732 Absicht und der ewige Irrtum, und jenes Gesetz der Reaktion
152 1732 1436 1777 die unvermeidliche Folge: Die Ideen erstarren in ihrer „Ver¬
153 1783 428 1843 wirklichung".\:p\
237 1835 1439 1891 \p\Darum aber sollte stets das rechte Verhältnis gewahrt
148 1888 1443 1948 bleiben, die Sphäre der Tat sollte Auswirkung der geistigen
155 1945 1438 2003 Tendenz sein, diese aber im Bild einer Epoche das Lebendige,
155 1993 1439 2059 Vielfältige, durch keine praktische Forderung Gehemmte. Die
152 2049 1443 2108 Umkehrung der Ansprüche, die Versklavung der geistigen
152 2108 1435 2158 Kräfte im Dienste irgendeiner „Institution“ war stets eine Ge¬
152 2158 1441 2212 fährdung des kulturellen Reichtums. Selten fallen politische\fml\\:p\
153 173 1448 228 \p\\fml\Blüteperioden mit den geistigen Höhepunkten einer Nation
153 231 1444 284 zusammen, und nie hat es dem Geiste gefrommt sich in den
153 284 1444 339 Dienst des Staates zu stellen. Die kriegerischen Leistungen
161 337 1436 395 Spartas haben seine fehlende Kultur nicht ersetzt, die Begabung
157 395 1438 444 der Griechen hat in Athen das Reich ihrer Wirksamkeit gefun¬
160 449 1444 507 den. Wohl kennen wir fortschrittselige Epochen — sie folgen
157 499 1446 555 fast immer auf große äußere Siege — welche einen hohen Grad
160 555 1444 612 geistiger Aufklärung und materiellen Fortschrittes verbinden.
160 615 1443 666 Aber eben das Beispiel des neuen deutschen Kaiserreiches,
157 665 1446 715 welches so glanzvoll begann, lehrt, daß jene Angleichung und
165 712 1443 763 Vermischung der Lebenssphären den geistigen Anspruch herab-
157 767 679 820 setzt und verflachen läßt.\:p\
245 818 1446 875 \p\Die geistig-schöpferischen Kräfte brauchen Einsamkeit
157 878 1446 931 und Freiheit. Nirgends erhebt sich der Anspruch individueller
155 931 1439 980 Freiheit mit größerem Recht. Die der bürgerlichen Prosperität
153 997 1448 1044 so zuträglichen Epochen materiellen Aufschwungs erschlaffen
161 1038 1439 1099 oder vereinseitigen zum mindesten die tiefere geistige Reg¬
157 1088 334 1138 samkeit.\:p\
252 1141 1446 1205 \p\Noch bevor der bürgerliche Realismus sich geistig über¬
160 1196 1438 1252 lebte und in den Expressionismus umschlug, brach im Natura¬
157 1255 1446 1304 lismus und in der sozialen Revolution das Extrem seiner eige¬
160 1306 529 1357 nen Tendenz aus.\:p\
245 1354 1448 1412 \p\Die vorausgegangenen Generationen kämpften unter den
160 1417 1451 1467 mannigfachen Schlagworten der Demokratie für die große Idee
161 1470 1451 1522 der Freiheit. Ihre Errungenschaften genießend, verfielen sie dem
157 1522 1438 1580 Schicksal jeder Realisierung: der Einseitigkeit und Erstarrung.\:p\
247 1577 1439 1627 \p\Aber wenn heute auch die politische Form jener Tenden¬
160 1628 1451 1683 zen: der Parlamentarismus sich seinem Ende zuneigt, so sollte
157 1682 1443 1738 man nicht die Berechtigung und Wahrheit der geistigen Forde-
157 1738 1438 1793 rungen leugnen, welche darin ihre unvollkommene Verwirk¬
161 1794 1444 1843 lichung fanden. Das hieße das Kind mit dem Bade ausschütten,
163 1843 1439 1898 und ist die Art eines mittelmäßigen Verstandes, dem das Gefühl
165 1895 1443 1954 für die reinliche Trennung der Lebenssphären fehlt. Denn letzt¬
157 1953 1446 2009 lich gibt es nur wenige große geistige Grundanschauungen,
161 2006 1451 2059 welche immer wiederkehren und immer aufs neue in tausend
163 2062 825 2116 Formen ihren Ausdruck suchen.\:p\
247 2109 1451 2169 \p\Heute stehen wir, so hört man allgemein, im Zeichen der
155 2167 352 2219 Diktatur.\:p\
246 168 1448 228 \p\Ist es aber notwendig, die staatliche Tyrannei der Sowjets
162 226 1442 283 und die persönliche Autokratie der neuen Diktatoren und
158 278 1438 331 ultrareaktionären Volksführer, ist es notwendig, all diese hier
154 330 1442 383 nicht zu diskutierenden Erscheinungen in das geistige Leben
155 386 1440 440 eingreifen zu lassen, wo ihre Wirkung noch viel einseitiger
155 448 1445 499 und menschenunwürdiger ausarten müßte als in jenen Sphären
155 498 857 548 der Tat, welchen sie entstammen?\:p\
246 545 1443 603 \p\Ist es notwendig, daß wir — wie manche Symptome es ver¬
149 601 1442 651 raten — wieder Fanatiker der Intoleranz und Anbeter des
155 658 1443 708 Autoritätsglaubens werden, daß wir von panischem Schrecken
157 714 1442 763 vor der „Realität aller Werte“ erfaßt, uns in das extreme
157 763 1440 811 Gegenteil retten, als gelte nicht wenigstens auf geistigem Ge-
154 818 916 863 biet das Gesetz des schönen Maßes?\:p\
246 868 1440 921 \p\Nach der französischen Revolution hat eine ähnlich pa¬
157 921 1442 978 nische Furcht die heilige Allianz hervorgebracht, welche die
157 976 1442 1026 Griechen in ihrem Freiheitskampf zu unterstützen sich wei¬
157 1031 1448 1091 gerte, weil dieser Kampf gegen das Prinzip der Legitimität und
155 1089 550 1139 Autorität verstieß!\:p\
247 1139 1442 1190 \p\Dem Unbefangenen widerstreben die Äußerungen dieses
154 1191 1447 1243 Geistes ebenso wie ihm die bevorzugten Formen des heutigen
157 1257 1443 1299 politischen Lebens bedenklich erscheinen. Sollte die staats¬
157 1299 1443 1348 bürgerliche \g\Tüchtigkeit\:g\ wieder der geltende Maßstab für
157 1353 1440 1403 den „Wert“ des einzelnen sein? Und sollten die in vielen Kämp¬
157 1408 1443 1459 fen errungenen Bedingungen einer freien Persönlichkeit so
154 1458 903 1508 leicht wieder preisgegeben werden?\:p\
238 1510 1450 1563 \p\Allein das eine genannte Symptom: die religiöse Intoleranz
220 1569 1442 1616 wird zu einem Zeichen der Unkultur, gegen die unser Emp¬
158 1616 1443 1668 finden sich auflehnt. Humanität, Toleranz und ein reiner Wille
158 1671 1438 1723 bleiben durch alle sich wandelnden Daseinsformen die selbst¬
158 1726 1167 1779 verständlichen Forderungen eines freien Geistes.\:p\
729 1775 1448 1834 \p\Annemarie Schwarzenbach, phil. I.\:p\
