3768 5432
167 4500 1001 4568 „Emil und die Detektive“ von Erich Kästner. [Schlagwörter: Ästhetik, Kindheit, Freundschaft]
190 4568 1001 4610 \p\A. Schw. Gute Kinderbücher sind selten. Ent¬
143 4607 1001 4654 weder sind sie für Erwachsene und von ihrem
143 4650 1001 4692 Standpunkt aus geschrieben, oder sie haben be¬
143 4688 1001 4736 lehrende Absichten. Beides langweilt die Kinder.
143 4730 1001 4772 Es gibt ein Alter des Bilderbuches und eines der
143 4769 1001 4810 Jünglings- und Backfischromane. Dazwischen aber
155 4807 1002 4856 ist auch ein Alter: und dafür müssen Kinderbücher
149 4850 1001 4899 geschrieben werden, solche, die gerade nur das er¬
155 4880 1002 4934 zählen wollen, was Kinder lieben und nachfühlen
149 4928 1001 4969 können. Und es ist nicht wenig. Erich Kästner
143 4965 1001 5010 zum Beispiel kennt Kinder, die Abenteuer erleben
143 5003 1001 5051 und Verbrecherjagden veranstalten, er kennt ferner
154 5042 1001 5089 einen kleinen Knaben Emil, der seiner Großmutter
143 5080 1001 5123 140 Mark bringen soll und dem das Geld gestohlen
149 5122 1001 5166 wird. Aber wie sollte der Dieb Emil und seinen
155 5158 1002 5206 Freunden entgehen, den Detektiven, die ihn quer
149 5194 1001 5242 durch Berlin verfolgen, in Straßenbahnen und
143 5236 1001 5281 Autobussen, mit Taxis und Nachrichtendienst.
143 5280 969 5321 Sie alarmieren zehn, zwanzig, hundert Kame¬
149 5312 1001 5368 raden und umstellen ihn, ein ganzes Heer von
1017 3917 1894 3968 Kindern, bis Emil sein Geld wieder bekommen
1017 3966 1894 4008 hat, und noch tausend Mark Belohnung dazu. Es
1017 4004 1871 4047 ist also ein wirklicher, aufregender Abenteuer¬
1017 4044 1894 4090 roman, und zugleich auch ein Bilderbuch, so daß
1017 4083 1894 4125 wir die Helden und die Schauplätze ihrer Taten
1017 4123 1877 4165 gleichsam persönlich kennen lernen, was nicht
1017 4161 1865 4210 wenig zur Annäherung und Erheiterung beiträgt.\:p\
1062 4210 1829 4261 \p\(Verlag Williams, Berlin.)\:p\
