4349 7220
488 4657 1108 4728 Nachtflug über die Wüste.
443 4720 1151 4786 Von [Annemarie Schwarzenbach[gesperrt].
390 4762 1271 4818 \p\Man weckte mich in meinem Hotel in [Damas¬
338 4805 1271 4852 kus[gesperrt] um halb drei Uhr. Es war eine helle Nacht, und
338 4842 1271 4879 ich glaubte zuerst, es sei schon die Dämmerung, welche
340 4877 1271 4928 die Straßen weiß machte. Ich wurde von zwei Leuten
340 4916 1271 4957 der „French Air Line“ im Auto abgeholt, ein Kellner
338 4956 1210 4993 trug mein Gepäck hinaus, alles vollzog sich in Eile -
342 4984 1241 5028 und schon befanden wir uns auf der großen Straße,
338 5021 1271 5057 die zwischen leeren Hügeln zum Flugplatz hinaus
338 5054 1246 5100 führt Wir begegneten einer Kamelkarawane, die
340 5093 1271 5132 Treiber saßen zwischen den hohen Säcken, wiegten sich
338 5129 1271 5168 hin und her und sangen. Dazu hörte man das Geläut
338 5156 1271 5198 der kleinen Glocken am Hals der langsam schreitenden
337 5192 431 5243 Tiere.\:p\
383 5207 1271 5280 \p\Wir überholten sie und sahen von weitem die roten
338 5261 1271 5302 Lichter des Flugplatzes. Eine kleine Straße zweigte
342 5304 1271 5348 von der großen ab, wir fuhren zwischen den Schuppen
341 5340 1271 5377 und Flugzeughallen hindurch und blieben neben dem
340 5375 1246 5414 großen dreimotorigen Flugzeug stehen, dessen Pro¬
338 5408 1271 5450 peller schon liefen und blaue Funkengarben aus¬
338 5441 475 5489 sandten.\:p\
388 5454 1270 5524 \p\Mechaniker liefen hin- und her, es war sehr kalt,
338 5501 1252 5556 die beiden Piloten standen in ihrem dicken Lederzeug
338 5548 1252 5588 wartend und betrachteten den großen, zitternden Leib
338 5581 1243 5627 der Maschine. Dann stiegen wir ein, Decken und Fuß¬
338 5617 1271 5658 säcke wurden gebracht, die Türe schloß sich, das Licht
338 5656 1271 5693 erlosch, und wir rollten zwischen den roten Lampen
338 5686 1271 5725 hindurch über das Feld, schwebten schon über den
340 5722 1271 5772 Lichtern der Stadt und sahen gleich darauf die Gärten
338 5753 1271 5803 von Damaskus unter uns liegen — Oelbäume und
338 5790 1271 5842 Palmen, reiche, große Haine, ummauerte Vierecke,
338 5825 1271 5873 Brunnen, dunkle Flecken bebauter Erde — alles in
338 5866 1252 5903 weißes, milchiges Licht getaucht. Dann die Straße,
338 5902 1255 5940 ein geschlängeltes Band, die aus der Wüste kommt und
337 5934 1258 5972 in diesen mit Wasser und Fruchtbarkeit gesegneten
338 5970 1252 6010 Landstreifen führt, am Ende aller Mühen — daher
338 6002 1271 6050 auch die Stadt Damaskus ihre poetischen Beinamen
339 6041 1271 6081 der phantasievollen Sprache der Araber erhalten
339 6076 400 6106 hat.\:p\
378 6107 1271 6161 \p\Aber bald wurde die Nacht wieder dunkel und der
1273 4663 2204 4711 Glanz erlosch. Es waren nur noch die Hügel, die sich
1279 4708 2206 4745 wie der Faltenwurf eines Kleides nach allen Seiten
1283 4742 2194 4789 hin verliefen. Manchmal erkannte man ein Dorf:
1267 4777 2191 4828 einen festen Platz, umwehrt von den geschlossenen,
1267 4808 2194 4866 fenster- und lückenlosen Mauern der äußersten Häuser.
1267 4842 2194 4897 Innen reihte sich Hof an Hof, Gasse an Gasse, und
1267 4882 2204 4928 am Ost- und Westende verließ eine Spur das Dorf
1266 4914 1768 4957 und verlor sich in der Nacht.\:p\
1327 4928 2204 4993 \p\Bald hörten auch die Dörfer auf. Wir flogen in
1283 4987 2207 5036 tiefer Dunkelheit über die ungeborene Welt: die
1267 5015 1418 5063 Wüste.\:p\
1327 5054 2204 5107 \p\Erst nach zwei Stunden begann die Dämmerung.
1267 5096 2204 5142 Bisher hatten wir nur die kreisenden blauen Garben
1267 5123 2185 5167 der Propeller neben uns gehabt. Jetzt blieb hinter
1267 5162 2173 5206 uns der Himmel pastellblau, vor uns wurde er schwarz
1283 5200 2206 5237 und brach sich in violett und stahlblau an der roten
1267 5237 2204 5274 Wand im Osten. Die Feuerräder erloschen, unten be¬
1266 5266 2204 5317 freite sich die Wüste aus dem Schlaf, und tauchte aus
1267 5303 2204 5354 der Urnacht, und wir waren die ersten Menschen, vom
1267 5334 1780 5378 ersten bleichen Licht getroffen.\:p\
1327 5369 2204 5416 \p\Dann ging die Sonne auf, und es war wie der
1267 5401 2204 5453 Ausbruch eines großen Feuers und man sah lange
1279 5437 1570 5490 Zeit nichts mehr.\:p\
1315 5479 2204 5516 \p\Der Pilot öffnete die Türe zum Passagierraum und
1267 5516 2204 5551 winkte mir, nach vorne zu kommen. Schwarze Vor¬
1267 5552 2204 5592 hänge schützten den Blick vor den Sonnenstrahlen.
1267 5588 2204 5628 Durch die Spalten sah ich, wie unter uns das Licht
1267 5622 2204 5654 sich ausbreitete, wie die Sandhügel Reihe um Reihe
1267 5654 2204 5695 erglänzten, sich in eine Schatten- und Lichtseite teilten
1267 5695 2194 5734 und Gestalt annahmen. Nach allen Richtungen vollzog
1266 5724 2204 5771 sich dieses Spiel wie eine zarte Wellenbewegung, und
1267 5761 2204 5808 die Wüste, eben noch tot und von stumpfer Farblosig¬
1267 5798 2204 5848 keit, verwandelte sich nun in einen breiten fließenden
1267 5826 1818 5875 Strom mit goldener Oberfläche.\:p\
1326 5873 2204 5920 \p\Der Pilot zeigte mir Schakale und gleich darauf
1267 5909 2204 5950 Gazellen, die niedrig und weiß, von ihren Schatten
1267 5933 2204 5982 begleitet, unter uns hinwegflohen. Bald hörten die
1267 5972 2204 6007 Hügel auf und es gab nur noch Sand und große Flä¬
1266 6002 2204 6061 chen und manchmal verwehte Stellen, wo sich eine
1267 6037 2182 6088 winzige Erhebung gebildet hatte und Ringe sich wie
1272 6072 2204 6125 die Niveaulinien einer Landkarte im Sand abzeich¬
1266 6101 2204 6175 neten. Da und dort ein Wadi, ein ausgetrocknetes
2200 4674 3154 4735 Bachbett, und manchmal auch Wasser, in tiefen läng¬
2200 4712 2797 4764 lichen Brunnen schwarze Spiegel.\:p\
2266 4728 3154 4798 \p\Als es schon völlig Tag geworden war, sahen wir
2201 4780 3155 4838 die „Wüstenstraße“ — die Route der Karawanen, und
2201 4805 3155 4883 heute der großen Automobile, welche, von Damaskus
2201 4840 3154 4898 kommend, die Wüste in zwei Tagen durchqueren. Eine
2200 4883 3154 4949 Reihe von Wagenspuren, breit nebeneinander gelagert,
2218 4930 3126 4970 lief von unsichtbarem Anfang und führte zu dem Fort
2201 4961 3154 5033 Rutbah, dessen Wasserturm schon von weitem sichtbar
2200 4991 2290 5051 war.\:p\
2266 5024 3154 5072 \p\Und eine halbe Stunde später zeigte mir der Pilot
2200 5069 3154 5116 im Osten, noch weit entfernt, den schimmernden
2201 5095 2364 5155 Euphrat.\:p\
2266 5132 3154 5179 \p\Gleich veränderte sich das Bild. Die Hügel began¬
2214 5170 3154 5220 nen wieder, zahlreiche Einschnitte von Wasser, welches
2201 5204 3155 5260 in der Tiefe lag und wie ein Kristall sprühendes Licht
2201 5245 3155 5299 sammelte. An ihren Rändern gab es kleine, bald auch
2201 5273 3118 5323 größere Felder, schwarze Erde, sorgfältig gezogen
2201 5310 3126 5359 Ackerfurchen. Es gab Nomadenzelte, von einem Wall
2216 5347 3118 5399 aus Dornsträuchern eingefaßt. Kamele standen zwischen
2201 5381 3127 5424 den Anwesen und reckten die Hälse. Wir sahen eine
2201 5418 3124 5460 Karawane im Aufbruch begriffen. Vorne ritt schon
2212 5454 3154 5501 der Leiter auf der Kruppe eines Esels in die Wüste
2200 5480 3120 5530 voraus, einige Kamele lagen noch in den Knien und
2201 5516 3155 5570 warteten auf ihre Last, einige gingen schon, folgten
2201 5566 3154 5611 dem Esel und einer dünnen Spur im Sand, die ost¬
2200 5590 3154 5628 wärts zum Ufer eines großen Sees lief. Seine blaue
2200 5636 3154 5698 Fläche glänzte wie eines Messers Schneide und ich
2201 5658 2902 5718 hielt sie zuerst für eine Fata Morgana.\:p\
2262 5688 3155 5746 \p\Es gab [Fellachen[Kommentar: Ackerbau betreibende Bevölkerung im Nahen Osten und Ägypten, vgl. Rana Barakat: The Jerusalem Fellah. In: Journal of Palestine Studies, Band 46, Nr. 1 (181), Herbst 2016, S. 7–19.], die hinter dem Pflug hergingen,
2201 5738 3154 5789 und Büffel, die geduldig über das Feld zogen. Pal¬
2201 5764 3154 5832 men erhoben sich, schwarze Silhouetten, am breiten
2201 5809 3154 5848 Euphrat. Ueberall regte sich Leben, ländliche Tätig¬
2218 5844 3154 5885 keit, die Kultur der Ebene. Ich dachte daran, daß seit
2200 5890 3125 5930 fünftausend Jahren sich dem, der aus der Wüste
2201 5917 3154 5977 kommt, der gleiche friedliche Anblick bietet. Ein gelber
2201 5952 3154 6007 zerbröckelnder Block, Rest eines der uralten Tempel¬
2201 5986 3154 6037 türme des Landes, stand am Ufer und beschwor ein¬
2201 6008 2608 6064 sam die Vergangenheit.\:p\
2266 6028 3154 6100 \p\Plötzlich strich der Schatten unseres Flugzeuges
2200 6082 3016 6166 wie der eines riesigen Vogels darüber hinweg.\:p\
2266 6115 3155 6192 \p\Statt der raschen Gazellen waren es nun Schaf¬
3146 4693 4069 4744 herden, die auf den ersten, noch kargen Grasflächen
3150 4729 4069 4770 weideten. Wir sahen Grün, angelegte Gärten, einen
3148 4763 4060 4812 großen Palmenhain am segenspendenden Ufer. Eine
3146 4812 4066 4852 Brücke, eine kleine arabische Stadt, Rauch über den
3148 4834 4066 4877 flachen Dächern, Menschen winzig in den tiefen Höfen,
3148 4870 4063 4910 hoben die Köpfe, legten die Hand vor die geblendeten
3146 4907 3713 4956 Augen und sahen zu uns empor.\:p\
3203 4931 4063 4987 \p\Dann berührte der Pilot meine Schulter, sagte
3146 4970 4066 5024 etwas Unverständliches durch das Brausen der Mo¬
3150 5010 4067 5051 toren, schon neigte sich das Flugzeug, ich sah neben
3148 5042 4064 5094 mir den Fluß und die Palmenhaine an Stelle des
3148 5081 4066 5120 Himmels, und die Moschee mit den goldenen Mina¬
3150 5120 4067 5161 rets warf sich uns schwindelnd entgegen. Das Häuser¬
3148 5154 4066 5196 meer [Bagdads[gesperrt] kreiste um uns, war ganz nahe, fast
3148 5180 4064 5234 über uns, entfernte sich wieder, die Ordnung stellte sich
3148 5227 4066 5278 her, und wir rollten schon über das Flugfeld und lan¬
3146 5255 3251 5317 deten.\:p\
