3704 5408
256 401 802 477 Die Reorganisation
122 458 925 546 der Universität von Stambul
253 535 805 607 Das Werk eines Schweizers
334 611 967 688 \g\Konstantinopel\:g\, im November.
152 668 966 713 \p\Herr Malche, Ständerat und Professor an
104 708 922 752 der Universität Genf, hat einmal die Frage auf¬
104 747 938 798 geworfen: „Ist eine Universität ein Luxus?“ Die
110 789 929 832 Gelegenheit zu einer umfassenden Erörterung des
104 835 934 878 Universitätsproblems bot sich für ihn, als die tür¬
104 871 923 913 kische Regierung an die Schweiz das Gesuch rich¬
107 907 931 955 tete, einen Experten für die Reorganisation der
110 955 932 993 Universität Stambul zu entsenden. Prof. Malch¬
107 981 966 1041 war zum ersten Mal von Januar bis Mai 1932
104 1027 966 1088 in der Türkei. Er arbeitete einen Bericht aus, der
104 1063 967 1111 in der Türkei als „Rapport Malche" bekannt ist
104 1101 966 1141 und die höchste Anerkennung Mustafa Kemals und
104 1142 966 1185 des Unterrichtsministeriums fand. Prof. Malche
104 1180 966 1224 kehrte daraufhin im Mai dieses Jahres in die
104 1220 934 1261 Türkei zurück, um die Reformen durchzuführen.
104 1260 934 1309 Bei der grundlegenden Bedeutung des Universi¬
103 1297 928 1342 tätsproblems, wie es sich heute in der Türkei
107 1334 966 1396 stellt, war natürlich auch eine sehr gründliche Er¬
104 1383 617 1425 örterung desselben notwendig.\:p\
161 1402 930 1460 \p\Die Türkei hat in den zehn Jahren des Beste¬
104 1457 934 1498 hens der Republik eine Umwandlung auf allen
104 1493 934 1534 Gebieten erfahren, von deren Umfang man sich
107 1532 966 1596 schwer einen Begriff machen kann. Man zwang
104 1575 967 1633 ein Volk, das seit Jahrhunderten unter einer stren¬
104 1614 929 1665 gen religiösen Bevormundung vegetiert hatte, den
113 1649 937 1698 Sprung in das vollausgebildete Leben eines
113 1692 967 1760 Staates von westlicher Zivilisation zu tun. Das
113 1728 773 1780 erforderte mehr als äußere Reformen.\:p\
158 1751 966 1835 \p\Selbstverständlich ist das Problem der Schulen
110 1809 967 1849 und das der Universität von zentraler Bedeutung.
122 1854 966 1911 Die neue Türkei braucht ein Institut, das ein
113 1883 929 1932 Zentrum des geistigen Lebens der Nation dar¬
110 1912 967 1984 stellt. Aber die Studenten die aus diesem Institut
110 1966 919 2013 hervorgingen, müssen mehr besitzen als eine allge¬
110 2000 925 2048 meine geistige Bildung — sie müssen Fachkennt¬
107 2042 966 2093 nisse besitzen, sie müssen Lehrer, Juristen und
113 2079 778 2128 Aerzte sein, denn das Land braucht sie.\:p\
158 2111 966 2178 \p\Die heikle Aufgabe Prof. Malches bestand
110 2163 942 2209 darin, der Regierung zu unterbreiten, was der
110 2199 967 2248 Stambuler Universität fehle, um sie zu einem sol¬
104 2240 941 2281 chen Institut zu machen. Es fehlte ihr beinahe
104 2273 966 2320 alles. Noch herrschte die Lehrmethode, die bei uns
116 2316 934 2357 im Mittelalter geübt wurde. Der Student war als
104 2352 934 2400 Zuhörer zur Passivität verurteilt, der Professor
104 2390 966 2449 las seinen Text vor, eine Anweisung zu selbstän¬
104 2432 934 2477 diger wissenschaftlicher Arbeit gab es nicht. Es
104 2476 935 2523 kam häufig vor, daß die Studenten als „Disserta¬
104 2505 938 2547 tion“ eine Uebersetzung ablieferten von einem
113 2547 938 2590 Werk, dessen Autor sie nicht einmal kannten — und
110 2579 934 2630 die Professoren machten es nicht anders, sie über¬
110 2624 923 2671 setzten europäische Werke und versahen sie ledi¬
104 2662 966 2712 lich mit ihrem Namen. Einen Schutz geistigen
110 2702 967 2742 Eigentums kannte die alte Türkei nicht. Der
119 2742 967 2784 grundlegende Fehler aber war die Auffassung der
123 2780 931 2822 Wissenschaft als eines festen Bestandes von Tat¬
116 2819 967 2866 sachen, der Universität als einer Anstalt die die
113 2857 931 2904 Kenntnis dieses dogmatischen Bestandes weiterzu¬
110 2895 967 2942 geben hatte. Dagegen stellte Malche seinen Refor¬
110 2929 967 2986 men den Grundsatz voran: „Le dogmatisme et la
110 2964 967 3011 certitude sont le contraire de la science", seine
110 3012 967 3045 Reformen aber verfolgten nur ein Ziel; den Stu¬
110 3048 967 3094 denten an selbständige Arbeit zu gewöhnen, ihm
107 3086 966 3133 nicht Kenntnisse und Gedächtniskram zu vermit¬
110 3134 968 3173 teln, sondern ihn die Methode und die Haupt¬
110 3163 793 3221 probleme seiner Wissenschaft zu lehren.\:p\
170 3193 941 3247 \p\Dieses Ziel ist bei uns längst eine Selbstver¬
113 3236 966 3287 ständlichkeit, für die türkische Universität ist es eine
110 3281 967 3322 ungeheuer schwierige Aufgabe. Allein die Tatsache,
113 3323 966 3365 daß es keine oder nur ganz ungenügende Publika¬
113 3362 937 3408 tionen in türkischer Sprache gibt, macht den Stu¬
110 3389 967 3446 denten vollständig von der Vorlesung abhängig
113 3441 966 3477 und hindert ihn an jeder selbständigen Informa¬
110 3477 943 3524 tion. Prof. Malche hat deshalb obligatorische
119 3518 941 3558 \g\Sprachkurse\:g\ eingerichtet, die mit regelmäßi¬
113 3548 966 3604 gen Prüfungen am Ende eines Schuljahres ver¬
113 3593 966 3629 bunden sind. Ein Student, der die Prüfung zwei¬
119 3627 966 3673 mal nicht besteht, wird von der Universität ausge¬
116 3673 967 3710 schlossen. Die Studierenden werden auf diese
125 3707 941 3754 Weise gezwungen, wenigstens eine der westlichen
122 3753 964 3791 Kultursprachen zu erlernen. Natürlich werden da¬
962 361 1799 408 neben die Publikationen in türkischer Sprache ge¬
962 403 1797 447 fördert. Die Verlegung der medizinischen Fakultät
962 441 1793 483 von Haidar Pascha nach Stambul ist eine weitere
962 479 1803 527 wichtige Aenderung. Bisher befand sich diese
966 511 1839 570 Fakultät auf dem asiatischen Ufer, also getrennt
966 563 1806 600 von den Krankenhäusern. Dafür wurde eine spe¬
969 599 1839 651 zielle Klinik in Haidar Pascha unterhalten, die
962 639 1840 676 viel Geld verschlang und nur einige chronische
962 676 1803 716 Kranke beherbergte. Dabei wurden Gynäkologen
962 714 1793 756 ausgebildet, die nie eine Geburt gesehen hatten.\:p\
1020 749 1839 806 \p\Es folgte die Zentralisierung und Neuorgani¬
962 784 1839 832 sation der \g\Bibliotheken\:g\. Die alte Bibliothek
969 831 1799 877 durfte nur bis vier Uhr nachmittags besucht wer¬
962 851 1839 930 den und lieh außerdem keine Bücher aus. Jetzt
966 910 1839 966 werden die Studenten lernen, sich der Bücher und
972 940 1840 984 Publikationen zu bedienen, zu lesen, und selbstän¬
962 985 1839 1032 dige Nachforschungen zu machen. Denn die Uni¬
962 1024 1839 1084 versität soll nicht nur eine Lehranstalt sein, sondern
962 1064 1797 1103 auch der \g\Forschung\:g\, in erster Linie der
962 1101 1839 1142 Landesforschung dienen. Auch wird es ihre wich¬
962 1134 1839 1182 tigste Aufgabe sein, eine geistige Elite innerhalb
962 1182 1803 1218 der jungen türkischen Generation heranzubilden.
969 1218 1799 1273 Die Türken sollen in einigen Jahrzehnten so wei
962 1259 1722 1314 sein, selbständig Wissenschaft zu betreiben.\:p\
1017 1271 1839 1357 \p\Natürlich war es jetzt noch nicht oder nicht
962 1335 1799 1394 mehr möglich, den ausschließlich türkischen Lehr¬
962 1355 1839 1427 körper beizubehalten. Die Stambuler Universität
966 1417 1808 1460 zählte etwa 2500 eingeschriebene Studenten und
969 1458 1797 1501 150 schlechtbezahlte Professoren. Von diesen Pro¬
969 1492 1804 1543 fessoren wurden ungefähr hundert pensioniert. Die
962 1520 1839 1581 Zahl der Studenten beträgt heute etwa 1800. Man
962 1569 1839 1611 weiß bereits, daß die türkische Regierung dreißig
962 1615 1839 1663 \g\deutsche Professoren\:g\ angestellt hat, die in¬
975 1651 1799 1696 folge der Hitlerschen Verfolgungen ihre Heimat
962 1689 1805 1726 verlassen haben. Unter ihnen befinden sich nam¬
962 1722 1839 1770 hafte Wissenschaftler wie der Berliner Mathemati¬
962 1762 1839 1809 ker Van Mises, der Chirurg Nissen, der Natur¬
962 1799 1803 1858 philosoph Reichenbach, der Gynäkologe Leo Spitzer
962 1840 1803 1889 der junge Nationalökonom Röpke, Strupp, der be¬
969 1877 1839 1940 rühmte Lehrer für internationales öffentliches
962 1922 1799 1969 Recht, Freundlich, der frühere Direktor der Ein¬
966 1942 1839 2019 stein=Sternwarte in Potsdam. Die Möglichkeit,
962 2001 1809 2054 diese Gelehrten zu gewinnen, hat das Niveau der
962 2034 1799 2077 Universität von vornherein sichergestellt. Die Pro¬
975 2066 1839 2125 fessoren werden drei Jahre lang deutsch lesen und
962 2104 1839 2183 türkische Uebersetzer zur Seite haben. Natürlich
975 2159 1803 2197 hat der nun unausbleibliche deutsche Einfluß An¬
962 2193 1803 2244 laß zu Besorgnissen besonders von französischer
975 2230 1840 2290 Seite gegeben. Denn die \g\Franzosen\:g\ sind nur
962 2265 1839 2307 durch fünf Professoren vertreten — unter ihnen
972 2302 1841 2358 der Physiker Marcel Fouche — die Schweizer bis
975 2346 1793 2397 jetzt einzig durch den Genfer Zoologen André \g\Na¬
962 2374 1839 2431 ville\:g\. Es ist verständlich, daß sich die Franzosen
975 2422 1804 2472 zurückgesetzt fühlen, umso mehr, als der Unter¬
975 2465 1839 2511 richt an den höheren türkischen Schulen und das
972 2503 1805 2552 gesamte Bildungswesen bisher allein von Frank¬
975 2542 1796 2591 reich her beeinflußt war. Trotzdem ist der Stand¬
969 2584 1804 2629 punkt des türkischen Unterrichtsministeriums auch
969 2621 1839 2670 für diesen Fall der einzig anerkennenswerte:
962 2659 1839 2705 „Die Universität dient nicht der deutschen oder der
962 2694 1839 2767 französischen Wissenschaft, sondern der Wissenschaft
962 2740 1161 2799 schlechthin."\:p\
1026 2757 1840 2824 \p\Der erste Unterrichtsminister, der Prof. Malche
962 2812 1803 2861 in seiner Tätigkeit unterstützte, war Dr. Rechit
969 2854 1810 2899 Galip Bei — nach seiner plötzlichen Demission
962 2889 1793 2940 folgte interimsweise Dr. Héfik Bei. Seit drei
962 2921 1805 2972 Wochen ist Hikmet Bei, bisher Sekretär des Gazi,
962 2969 1803 3007 Unterrichtsminister. Dieser häufige Wechsel hat
962 3004 1808 3054 natürlich die Organisationsarbeit sehr erschwert.
962 3049 1806 3091 Doch hat Prof. Malche für seine Pläne immer
962 3084 1840 3133 weitgehendes Verständnis gefunden. Man hat
962 3120 1803 3162 in der Türkei begriffen, daß die Frage der Uni¬
978 3161 1840 3204 versität eine Frage des gesamten geistigen und
975 3191 1839 3256 moralischen Lebens der Nation ist. Man hat aber
962 3223 1839 3306 auch begriffen, daß die wissenschaftliche Sphäre
962 3276 1805 3322 frei und unangetastet sein muß. Man hat sich ge¬
962 3318 1839 3368 hütet, sie in den Dienst des Nationalismus zu
975 3351 1799 3399 stellen, weil ja jede Zweckbestimmung und Ver¬
962 3394 1812 3451 gewaltigung der Tod des geistigen Lebens wäre.
962 3430 1808 3481 In allen geistigen Fragen herrscht in der neuen
978 3468 1808 3528 Türkei deshalb eine bewundernswerte Toleranz.
1029 3507 1839 3554 Am 31. Juli 1933 wurde die alte Universität
962 3548 1799 3590 von Konstantinopel, die Universität des Theodo¬
962 3582 1803 3627 sius, aufgelöst. Am 1. August eröffnete man die
962 3615 1839 3687 neue Stambuler Universität, die dem Geist der
962 3656 1839 3711 wissenschaftlichen Arbeit dienen soll, und dadurch
975 3701 1763 3754 dem Land und dem Volk zugute kommen wird.\:p\
1241 3752 1781 3806 Annemarie \g\Schwarzenbach\:g\.
