3696 5432
2730 4441 3472 4506 „Hans Frischmuths Weg ins Glück" [Schlagwort: Ästhetik, Jugend, Jugendbewegung, Bürgertum]
2853 4494 3351 4541 von Rudolf Schwarz
2730 4527 3578 4592 \p\A. Schw. Die Auffassung ist von großer Frische
2730 4582 3578 4625 die Wirkung wird etwas beeinträchtigt durch den
2730 4619 3585 4667 wenig ausgefeilten Stil. Anscheinend stehen dem
2730 4658 3578 4705 Verfasser erst begrenzte technische Mittel zur Ver¬
2730 4702 3578 4747 fügung. Im Ganzen paßt sich aber die Schlichtheit
2730 4743 3578 4783 des Ausdrucks dem Erlebniskreis der Erzählung
2730 4780 3579 4825 an: Rudolf Schwarz beschränkt sich auf eine klein¬
2730 4824 3578 4865 bürgerliche Welt, mit der sich der junge Hans
2730 4858 3578 4911 Frischmuth auseinandersetzen muß. Auf der Suche
2730 4905 3585 4945 nach geistigen Aufgaben und von mancherlei Pro¬
2730 4943 3578 4983 blemen bedrängt [,] kommt er zunächst zum blauen
2730 4986 3585 5030 Kreuz und damit zu einem Teil der großen Ju¬
2730 5023 3567 5067 gendbewegung. Das Buch bringt dann die verschie¬
2730 5064 3578 5105 denen Formen solcher Bünde, Diskussionen über
2730 5096 3578 5145 Alkoholverbot, Frauenstimmrecht, Antisemitismus
2730 5146 3572 5184 und Berufswahl, man hört von Sonntagswande¬
2730 5182 3572 5234 rungen, von Zusammenkünften und Landsgemein¬
2730 5221 3572 5272 den. Alle diese Unternehmungen zeugen von fröh¬
2730 5261 3572 5312 licher Tatbereitschaft, von bestem Willen und un¬
2730 5302 3585 5358 besiegbarem Optimismus. (Heinrich Majer-Verlag,
2730 5331 2846 5395 Basel.)\:p\
