4252 5669
865 3747 1672 3820 Von einem Neger geschrieben
468 3814 1260 3880 \p\Der Roman "Native Son" verdankt seinen unge¬
439 3866 1244 3912 heueren Erfolg nicht der Tatsache, dass sein Verfas¬
439 3901 1261 3938 ser, Richard Wright, ein amerikanischer Neger ist.
438 3935 1260 3976 In den ausnahmslos begeisterten Besprechungen wird
438 3965 1260 4009 wohl darauf hingewiesen, dass nur ein Neger dieses
438 4000 1260 4036 Buch schreiben, und so tief in die Psychologie eines
446 4034 1260 4077 jungen Schwarzen eindringen konnte, der in einer
438 4071 1260 4105 ihm feindlich gesinnten, sozialen Umwelt aufgewach¬
438 4101 1260 4139 sen ist und sein Leben lang nichts anderes gekannt
438 4135 1251 4174 hat, als sich gegen diese Umwelt abzuschliessen, sich
439 4167 1261 4211 gegen sie verteidigen zu müssen, sie zu fürchten, und
446 4202 1260 4234 von ihr gedemütigt zu werden. Aber kein Kritiker
431 4229 1261 4273 hat es gewagt, darauf aufmerksam zu machen, dass
439 4266 1261 4302 der Dichter seine Kenntnisse über das amerikanische
438 4296 1260 4335 Neger-Problem und sein Verständnis für den jungen
439 4333 1261 4367 Helden seines Buchs nicht nur aus der rassischen
446 4364 1260 4406 Verwandtschaft mit den Negern schöpft, sondern
439 4394 1261 4440 dass er vielmehr selbst als Neger im Staate Missi¬
438 4427 1260 4468 sippi geboren wurde, selbst in der sozialen Umwelt
439 4465 1261 4504 aufgewachsen ist und alle Erfahrungen durchge¬
443 4495 1260 4537 kostet hat, die den Romanhelden Bigger Thomas
441 4523 1260 4566 schliesslich zum Verbrecher machen und ihn auf den
439 4558 1261 4605 elektrischen Stuhl bringen, – während er, Richard
439 4596 1261 4631 Wright, es den gleichen Erfahrungen verdankt, heute
431 4626 1261 4672 zu den berühmten Autoren Amerikas, zu den Preis¬
431 4658 1261 4698 trägern des "Buchs des Monats" und Inhabern einer
439 4693 939 4734 Guggenheim-Stiftung zu zählen.\:p\
461 4709 1260 4775 \p\Bis zu einem gewissen Grade sind die Amerikaner
431 4755 1261 4794 ja Demokraten. Es wäre taktlos, aus der Tatsache,
439 4784 1261 4837 dass Richard Wright ein Neger ist, eine Sensation
434 4824 1260 4860 zu machen, – und sein Erfolg legitimiert ihn. Aber die
431 4858 1261 4893 Behandlung, die dem Schriftsteller Richard Wright
431 4892 1261 4934 zuteil wird, wurde dem jungen Bigger Thomas nicht
431 4925 1240 4961 zuteil. Es handelt sich um folgende Geschichte: Bigger
443 4954 1260 4994 Thomas, der zwanzigjährige Sohn einer arbeitslosen,
434 4989 1260 5026 frommen Negerin in Chicago, erhält durch das Un¬
439 5021 1261 5060 terstützungsbureau eine Stellung als Chauffeur bei
434 5062 1260 5092 reichen Leuten. Mr. Dalton, sein neuer Chef, ist Lie¬
443 5083 1260 5127 genschafts-Händler und besitzt unter anderem die
443 5120 1260 5164 Majorität der Anteile einer Gesellschaft, die im
443 5157 1260 5193 schwarzen Viertel Wohnungen an Neger vermietet,
446 5186 1260 5239 auch an die Mutter von Bigger Thomas, die für ihre
1272 3821 2073 3873 Einzimmer-Wohnung acht Dollar wöchentlich zahlt,
1297 3873 2094 3910 – mehr, als arme Weisse in anderen Quartieren der
1272 3896 2094 3946 Stadt zahlen müssen. Aber das erklärt sich daraus,
1272 3931 2094 3976 dass Neger nur in dem ihnen zugewiesenen Viertel
1272 3965 2094 4008 hausen können, wo die Wohnungen knapp sind und
1272 3993 2094 4041 die Preise also in die Höhe gehen. Mr. Dalton ist
1272 4029 2094 4075 ein aufgeklärter, liberaler und menschenfreundlicher
1272 4061 2094 4100 alter Mann, er hat für Neger-Clubs, Schulen und
1272 4098 2094 4130 Wohlfahrts-Institute schon fünf Millionen ausge¬
1288 4130 2075 4172 geben, und er engagiert den jungen Bigger als Chauf¬
1272 4160 2096 4201 feur, weil dieser aufgeweckte, arme Junge einmal
1272 4195 2094 4227 seine Chance im Leben erhalten soll. Die junge Toch¬
1272 4225 2094 4273 ter von Mr. Dalton ist Kommunistin, zeichnet heim¬
1272 4263 2094 4302 lich Checks für ihren kommunistischen Freund Jan,
1272 4293 2094 4341 und nimmt den neuengagierten Chauffeur ihres Va¬
1272 4328 2094 4371 ters, Bigger Thomas, mit, wenn sie abends heimlich
1272 4362 2094 4401 Jan trifft. Jan ist ein netter, anständiger, vorurteils¬
1272 4392 2094 4442 loser Mensch. Für Ihn ist es selbstverständlich, dass
1272 4426 2094 4466 Bigger zwischen ihm und Mary am Führersitz des
1272 4458 2094 4504 Automobils sitzt, mit ihnen im Restaurant am glei¬
1272 4491 2094 4534 chen Tisch isst, ihm die Hand schüttelt und ihn
1272 4521 2094 4557 beim Vornamen nennt. Er händigt dem eingeschüch¬
1272 4555 2094 4592 terten, ratlosen Bigger Pamphlete aus, welche die
1272 4592 2096 4631 Ziele der kommunistischen Partei erklären und die
1272 4624 2094 4663 Brüderschaft aller Menschen, auch der Weissen und
1272 4656 2096 4697 Schwarzen in Amerika, predigen. Es ist ihm auch
1279 4691 2094 4734 selbstverständlich, Mary Dalton in später Nacht¬
1272 4721 2094 4764 stunde dem Chauffeur Bigger anzuvertrauen, und
1272 4757 2094 4792 Bigger bringt sie nach Hause, und führt sie, da sie
1272 4791 2094 4828 betrunken ist, bis in ihr Zimmer hinauf. Aber wäh¬
1272 4819 2094 4856 rend er noch mit ihr beschäftigt ist, kommt die
1272 4854 2094 4899 blinde Mutter von Mary, Mrs. Dalton, in das Zim¬
1272 4881 2094 4934 mer, – und der junge schwarze Angestellte fühlt
1279 4920 2094 4959 sofort, dass dies die Katastrophe ist, das es seine
1272 4952 2094 4991 Entlassung, und wer weiss welche Anschuldigungen
1270 4987 2094 5026 bedeuten würde, wenn es entdeckt würde, dass er
1272 5016 2094 5063 nachts um zwei Uhr im Schlafzimmer der betrun¬
1272 5049 2094 5099 kenen Mary Dalton war. Die ganze Zeit, während die
1272 5086 2094 5120 Blinde im Zimmer ist, presst er ein Kissen auf das
1272 5118 2094 5156 Gesicht von Mary, damit sie nur still ist. Dann riecht
1272 5148 2094 5189 die Mutter den Whisky, dreht sich traurig um, und
1272 5179 2094 5228 schliesst die Türe hinter sich. Nichts ist passiert.
2103 3706 2920 3758 Aber Bigger, als er das Kissen loslässt, weiss sofort,
2101 3756 2920 3797 dass Mary erstickt ist. Er hat sie ermordet. Er, der
2101 3786 2769 3837 Nigger, hat ein weisses Mädchen ermordet.\:p\
2137 3825 2920 3866 \p\Alles, was noch in diesem höchst aufregenden Buch
2096 3857 2920 3899 geschieht, ist eigentlich uninteressant, – ist nur noch
2096 3898 2911 3937 die unweigerliche, tragische Folge des bereits Ge¬
2096 3921 2920 3969 schehenen. In einer schwachen Stunde zieht Bigger
2096 3960 2920 4000 seine Freundin Bessie ins Vertrauen. Als er sieht,
2096 3984 2920 4031 dass sie dem Schrecken eines solchen Schicksals,
2096 4023 2920 4061 welches sie als Missetat empfindet, nicht gewachsen
2096 4055 2920 4100 ist, – dass sie ihn verraten wird, – erschlägt er sie;
2096 4094 2920 4137 denn jetzt kämpft er um sein nacktes Leben. Als er
2112 4130 2920 4162 aber doch von seinen erbarmungslosen Verfolgern,
2096 4151 2902 4199 einer gross angelegten Polizeiaktion, und der Jagd
2096 4194 2920 4225 weisser, empörter Zivilisten überwältigt und schliess¬
2096 4220 2920 4277 lich auf dem schneebedeckten Dach eines Chicagoer
2096 4257 2920 4298 Hauses, von eisigen Duschen der Feuerwehr-
2096 4289 2911 4325 Schläuche betäubt, gefangen wird, als er dem Ge¬
2096 4319 2909 4365 richt überliefert und trotz des schlichten, wahrheits¬
2096 4349 2914 4388 getreuen, eindringlichen Verteidigungsrede eines
2096 4383 2902 4431 jüdischen Rechtsanwalts zum Tode auf dem elektri¬
2096 4422 2909 4472 schen Stuhl verurteilt wird, – als dies alles einge¬
2096 4454 2909 4484 treten ist, wie der Leser es eigentlich von der ersten
2096 4484 2914 4520 Seite an erwartet hat, – da hört das Buch einfach
2096 4520 2909 4560 auf. Der Schriftsteller Richard Wright lehnt es ab,
2096 4560 2911 4589 eine Antwort auf das von ihm aufgeworfene Problem
2096 4585 2911 4619 zu geben. Der Neger Richard Wright resigniert: denn
2096 4619 2911 4654 selbst die ehrliche Freundschaft des Kommunisten
2096 4651 2909 4693 Jan hat dem armen Bigger nur Unglück gebracht.
2096 4684 2909 4720 Nachdem aber dieser bisher unschuldige, aber bisher
2096 4718 2911 4757 harmlose Bigger Thomas ein weisses Mädchen er¬
2096 4746 2918 4789 mordet hatte, – fühlt er sich ein paar Stunden, einen
2096 4782 2906 4826 Tag lang, frei. Diese grauenhafte Tat, dieses Un¬
2096 4824 2909 4853 glück war nötig, um ihm die Augen zu öffnen, jetzt
2096 4849 2909 4884 erst hat er ein eigenes, allerdings geheimes, krimi¬
2096 4881 2909 4922 nelles Leben, ein Leben, das ihn wahrscheinlich irdi¬
2096 4920 2911 4959 schen Gewalten und dem elektrischen Stuhl ausliefern
2094 4948 2909 5000 wird, – aber er hat gehandelt! – Er hat Schuld auf
2096 4978 2907 5016 sich genommen! – Er ist nicht mehr blind, wie seine
2096 5007 2906 5047 betende Mutter, – blind, wie seine Gefährten, die
2096 5044 2909 5086 sich von Tag zu Tag ernähren, indem sie kleine Dieb¬
2096 5076 2909 5118 stähle begehen, natürlich bei Schwarzen, ihres¬
2096 5115 2911 5152 gleichen, – und nicht mehr blind wir Mr. Dalton,
2096 5143 2918 5182 der es auch noch gut meint, Ping Pong-Tische für
2096 5182 2920 5232 Negerklubs zahlt und einem jungen Nigger eine
2936 3697 3749 3768 Chance im Leben gibt, indem er ihn als Chauffeur
2936 3751 3749 3793 engagiert und gut behandelt, – es aber nicht wissen
2937 3777 3747 3830 will, auch nichts dagegen tun könnte, dass ihm ein
2936 3816 3745 3859 reiches Einkommen zufliesst aus den ungerechten
2936 3852 3529 3899 Mieten der Negerquartiere von Chicago.\:p\
2969 3859 3747 3924 \p\Ich glaube, die eigentliche Grösse des Buches
2936 3921 3747 3961 "Native Son" besteht in seiner erstaunlichen Toleranz.
2936 3947 3736 3986 Da wird keine Kritik geübt, kein Urteil gefällt, –
2936 3977 3747 4025 Mr. Dalton wird als ehrlicher, wohlmeinender und
2936 4016 3742 4054 negerfreundlicher Mann geschildert, Jan ist ein ehr¬
2936 4046 3745 4093 licher Kommunist und meint es durchaus ernst, als
2936 4082 3751 4124 er dem Nigger die Hand schüttelt, und der Held des
2936 4117 3736 4165 Buches, Bigger Thomas, ist zweifellos ein Verbrecher,
2969 4149 3747 4190 – denn in verzweifelter Selbstverteidigung erstickt
2936 4178 3745 4225 er nicht nur das weisse Mädchen Mary, sondern auch
2936 4213 3747 4257 Bessy erschlägt er, seine eigene, demütige, liebende
2936 4247 3294 4295 Freundin.\:p\
3294 4243 3747 4295 Annemarie Clark
