4252 5669
704 1753 2109 1834 Alexanders Eroberung von Persien
870 1862 1947 1923 Von Dr. ANNEMARIE CLARK-SCHWARZENBACH
485 1956 1359 2038 \p\Fast immer wird - in populären Darstellungen –
450 1972 1387 2065 die Eroberung des Achämenidenreichs durch
461 2059 1383 2121 Alexander den Großen einbezogen in seinen Indien¬
455 2107 1375 2158 zug, – so als sei der Krieg gegen Dareios Kodoman¬
450 2156 1378 2201 nos eigentlich nur eine Vorbereitung zu dem grö¬
450 2201 1385 2250 ßeren Unternehmen, und die Erwerbung Indiens das
450 2247 1385 2299 Hauptziel von Alexanders Politik gewesen. Man ver-
455 2296 1378 2345 wechselt damit den Teil und das Ganze, denn min¬
455 2341 1387 2392 destens realpolitisch war die Eroberung Persiens
450 2389 1390 2443 Alexanders Lebenswerk — der Zug nach Indien aber
459 2432 1385 2487 nur eine ebenso gefährliche als abenteuerliche Ab¬
455 2482 1390 2541 schweifung, die denn auch teuer bezahlt werden
450 2531 562 2590 sollte.\:p\
497 2569 1389 2637 \p\Es liegt an Alexanders Person — der eines ins
459 2630 1387 2683 Göttliche gesteigerten Heldenjünglings —, daß sich
455 2676 1387 2734 schon die Zeitgenossen mehr der Legende als den
459 2723 1390 2788 Tatsachen zuwandten und aus einem phantasti¬
455 2776 1390 2832 schen Leben die phantasiereichste Episode gierig
452 2821 1387 2883 herausgriffen. Man hätte es nicht nötig gehabt, eine
459 2865 1385 2919 Alexanderlegende und einen Alexanderroman zu
455 2918 1382 2974 schaffen, die Geschichte des makedonischen Jüng¬
450 2963 1378 3014 lingskönigs ist durch eine reiche Überlieferung be¬
452 3010 1390 3063 legt. Man kennt andere Fälle, wo aus der Not
455 3059 1382 3114 mangelnder oder abhanden gekommener Kennt¬
455 3107 1387 3161 nisse eine Tugend gemacht wurde: so haben die
457 3159 1387 3217 Dichter des persischen Mittelalters, weil über die
450 3207 1390 3257 große Zeit der Achämeniden so gut wie nichts mehr
459 3250 1378 3301 bekannt war, in einem Moment nationalen Hoch¬
455 3296 1390 3357 gefühls eine ganze Sagengeschichte geschaffen,
459 3345 1387 3397 deren Helden sich im Bewußtsein des Volks bis
459 3396 1385 3462 heute erhalten haben. So kommt es, daß die Denk¬
455 3443 1383 3494 mäler aus Persiens größter Zeit, die Paläste und
455 3488 1387 3545 Königsgräber von Persepolis, heute die Namen der
455 3539 1390 3608 Sagenfiguren Rustam und Djemschid tragen ...\:p\
501 3592 1396 3660 \p\Alexander aber ist, ohne daß ein Bruch der
459 3650 1385 3700 Überlieferung eingetreten wäre, das Objekt einer
461 3699 1396 3751 Heldenverehrung geworden, an der man das Gesetz
452 3746 1387 3797 der Entstehung eines Mythos verfolgen könnte.
459 3797 1387 3851 Über ihn, seine Zeit und seine Taten berichten
455 3844 1390 3900 sein Kanzler Kallisthenes, Kleitarch — auf letzteren
459 3895 1387 3958 wohl gestützt der große Historiker Diodor in seiner
461 3940 1392 3995 Universalgeschichte —, Pompejus Trogus, dessen
461 3988 1387 4038 Werk im Auszug des Justin auf uns gekommen ist,
455 4038 1392 4087 Curtius Rufus, Strabon und Plutarch, berühmte
461 4082 1387 4140 Chronisten und Biographen der römischen Kaiser¬
464 4129 1390 4191 zeit. Arrian endlich, der bekannteste der Alexan-
461 4184 1389 4240 derbiographen, hat Werke des Aristobul, des Pto¬
461 4233 1392 4289 lemäos und Nearch verwendet. Es mangelt also
459 4273 1394 4329 nicht an Material! Aber schon Kallisthenes, dessen
457 4320 1396 4382 Aufgabe als Kanzler es gewesen wäre, eine getreue
459 4366 1397 4425 Hofchronik der Ereignisse zu liefern, zeigt eine
464 4411 1396 4476 starke Tendenz zum Romanhaften — weshalb die
459 4476 1389 4529 besonders aus dem hellenistischen Agypten stam¬
461 4508 1387 4569 menden Alexanderromane auch oft als „Pseudo¬
1434 1956 2362 2028 kallisthenes“ bezeichnet worden sind. Und Arrian,
1429 2019 2357 2068 gewiß ein seriöser Historiker, hat seinem zweiten
1433 2066 2362 2114 Hauptwerk neben der „Anabasis“ den Namen
1440 2114 2359 2163 „Indike“ gegeben, und ist dadurch mitverantwort¬
1434 2161 2361 2214 lich wenn nicht für die Überschätzung, so doch
1434 2210 2362 2257 für die ungeheure Popularisierung gerade dieser
1434 2254 1721 2320 Unternehmung.\:p\
1480 2296 2359 2364 \p\Natürlich kann man darüber streiten, wie weit
1440 2350 2362 2406 Alexander, nachdem er Persien erobert und das
1434 2403 2361 2462 Erbe der Achämeniden übernommen hatte, durch
1438 2455 2359 2513 den Zug nach Indien seine Mission fortzusetzen
1436 2501 2359 2550 glaubte. Er war beeinflußt von geographischen
1447 2546 2357 2609 Vorstellungen, — statt das eroberte Reich zu kon¬
1440 2592 2350 2655 solidieren, welches damals tatsächlich die Weltherr¬
1434 2641 2348 2690 schaft bedeutete, mag er von einer anderen Öku¬
1434 2688 2345 2742 mene geträumt haben, die seinem bis zum Außer¬
1440 2739 2354 2790 sten gespannten und nun durch das Unbekannte,
1434 2784 2362 2837 das Märchenland Indien noch gereizten Ehrgeiz
1440 2823 2354 2886 besser entsprach [der politisch-religiöse Auftrag einer 'anderen' bzw. besseren 'Ökumene' schildert Klaus Mann in seinem Roman über Alexander, den Schwarzenbach gekannt haben muss]. Eines aber steht fest: Als Alexan-
1440 2877 2354 2928 der im Jahre 334 mit einem bescheidenen Heer
1443 2923 2361 2975 von etwa 30000 Mann zu Fuß und 50000 Reitern den
1443 2970 2357 3023 Hellespont überschritt, fühlte er sich als Fortsetzer
1443 3014 2361 3070 der griechischen Tradition gegen Persien, und
1440 3063 2187 3122 wollte sich als solcher betrachtet wissen.\:p\
1482 3117 2361 3165 \p\Es war keine Tollkühnheit, mit so geringen
1440 3163 2364 3221 Streitkräften gegen ein fünfmal überlegenes Welt¬
1440 3210 2359 3263 reich zu ziehen; denn dieses Reich besaß nicht mehr
1434 3257 2361 3319 die innere Einigkeit wie unter Dareios I.; längst
1434 3305 2361 3354 befand sich das Königtum in erbittertem Kampf
1443 3352 2362 3404 mit den Satrapen, die schon mehr oder minder die
1443 3397 2371 3453 Stellung von Territorialfürsten einnahmen, Teile
1447 3446 2364 3504 des Reichs erhoben sich gegen die Zentralgewalt,
1440 3494 2362 3550 so Phönikien und Ägypten, statt eines einheimi¬
1440 3539 2362 3592 schen Heeres bediente man sich in steigendem Maße
1440 3587 2357 3641 angeworbener, oft griechischer Söldner, griechi¬
1450 3634 2362 3688 sche Feldherren, wie die Brüder Mentor und Mem-
1447 3679 2324 3739 non, übten bedeutende Macht und Einfluß aus –
1450 3725 2362 3786 Erscheinungen, die an die Rolle der Germanen im
1438 3774 2235 3833 sinkenden römischen Kaiserreich erinnern.\:p\
1485 3818 2368 3884 \p\Gegen ein solches, dem Zerfall zugeneigtes Reich
1450 3874 2359 3928 zog Alexander, und war von Anbeginn an siegreich.
1443 3919 2362 3977 Rasch aufeinander folgten die Schlacht am Grani¬
1440 3967 2362 4023 kos, die Eroberung Phrygiens, Lydiens und Kili¬
1447 4016 2366 4073 kiens, und der Sieg von Issos, der dem Makedonier
1440 4061 2359 4126 den Weg nach Syrien und Phönikien freimachte.\:p\
1485 4110 2368 4168 \p\Bisher war die Route, die er zu verfolgen hatte,
1440 4159 2369 4222 eindeutig vorgewiesen. Wie Alexander jetzt das
1450 4207 2362 4266 weitläufige Perserreich völlig zu erobern versteht
1440 4257 1834 4315 zeugt von Genialität.\:p\
1492 4308 2376 4375 \p\Nicht weit von Niniveh-Mossul, jenseits des
1447 4355 2369 4411 Großen Zab, schlägt er Dareios in der Ebene von
1447 4397 2366 4467 Gaugamela. Man nennt diese Schlacht auch „von
1443 4448 2368 4502 Arbela“ — ein mächtiger, von einer arabischen
1440 4492 2375 4557 Festung gekrönter Ruinenhügel erhebt sich heute\fml\\:p\
1954 1434 2930 1511 \p\\fml\in der Mitte der Stadt, die noch den alten Namen
1958 1508 2929 1566 trägt: Erbil. Dort öffnet sich der Weg durch die
1958 1556 2929 1616 Gebirge Kurdistans nach Medien, wohin Dareios
1958 1606 2929 1661 floh. Alexander verfolgte ihn noch nicht, wandte
1954 1655 2930 1715 sich vielmehr direkt nach Babylon, welches ihm
1954 1705 2930 1770 seine Tore öffnete. Damit ist die erste Hauptstadt
1952 1757 2929 1801 des Reichs gefallen, Susa folgt kurz nachher. Dort
1958 1800 2931 1861 gewann Alexander den Reichsschatz, es wird be¬
1954 1865 2931 1911 richtet, auch die einst von Xerxes verschleppten
1952 1900 2925 1955 Statuen des Harmodios und Aristogeiton hätten
1956 1950 2929 2007 sich dabei befunden und seien damals nach Athen
1954 2007 2930 2054 zurückgebracht worden. Alexander ging jetzt an
1954 2050 2930 2115 die Eroberung des Iranischen Hochlandes, er brach
1952 2103 2929 2158 den Widerstand des Satrapen Ariobarzanes, der
1958 2147 2929 2198 die Pässe besetzt hielt, und erreichte im Anfang des
1966 2197 2930 2254 Jahres 330 Pasargadae. Das ist die alte Hauptstadt
1952 2252 2929 2309 der Achämeniden, das Grab des Cyros befindet sich
1954 2300 2930 2345 dort, und leicht war es nun, auch Persepolis, die
1954 2348 2925 2402 überaus herrliche Königsburg zu erobern. Alexan¬
1952 2400 2919 2453 der hat die Paläste verbrannt, — man kennt die Mo¬
1954 2450 2931 2508 tive nicht, die ihn zu dieser ungeheuer frevelhaften
1958 2496 2925 2557 Tat veranlaßt haben. Jedenfalls war der Brand von
1954 2552 2924 2605 Persepolis, das zu den Wundern der Welt gehörte,
1952 2593 2925 2660 das Symbol für den Niedergang und die Kata¬
1952 2648 2654 2708 strophe der achämenidischen Macht.\:p\
1997 2709 2919 2770 \p\Jetzt erst verfolgte Alexander den König: durch
1952 2753 2925 2822 Medien und seine Hauptstadt Egbatana, das
1945 2806 2922 2860 heutige Hamadan, zog er nach Norden, lagerte in
1954 2858 2925 2913 Rhages, dessen Ruinen an die Tore von Teheran
1952 2907 2922 2959 stoßen, und durch die Kaspischen Tore. Inzwischen
1958 2963 2919 3013 wurde der unglückliche Dareios von seinem Statt¬
1952 3008 2916 3054 halter Bessos auf der Flucht ermordet, Alexander
1952 3058 2916 3114 blieb nichts übrig, als den Mörder grausam zu be¬
1948 3109 2918 3153 strafen. Dann folgt der großartigste Teil der ge¬
1952 3161 2925 3219 waltigen Eroberung: es gilt Turan zu gewinnen,
1952 3205 2916 3255 einen Hauptsitz persischer Religion und Sitte.
1945 3257 2916 3312 Hyrkanien und Parthien haben sich unterworfen,
1945 3302 2922 3351 durch Parthien und Drangiana — Teile des heutigen
1954 3350 2919 3409 Afghanistan — zieht Alexander bis zum Hindukush
1960 3405 2918 3456 (Paropamisos) und überschreitet ihn im Frühjahr
1958 3456 2925 3516 329. Und gegen die Widerstände der kriegerischen
1945 3499 2913 3561 Stämme, ihrer Bergfestungen ringsum in Turke¬
1945 3553 2916 3606 stan, eroberte Alexander unaufhaltsam Baktra und
1947 3608 2919 3658 Marakanda-Samarkand, überschritt den Oxus, und
1952 3650 2913 3699 erreichte den Jaxartes, damit aber die nördlichste
1952 3698 2534 3769 Grenze der persischen Länder.\:p\
1993 3761 2918 3810 \p\Er gründete Städte: darunter Herat, Chod¬
1952 3803 2907 3860 schend, Kandahar, die bis heute bedeutend ge¬
1945 3863 2922 3920 blieben sind und beweisen, daß Alexanders Zug
1952 3899 2925 3953 bis hierher nicht die blind-heroische Tat eines
1945 3950 2280 4023 Abenteurers war.\:p\
1991 4018 2919 4068 \p\Alexander hat bis hierher eine Mission von un¬
1941 4070 2919 4123 ermeßlicher Tragweite ausgeführt. Diese Mission
1945 4119 2904 4172 hatte sich vorbereitet, Alexander trat auf und han¬
1945 4171 2910 4222 delte, als die Stunde reif war. Längst strebten die
1948 4219 2920 4272 Kräfte der griechischen Kultur zur Ausbreitung,
1945 4262 2910 4328 über staatliche und nationale Grenzen hinweg.
1948 4316 2918 4378 Längst kündigte es sich an, daß die orientalischen
2991 1430 3950 1506 Völker für diese Kultur empfänglich und ihre Trä¬
2985 1505 3954 1558 ger sein würden. Euagoras von Cypern, ein Vasall
2979 1557 3954 1605 des persischen Großkönigs und ein Grieche, hatte
2985 1606 3952 1655 schon hellenistische Tendenzen zum Ausdruck ge¬
2985 1650 3952 1705 bracht, Maussollos von Karien hatte sich sein
2985 1710 3954 1763 Grabmal in der Form eines von einem Viergespann
2987 1755 3952 1805 gekrönten ionischen Tempels erbauen lassen. Der
2991 1800 3954 1853 Hellenismus ist weder das Produkt bewußten
2993 1850 3954 1905 Willens, noch ein Geschenk, daß dem von den
2991 1904 3954 1952 Göttern begnadeten Jüngling Alexander gleichsam
2985 1954 3952 2005 zufällig unter den Händen geriet wie ein Taschen¬
2991 2000 3954 2061 spielerstück. Alexander hat ausgeführt, was nötig
2987 2055 3958 2102 war: er hat dem Perserreich ein Ende gesetzt — und
2981 2103 3946 2151 damit der alten Kultur Babyloniens, deren Tradi¬
2979 2148 3954 2198 tion sich hier fortgesetzt hatte — und er hat, in
2987 2193 3951 2250 Griechenland, die staatlichen und nationalen Fes¬
2979 2247 3958 2298 seln durchschlagen und damit die kulturellen
2985 2297 3952 2348 Kräfte befreit, die sich, sogleich ausbreiten und
2979 2347 3821 2401 einen ungeheuren Einfluß gewinnen sollten.\:p\
3029 2391 3950 2456 \p\Bis dahin hatte Alexander eine Aufgabe, die ihn
2985 2450 3943 2504 weit über alles Persönliche hinaushob, er war Trä¬
2981 2500 3946 2559 ger und Verkörperer einer der fruchtbarsten Ideen
2979 2548 3356 2618 der Weltgeschichte.\:p\
3020 2602 3953 2660 \p\Dann aber zog er nach Indien — durch Afghani¬
2981 2642 3951 2710 stan, den Indus und Hydaspes hinab, im Kampf
2979 2710 3952 2755 mit Teilfürsten, von denen Poros der einzige von
2985 2759 3433 2817 einiger Bedeutung war.\:p\
3020 2810 3953 2860 \p\Gefährlicher waren die Brahmanen, die das Volk
2981 2863 3946 2908 überall zum Widerstand gegen den fremden Ein¬
2980 2910 3952 2971 dringling aufstachelten — am gefährlichsten die
2985 2957 3952 3015 Gegnerschaft der Natur: siebzig Tage währten die
2985 3007 3952 3073 Regengüsse, Krankheit demoralisierte das Heer,
2981 3062 3952 3115 selbst Alexanders Veteranen drohten zu meutern.
2979 3113 3950 3168 Er griff zum Vorwand ungünstiger Opfer, um den
2984 3154 3952 3227 Hyphasis nicht mehr zu überschreiten und den
2985 3212 3516 3268 Weitermarsch abzubrechen.\:p\
3020 3260 3947 3318 \p\Im Sommer 225 [recte: 325, hs. Korrektur stammt nicht von AS] erreichte man den Ozean.
2984 3310 3952 3374 Nearch führte die Flotte durch den Persischen
2981 3366 3946 3413 Golf bis zum Euphrat, Alexander zog unter neuen,
2981 3412 3946 3461 ungeheuren Strapazen auf dem Landweg, nämlich
2979 3459 3946 3518 durch die Wüste Gedrosia, durch das heutige Be¬
2973 3506 3749 3583 lutschistan, und erreichte endlich Susa.\:p\
3024 3565 3946 3623 \p\Dieser Zug war das Abenteuer gewesen, poli¬
2986 3601 3945 3683 tisch sinnlos: denn um sein gewonnenes Riesen¬
2981 3666 3946 3719 reich zur Weltmacht zu vollenden, hat Alexander
2985 3710 3937 3766 Indien nicht gebraucht. Aber die Jahre seiner Ab¬
2979 3766 3950 3840 wesenheit — man glaubte bereits nicht mehr, daß
2973 3824 3943 3873 er aus dem Wunderland zurückkehren werde — hat
2981 3873 3945 3930 dieses Reich, hat Alexanders Lebenswerk in Frage
2981 3921 3952 3975 gestellt. Schon jetzt konnte sich vorbereiten, was
2973 3970 3943 4019 nach Alexanders frühem Tod eintreten sollte: die
2973 4020 3937 4088 Auflösung des Weltreichs in die Teilreiche der Dia¬
2975 4070 3829 4128 dochen, das Ende der Einheit Vorderasiens.\:p\
3018 4124 3940 4175 \p\Die kulturtragende Kraft des Hellenismus aller¬
2966 4172 3943 4226 dings ist durch die politische Auflösung nicht
2973 4217 3943 4271 betroffen worden, sie gewann an Reichtum und
2981 4277 3945 4322 Vielfalt und hat Alexander um Jahrhunderte
2971 4322 3191 4388 überdauert.\:p\
488 1730 842 1834 Auf Alexanders
478 1822 766 1902 Spuren nach
480 1890 640 1964 Persien
484 1954 871 2024 Photos von Dr. Annemarie
490 2012 780 2068 Clark-Schwarzenbach
2038 2658 2170 2746 \f\Kamelkarawama in Süd-Mesopotamien bzw. Irak, Fotografie identisch mit image_0437 (A-5-03/190)\:f\
484 2740 726 2794 \fp\Kamelkarawane
488 2782 840 2848 in Süd-Mesopotamien\:fp\
1140 3459 1330 3489 \f\Palmyra, Fotografie identisch mit image_0750 (SLA-Schwarzenbach-A-5-05/053)\:f\
484 3600 788 3696 \fp\Die Oase Palmyra
490 3678 854 3744 in der Syrischen Wüste\:fp\
1249 4415 1539 4450 \f\Niniveh, Fotografie identisch mit image_0768 (A-5-05/097)\:f\
496 4462 870 4550 \fp\Die Ruinen von Niniveh\:fp\
2362 1911 2673 1960 \f\Iranisches Hochland mit Demawend, Fotografie identisch mit image_0877 (A-5-06/163I\:f\
3602 1880 3906 1946 \fp\Auf dem irani¬
3598 1924 3920 1996 schen Hochland in
3604 1978 3918 2044 3000 m Höhe; im
3602 2028 3922 2098 Hintergrund der
3602 2080 3786 2148 Demawend.\:fp\
2401 3027 2993 3076 \f\Berge bei Teheran, Fotografie vermutlich aus derselben Serie wie image_0995 (A-5-06/350)\:f\
3592 3146 3934 3218 \fp\Die Berge Irans bei
3604 3204 3738 3272 Teheran\:fp\
2166 4069 2635 4099 \f\Jäz-de-Chast, Fotografie identisch mit image_1065 (A-5-07/123)\:f\
3604 3930 3914 4006 \fp\Jäz-de-Chast, eine
3596 3988 3908 4058 teilweise noch be¬
3598 4040 3906 4104 wohnte alte be¬
3598 4084 3922 4156 festigte Stadt an
3596 4138 3920 4200 der Straße nach
3594 4192 3778 4260 Persepolis.\:fp\
1384 2459 1646 2505 \f\Persepolis, Fotografie identisch mit image_0612 (A-5-04/146)\:f\
490 2556 978 2648 \fp\Die Ruinen von Persepolis.\:fp\
1255 3333 1722 3363 \f\Blick vom Felsen Naksh i Rustam (bzw. Naqsh-i Rustam) auf das 'Grab des Zarathustra', vermutlich aus der Serie der Fotografie image_0517 (A-5-04/017)\:f\
494 3166 982 3262 \fp\Blick vom Felsen von Naksh i
496 3248 980 3312 Rustam auf das „Grab des
496 3294 990 3360 Zarathustra“ bei Persepolis,
532 3346 984 3400 – ein Bauwerk unbekannten
490 3396 974 3446 Ursprungs, welches bei der Be¬
496 3434 974 3498 völkerung nach alter Überlie¬
500 3482 978 3542 ferung den Namen des persi¬
500 3532 984 3602 schen Religionsstifters trägt.\:fp\
1264 4344 1520 4377 \f\Persische Heerstrasse von Persepolis in den Norden\:f\
500 4352 972 4440 \fp\Die alte persische Heerstraße,
498 4432 990 4496 die von Persepolis nach Nor¬
502 4480 662 4538 den führt.\:fp\
