3818 5669
402 972 743 1052 Der Transport
192 1039 975 1137 zwischen Lissabon und der Schweiz
475 1116 920 1185 A. Sch. \g\Lissabon\:g\, im Juni
232 1179 953 1231 \p\Ein Blick über den Hafen von Lissabon genügt,
183 1213 957 1250 um festzustellen, daß der hier zentralisierte \g\See¬
186 1250 950 1296 verkehr für die Schweiz\:g\ an Umfang und Be¬
186 1290 950 1332 deutung während der letzten zwölf Monate gewon¬
183 1328 974 1377 nen hat. Vor einem Jahr traf hier die aus New
195 1363 974 1411 York kommende „Calanda" als erstes Schiff unter
183 1394 950 1445 Schweizer Flagge ein. Anfang April trat der statt¬
183 1442 950 1488 liche Achttausend-Tonnen-Dampfer „Eiger", die
186 1484 975 1533 jüngste Erwerbung des Kriegs-Transportamtes,
189 1521 974 1569 von Lissabon aus seine erste Fahrt nach Genua an.\:p\
242 1563 951 1611 \p\Die Schiffe in Schweizer Besitz sind bis heute
186 1606 935 1655 die folgenden: „Albula”, „Calanda", „Chasseral“
195 1643 944 1690 „Eiger”, „Generoso", „Maloja", „Säntis", „St.
189 1685 941 1727 Cergue“, und „St. Gotthard“; sie weisen eine Ge¬
183 1729 950 1761 samttonnage von rund 40 000 Tonnen auf. Neben
186 1760 945 1801 diesen unter Schweizer Flagge fahrenden Dam¬
183 1794 950 1842 pfern sieht man in der Tejo-Bucht vor Lissabon
183 1835 944 1881 Schiffe verschiedener Herkunft und Größe, bis hin¬
183 1872 938 1920 unter zu kleinen Küstendampfern und sogar Seg¬
186 1910 945 1952 lern, die vom eidgenössischen Kriegs-Transportamt
183 1950 944 1998 gechartert sind und das weiße Kreuz und die Auf¬
186 1986 947 2028 schrift „Switzerland“ an den Bordwänden tragen.
183 2021 944 2070 Wachsende Erfahrung und der gute Wille aller
186 2064 947 2111 Beteiligten haben zur Lösung der Transport¬
183 2110 953 2148 probleme beigetragen. Der Seeverkehr zwischen
195 2140 941 2182 Lissabon und Genua vollzieht sich, nach dem Aus¬
186 2178 945 2213 druck eines Fachmanns, „wie am Seidenfaden“.
189 2214 953 2261 Aber gleichzeitig ergeben sich durch wechselnde Si¬
183 2255 950 2300 tuationen immer neue Schwierigkeiten, die man
192 2295 944 2341 in der Heimat kennen muß, um den für den Trans¬
186 2327 953 2378 port zwischen Portugal und der Schweiz tätigen
195 2368 954 2412 Stellen und Personen das verdiente Verständnis
186 2403 950 2456 entgegenzubringen. Die Schweizer Vertretung in
195 2440 954 2491 Lissabon, die schweizerische Gesandtschaft, das
195 2477 954 2532 schweizerische Hafenkommissariat und das Office
192 2521 941 2564 Suisse de Transports des Kriegs-Transportamtes
192 2553 974 2612 sowie die Vertreter der Spedititionsfirmen sind
189 2596 944 2638 auf die bereitwillige Mitwirkung von portugiesi¬
189 2629 974 2675 scher und englischer Seite angewiesen, wobei die
186 2672 941 2711 Vertreter des britischen Ministeriums für den
183 2704 942 2753 Wirtschaftskrieg im britischen Konsulat in Lissa¬
186 2742 945 2792 bon, die portugiesischen Ministerien für Verkehr
186 2787 941 2830 und Wirtschaft sowie die Generaldirektion der por¬
189 2825 948 2874 tugiesischen Eisenbahnen an erster Stelle zu nen¬
195 2859 324 2908 nen sind.\:p\
236 2887 953 2942 \p\Im komplizierten Zusammenspiel das der in¬
183 2941 947 2986 ternationale Verkehr heute erfordert, ist die Lissa¬
183 2979 942 3022 boner Agentur des eidgenössischen Kriegs-Trans¬
183 3020 944 3059 portamtes die unentbehrliche Dachorganisation,
183 3058 974 3111 welche um die Vermittlung zwischen den schweize¬
189 3092 974 3143 rischen Spediteuren einerseits und den englischen
186 3130 953 3179 und portugiesischen Stellen andererseits besorgt ist.
189 3171 944 3213 Man hat hier eine glückliche Kombination zwi¬
186 3210 953 3255 schen dem Wirken einer staatlichen Behörde und
183 3247 974 3293 der privaten lnitiative der Speditionshäuser und
189 3283 974 3342 ihrer Vertreter gefunden. So werden Schiffe für
183 3322 953 3367 Güter, die nach der Schweiz bestimmt sind, nur
183 3359 944 3402 noch vom Kriegs-Transportamt gechartert, welches
186 3397 975 3444 auch über die Frachtsätze verhandelt, wie irgend¬
183 3445 947 3489 eine Reederei. Dem Spediteur ist es aber frei¬
186 3472 975 3528 gestellt, dem Kriegs-Transportamt Schiffsraum
189 3511 974 3556 anzubieten, wofür er eine angemessene Makler¬
189 3557 974 3597 gebühr erhält. Dank dieser Regelung wird ein
195 3585 720 3642 Steigen der Frachtsätze vermieden.\:p\
239 3638 974 3683 \p\Während der Seeverkehr nach Genua und, in
186 3677 941 3725 viel kleinerem Umfang, der vor allem für Ge¬
183 3714 950 3756 treide benutzte Seeweg nach Barcelona durchaus
183 3752 947 3796 befriedigend verläuft, haben sich für den Land¬
183 3793 944 3832 transport nach der Schweiz in letzter Zeit neue
192 3829 951 3869 Schwierigkeiten ergeben, Schwierigkeiten, denen
186 3866 941 3904 vor allem Portugal ausgesetzt ist, von dessen Bei¬
186 3898 953 3951 trag zum internationalen Transitverkehr wir in
183 3946 944 3991 so großem Maße abhängen. Da die englische Kohle
183 3976 947 4018 nur noch unregelmäßig und in ungenügenden
195 4016 947 4063 Mengen eintrifft und sich auch der Mangel an flüs¬
186 4064 948 4105 sigen Brennstoffen akut bemerkbar macht, ist Por¬
195 4093 951 4144 tugal auf die Verwendung von Ersatzbrennstoffen
186 4143 944 4180 angewiesen. Aber der Uebergang von Kohle zu
195 4166 941 4215 Holz als Heizmaterial für die Lokomotiven ver¬
183 4209 953 4247 langt technische Abänderungen, die nicht über Nacht
183 4245 953 4293 durchgeführt werden können. Ferner wurde schon
183 4293 950 4325 während des letzten Weltkrieges in Portugal den
192 4320 944 4369 Bahnlinien entlang stark abgeholzt, sodaß man
191 4356 947 4409 heute das Holz aus beträchtlichen Entfernungen
192 4395 950 4444 herbeiführen muß, um an den Bahnlinien Depots
195 4432 975 4487 zu errichten. Für diesen Transport benötigt man
189 4474 951 4522 wiederum Camions und also Benzin. Der jähr¬
192 4510 947 4554 liche Verbrauch der portugiesischen Eisenbahnen an
192 4557 974 4592 Kohle belief sich in normalen Zeiten auf rund
189 4586 949 4630 300 000 Tonnen; um diese zu ersetzen, würde man
189 4630 974 4667 täglich etwa 2500 bis 3000 Tonnen Holz verbren¬
189 4662 974 4716 nen müssen. Infolge des Kohlenmangels wurde in
196 4698 947 4747 Portugal zunächst der Personenverkehr zugunsten
189 4746 974 4787 des Warenverkehrs eingeschränkt. Am 18. Januar
195 4781 975 4822 dieses Jahres wurde dann der bisherige inter¬
195 4816 974 4856 nationale Transitverkehr durch Portugal ein¬
189 4855 951 4906 gestellt, bis auf einen der Schweiz gewährten
195 4898 975 4939 Blockzug pro Woche, der direkt zwischen Lissabon
195 4924 974 4978 und Cerbères verkehrt. Aber das portugiesische
200 4967 974 5012 Verkehrsministerium und die Eisenbahndirektion,
983 941 1748 987 mit Herrn Generaldirektor Ramalho an der Spitze,
992 978 1769 1020 haben sich bemüht, den Warenverkehr nach dem
989 1016 1741 1062 Ausland trotz der gewaltigen Schwierigkeiten we¬
989 1055 1748 1099 nigstens im verringerten Umfang aufrecht zu er¬
971 1089 1741 1140 halten. Es liegen bereits Projekte vor, um die
989 1133 1748 1171 Zahl der Blockzüge, etwa zum Transport von por¬
989 1167 1744 1218 tugiesischem Wein und Terpentin nach der Schweiz,
995 1202 1171 1257 zu erhöhen.\:p\
1039 1250 1741 1291 \p\Die Vertreter des eidgenössischen Kriegs-Trans¬
988 1287 1744 1331 portamtes in Lissabon und die Vertreter der
971 1321 1770 1367 schweizerischen Speditionshäuser haben ihrerseits
971 1362 1741 1400 erfolgreich nach Lösungen gesucht, um den portu¬
986 1400 1745 1450 giesischen Bahnverkehr zu entlasten und ein Ventil
998 1442 1744 1484 zu schaffen. Da sich der Ersatz durch Camionverkehr
971 1485 1735 1532 als teuer und unzulänglich erwies, ging man teil¬
971 1511 1747 1556 weise zur „Cabotage" oder Küstenschiffahrt [sic] über,
985 1556 1770 1598 wobei auch Segelschiffe verwendet werden. So
982 1591 1747 1636 wurde portugiesischer Wein mit gutem Erfolg nach
983 1625 1747 1671 dem spanischen Hafen Vigo geschickt, wie auch nach
983 1665 1745 1706 Bilbao; die von Lissabon bis Bilbao verschiffte
992 1702 1744 1746 Ware muß auf diese Weise nur von Bilbao bis
989 1739 1744 1784 Canfranc, das heißt über eine Strecke von 550
989 1780 1744 1821 Kilometern, transportiert werden, um dort die
989 1819 1744 1859 Bahnlinie durch Frankreich zu erreichen. Der
992 1856 1747 1898 Schiffsverkehr nach Bilbao wurde Ende März vom
995 1893 1747 1940 Kriegs-Transportamt übernommen und hat erst
989 1934 1741 1973 geringen Umfang, da nur Stückgüter portugiesi¬
992 1968 1747 2012 scher Herkunft verfrachtet werden. Immerhin steht
983 2005 1747 2048 damit der Schweiz zum erstenmal ein Atlantik¬
983 2043 1738 2090 hafen zur Verfügung. Natürlich wird dadurch die
983 2078 1744 2132 überragende Bedeutung von Genua nicht beein¬
982 2118 1127 2178 trächtigt.\:p\
1830 939 2559 985 \p\Zum Schluß ein Wort über die portugiesischen
1775 985 2539 1023 Handelsbeziehungen. Während Portugal infolge
1782 1017 2538 1073 des Krieges zu einem sehr wichtigen Transitland
1789 1056 2538 1099 geworden ist und heute deshalb Aufgaben zu mei¬
1783 1095 2539 1143 stern hat, für die es nicht vorbereitet war, hat sich
1783 1141 2535 1181 auch sein Report den veränderten Situationen an¬
1789 1169 2541 1211 passen müssen. Gemäß den Blockadebestimmungen
1783 1213 2535 1251 kann Portugal aus seinen Kolonien nur die für
1783 1245 2542 1295 seine eigene Versorgung notwendigen Produkte
1786 1288 2541 1335 einführen; auch herrscht Mangel an Frachtraum
1775 1322 2559 1371 so für Palmöl, Arachidől, Zucker, Fleisch, Kaffee,
1786 1362 2533 1405 Kakao und Kopra, sodaß die Vorräte von Ko¬
1783 1402 2541 1444 lonialprodukten in Portugal stark vermindert wur¬
1783 1435 2536 1478 den. Der eventuell vorhandene Ueberschuß des
1786 1473 2536 1520 Imports aus den Kolonien darf daher nur mit
1782 1505 2558 1562 der Erlaubnis der halboffiziellen CEDUP wieder
1775 1541 2539 1599 ausgeführt werden. Hingegen sind verschiedene
1789 1584 2535 1631 portugiesische Inlandprodukte, darunter Wein,
1786 1620 2535 1673 Kork, Terpentin, Kolophan und Fischkonserven
1783 1663 2535 1701 immer ausgeführt worden, andere Inlandgüter,
1786 1693 2532 1742 wie Zinn, Lugine, Trockenfrüchte, Wolle und
1783 1739 2532 1789 Schaffelle, wurden durch den Krieg exportfähig.
1783 1778 2542 1818 Die zwei letztgenanten Erzeugnisse sind allerdings
1785 1812 2541 1866 heute nicht mehr zur Ausfuhr zugelassen. Die
1786 1851 2541 1896 Schweiz ist ein guter Käufer portugiesischer Export¬
1783 1890 2542 1935 güter geworden. Da sie ihrerseits für die verständ¬
1783 1930 2538 1969 nisvolle Bemühung Portugals, den für sie lebens¬
1783 1963 2535 2004 wichtigen Transitverkehr aufrecht zu erhalten und
1792 2004 2558 2048 zu verbessern, dankbar ist, ergibt sich eine loyale
1783 2046 2542 2089 und fruchtbare Zusammenarbeit der beiden Län¬
1783 2081 2538 2127 der, die gerade in dieser Zeit nicht genug hervor¬
1783 2115 2147 2176 gehoben wereden [sic] kann.\:p\
