3656 5669
606 811 2002 959 Aus dem heutigen Afghanistan
707 959 1879 1098 Von Dr. Annemarie Clark-Schwarzenbach
819 1158 2379 1267 [div type redactional]Die schweizerische Schriftstellerin Frau Dr. Annemarie
833 1265 2368 1336 Clark-Schwarzenbach hat im Jahre 1939 eine sechsmonat-
833 1330 2368 1412 liche Autoreise quer durch Afghanistan unternommen. Von
833 1401 2363 1521 dieser Fahrt gibt sie nachfolgend einige Eindrücke wieder.[div]
292 1508 2368 1633 \p\Kabul, die \g\Hauptstadt Afghanistans\:g\, liegt auf 1800 Meter Höhe
186 1617 2382 1732 in einem weiten, vom Kabulfluß durchschnittenen Talkessel, der von
186 1704 2357 1819 schroffen Hügeln und fernen Gebirgsketten umrahmt wird. Das Land rings
199 1794 2368 1923 um die Stadt ist teilweise sorgfältig bewässert und daher reich an Feldern
199 1885 2382 1986 und Weiden. Die trotzigen Mauervierecke der festungsartig gebauten
205 1975 2373 2103 Dörfer mit ihren Ecktürmen, Kalehs geheißen, und die zarten Pappelreihen
205 2062 2373 2158 den Kanälen entlang, geben ihm ein typisches Aussehen. Das karg verteilte
210 2149 2368 2267 Grün der Ebene sticht vom eintönigen Gelb der kahlen Hügelhänge ab.\:p\
306 2245 2373 2349 \p\Afghanistan, der klassische \g\Pufferstaat\:g\ zwischen Rußland und Bri¬
205 2335 2368 2455 tisch Indien, hat noch keine anderen \g\Verkehrswege\:g\ als die uralten
194 2423 2379 2546 Heer- und Völkerstraßen und Karawanenrouten, von denen erst drei
205 2510 2368 2636 oder vier für Motorfahrzeuge überhaupt benutzbar sind. Es sind dies die
202 2619 2373 2729 Straße von der iranischen Grenze über Herat, Kandahar und Ghazni
205 2690 2376 2794 nach Kabul, – eine gewaltige, eintönige Wüstenstrecke –, die Straße von
199 2772 2368 2895 Kabul über den Lataband und die schöne Ebene von Jellalabad zum Khy¬
205 2865 2373 2961 ber, – die landschaftlich großartige Hindukusch-Straße, welche Kabul mit
210 2963 2368 3062 Mazar-i-Sherif, der Hauptstadt von Afghanisch Turkestan verbindet –,
205 3048 2363 3163 und zur Not noch eine allerdings erst im Bau befindliche „Straße des
205 3138 2365 3253 Nordens“, welche von Herat über Maimane und Balkh nach Mazar-i-
199 3217 2371 3349 Sherif führen und damit den Spuren der alten Seidenstraße folgen wird.
199 3313 2368 3406 Man kann von Mazar an die russische Oxus-Grenze fahren, sowie nach
199 3400 2382 3534 Termez, wo die sowjetrussische Bahn endet, oder in die Pamir-Provinz
199 3496 1794 3589 Badakhshan bis nach Kunduz und sogar bis Faisabad.\:p\
300 3578 2368 3687 \p\In Afghanistan, das ungefähr anderthalb mal so groß wie Frankreich
186 3674 2368 3794 ist, zirkulieren heute im ganzen etwa 3000 Camions und eine viel geringere
194 3761 2368 3862 Zahl von Privatautos. Benzin ist teurer als in Indien und Iran. Im Norden
205 3848 2379 3949 des Hindukusch wird es aus Sowjetrußland geliefert, im übrigen Land von
194 3938 2376 4078 der Burma Shell Company via Indien. Die wenigen Reparatur-Werk¬\fml\\:p\
1064 1512 3235 1631 \p\\fml\stätten in Kabul, Kandahar, Herat, sind staatlich, ebenso wie die vom Post¬
1058 1607 3229 1704 ministerium eingerichteten Hotels, die für die Touristen eine große Hilfe
1064 1710 3015 1799 sind, und außerdem auch von reisenden Beamten benützt werden.\:p\
1167 1799 3227 1902 \p\Eine Flugverbindung Teheran – Kabul war von der deutschen Luft¬
1058 1872 3235 1978 hansa bedient worden, die den Land-Flugweg nach dem Fernen Osten
1069 1959 3229 2087 und den Anschluß an die „Eurasia" ausprobieren wollte. Doch wurde
1064 2060 3232 2171 die afghanisch-iranische Strecke im Sommer 1939, kurz vor Kriegsausbruch,
1058 2133 3235 2258 eingestellt. Ein wöchentlich einmal zwischen Taschkent und Kabul ver¬
1064 2244 3219 2356 kehrendes sowjetrussisches Flugzeug befördert Post, aber nur ausnahmsweise
1069 2315 3224 2418 Passagiere. Bahnen gibt es in Afghanistan keine. Die sicher vorhandenen
1058 2407 3227 2521 natürlichen Reichtümer - auch Petroleum kommt zweifellos vor – können
1075 2508 3219 2611 wegen der mangelnden Verkehrswege nicht ausgebeutet werden. Mitten
1045 2583 3227 2681 im Hindukusch, bei Pol-i-Khomri am Kunduz-Fluß, wird von deutschen
1069 2673 3229 2779 Siemens-Ingenieuren ein Staudamm und \g\Kraftwerk\:g\ gebaut, dessen
1058 2757 3227 2879 Strom eine Baumwoll- und eine Zuckerfabrik treiben wird [Verweis auf entsprechende Fotoreportage und Fotografien]. Die aus
1058 2841 3229 2942 England gelieferten Maschinen müssen von Peshawar aus 800 Kilometer
1075 2942 3229 3053 weit auf Camions über den Khyber, Lataband- und Shibar-Paß befördert
1069 3037 3229 3132 werden! – Dieses Kraftwerk ist außerhalb von Kabul die erste größere
1058 3110 3227 3232 industrielle Anlage in Afghanistan. Die 5000 Arbeiter, die am Bau beschäf¬
1058 3205 3229 3305 tigt sind, bieten den ersten Eindruck eines neuen „Proletariats“, – ein
1075 3297 3229 3395 Begriff, den man bisher in Afghanistan nicht kannte. Es ist auch interessant,
1058 3389 3235 3484 daß in der zukünftigen, für 10 000 Menschen berechneten Arbeiterstadt
1069 3471 3219 3577 von Pol-i-Khomri Nomaden angesiedelt werden sollen, die man zwangs¬
1080 3582 3238 3688 weise zur Fabrikarbeit verurteilen wird: ein erster Schritt im Programm
1064 3645 3232 3745 der Seßhaftmachung der Nomaden! – Denn noch ist Afghanistan, wenn
1064 3753 3232 3864 auch durch seine geographische Lage ein eigentliches Nervenzentrum
1064 3821 3224 3940 der Weltpolitik, eines der unberührtesten Länder des vorderen und mitt¬
1058 3908 3229 4022 leren Östens. Nachbar von Sowjet-Turkestan mit seinen Kolchos-Betrieben
1058 4000 3227 4119 und neuen Fabriken, ist Afghanistan noch ein reiner Agrarstaat. Nachbar
1075 4109 3224 4187 von Britisch Indien und nur durch den Gebirgsstreifen des „Tribal Terri¬
1064 4179 3224 4307 tory“ von einem alten britischen Verwaltungsgebiet getrennt, macht es
1058 4282 3219 4364 eben erst den Übergang durch von einem rein mittelalterlichen, von Stam¬
1064 4366 3224 4467 mes-Tradition und Feudal-Recht regierten Land zu einem modernen
1075 4448 3229 4575 Staat mit einer starken Zentralregierung. Nachbar Irans und Russisch
1072 4535 3235 4646 Turkestans, – zwei Gebieten, wo das Problem der Nomaden radikal
1069 4632 3229 4733 gelöst wurde – ist Afghanistan noch ein Land der Jurten und schwarzen
1058 4725 3235 4825 Zelte. Umgeben von Ländern, wo die Macht des Islams entweder im Schwin¬
1064 4801 3224 4931 den begriffen ist, oder doch, von den weltlichen Angelegenheiten ge¬
1058 4906 3219 5037 trennt, seinen Einfluß auf Staatsverwaltung, Erziehung und anderes mehr ein¬\fml\\:p\
194 534 2406 651 \fml\\p\büßend, sich neu orientieren muß, ist \g\Afghanistan ein rein mohamme¬
210 634 2409 764 danisches Land geblieben\:g\. Die Religion ist dort mehr als eine Privat¬
194 731 2406 856 angelegenheit des Einzelnen, Anfang und Ende des Fastenmonats Rama¬
205 817 2420 952 dan werden von der Regierung in Kabul angekündigt. Im ganzen Land
194 911 2414 1013 ist die christliche Missionstätigkeit verboten, – die einzige christliche
205 1011 2420 1119 Kirche in Afghanistan ist die kleine Kapelle in der italienischen Gesandt¬
205 1094 2420 1202 schaft in Kabul. Die integre Kraft der mohammedanischen Religion ist
210 1185 2406 1290 für die Kabuler Zentralregierung zugleich ein Vorteil und eine Belastung.
205 1279 2417 1407 In einem von Angehörigen verschiedener Rassen und Sprachen bewohnten
210 1373 2414 1476 Land ist der Islam ein stark-einigendes Band. Afghanische Pathan-Stämme
194 1459 2414 1581 im Süden, iranische Tadjiken in den Pamir-Provinzen Badakshan und
222 1542 2436 1681 Wakhan, im Kohdaman und Kohistan, turkomongolische Usbeken und
222 1639 2423 1744 Turkmenen in Turkestan, mongolische, von Genghis Khan in den zen¬
205 1728 2417 1855 tralen Gebirgen angesiedelte Hazarah, diese ethnisch und linguistisch ver¬
205 1816 2417 1935 schiedenen Bevölkerungsgruppen, die auch in ihren Lebensgewohnheiten,
210 1908 2414 2010 als Nomaden und seßhafte Bauern, Stammeskrieger und gewerbetreibende
216 2002 2414 2124 Städter, denkbar voneinander abweichen, sind noch kaum durch ein ge¬
210 2090 2414 2207 meinsames Nationalgefühl verbunden, sondern allein durch den gemein¬
210 2179 2428 2295 samen Glauben. Aber wenn sich die Regierung dieses Instrumentes auch
210 2268 2423 2403 in kluger Weise bedient, – es ist mehr als ein Instrument, es ist eine Macht,
210 2365 2436 2495 die sich jeden Augenblick wieder emanzipieren und sich in ganz anderen
222 2472 2423 2578 Bahnen auswirken kann. Während des letzten Weltkrieges haben deutsche
210 2544 2428 2666 und türkische Agenten versucht, die kriegerischen Pathan-Stämme der
205 2628 2417 2741 indischen North-West-Front zum „Heiligen Krieg“ gegen Indien, be¬
205 2722 2431 2832 ziehungsweise gegen England, zu veranlassen. Der kluge Emir Habi¬
222 2816 2412 2932 bullah wußte aber, daß ein Zusammengehen mit der Türkei und Deutsch¬
205 2899 2423 3012 land blanker Wahnsinn wäre, da Rußland und England zu dieser Zeit
216 2987 2420 3107 Verbündete waren und Afghanistan einfach hätten erdrücken können.
222 3082 2428 3195 Amanullah hat sich dann als junger Herrscher zu diesem Krieg hinreißen
216 3176 2428 3306 lassen und hat ihn verloren. Damals stand aber das ganze Stammesgebiet,
213 3270 2434 3403 dies- und jenseits der Durand-Linie, in Flammen,  – die Stammes-Soli¬
222 3356 2434 3450 darität und das Band des Islams erwiesen sich viel stärker als die Loyali¬
222 3444 2414 3555 tät gegenüber den Regierungen von Delhi und Kabul. Für beide Regie¬
222 3538 2431 3660 rungen ist daher zweifellos die Beherrschung der unruhigen, kriegerischen,
222 3627 2428 3763 fanatisch religiösen Grenzstämme ein gemeinsames Problem, welches nur
230 3713 2428 3829 durch Zusammenarbeit gelöst werden kann. Übrigens ist Kabul heute mehr
216 3815 2431 3934 denn je auf ein gutes Verhältnis mit Britisch Indien angewiesen, – denn nur
230 3893 2420 4006 wenn es des militärischen Rückhaltes von England sicher ist, kann es der
210 4004 1692 4148 Gefahr eines sowjetrussischen Angriffs begegnen.\:p\
1208 1448 3279 1576 \p\Als ich im Oktober 1939 von Kabul mit einer Gruppe Archäologen nach
1129 1548 3282 1657 Turkestan reisen wollte, erhielt ich zwar die Erlaubnis, aber man sagte mir
1116 1638 3271 1766 gleichzeitig, ich hätte dies als außergewöhnliche Vergünstigung zu be¬
1116 1733 3276 1859 trachten. Einige Monate zuvor hatte ich, von Persien kommend, Turkestan
1116 1821 3290 1916 durchquert, ohne auch nur einmal den Paß vorzuweisen. Der Krieg hat
1116 1905 3276 2049 Afghanistans Mißtrauen mächtig geschürt. Vier schmächtige Soldaten
1110 2008 2740 2114 mongolischer Herkunft gab man uns als Schutztruppe.\:p\
1214 2084 3287 2201 \p\Das Mißtrauen Afghanistans gegenüber den Sowjets, den Nachfolgern
1097 2191 3274 2280 des imperialistischen Zarenreichs, ist groß. Der russische Überfall auf Finn¬
1105 2264 3271 2392 land hat die Türkei, Iran und Afghanistan alarmiert. Besonders Afghanistan
1099 2354 3276 2457 hat für seine Besorgnis besondere und weitreichende Gründe; denn sein
1105 2449 3266 2547 Schicksal ist über seine eigenen Grenzen hinweg ungewollt mit dem Spiel
1110 2533 3271 2637 der Weltpolitik verknüpft. Dieses Mißtrauen verhindert ein enges oder gar
1105 2621 3266 2729 freundnachbarliches Verhältnis zu Rußland, obgleich die Handelsbeziehun¬
1110 2708 3271 2822 gen zwischen den beiden Ländern sehr rege und bedeutend sind. Die
1110 2797 3276 2912 billigen russischen Waren wetteifern erfolgreich in den Bazaren Afghani¬
1105 2890 3271 2996 stans und besonders in den Oasenstädten Turkestans mit den japanischen
1086 2974 3274 3086 Erzeugnissen. Zucker, Tee und Zigaretten russischen Ursprungs und nicht
1086 3070 2759 3195 zuletzt russisches Benzin kann man dort überall erhalten.\:p\
1197 3159 3266 3271 \p\Was aber könnte Rußland reizen, Afghanisch-Turkestan zu erobern?
1099 3244 3260 3355 Der \g\Karakulschafe\:g\ wegen, die die begehrten Persianerpelze liefern und
1086 3328 3260 3456 deren Felle heute den Hauptposten des afghanischen Exportes bilden? Oder
1086 3423 3260 3554 soll das \g\Baumwollgebiet\:g\ der Sowjetrepublik Turkmenistan vergrößert
1099 3510 3252 3622 werden? Man mag dies alles als Gründe für einen Angriff anführen; aber
1099 3606 3260 3717 dennoch gäbe es nur einen einzigen Grund für einen Einfall: Die Eroberung
1080 3690 3260 3821 des klassischen Eingangstores nach Indien, des Khyberpasses. Zweifellos
1094 3783 3260 3913 würden die Russen, ohne auf nennenswerten Widerstand zu stoßen, bis
1080 3872 3260 3995 an den Hindukusch vordringen können. Aber gerade dieser Hindukusch
1105 3959 3252 4071 erschwert als gewaltige Barriere den Weg zum Khyberpaß, der immerhin
1075 4057 3260 4153 als eine der verwundbarsten Stellen des britischen Weltreiches gilt. Mit
1080 4153 3255 4245 anderen Worten: Afghanistan fürchtet nicht wegen seiner selbst einen
1086 4232 3252 4324 russischen Einfall aus den asiatischen Steppen, sondern ihm droht die
1086 4319 3249 4449 Gefahr, als Durchmarschland für einen Schlag gegen Britisch-Indien be¬
1080 4419 3252 4523 nützt zu werden. Afghanistan ist ein Pufferstaat, und man hat seine Lage
1080 4501 3249 4599 mit derjenigen der Schweiz verglichen. Es stellt auch wirklich eine natür¬
1075 4596 2626 4719 liche Bergfestung zwischen Indien und Rußland dar.\:p\
1181 4667 3249 4803 \p\\g\Amanullah's\:g\ übereifrige und überstürzte Reformen scheiterten am
1091 4770 3255 4890 Widerstand der Mullahs. Die Macht des Islams hat ihm den Thron gekostet.
1094 4855 3249 4993 Wenn die heutige Regierung von Kabul sich der Religion als einer eini¬\fml\\:p\
170 579 2356 714 \p\\fml\genden Kraft bedient, muß sie andererseits in allen ihren Handlungen
157 684 2351 813 auf diesen Faktor Rücksicht nehmen. Das erklärt, warum Afghanistan
165 774 2351 901 noch keinen ersten Schritt zur Emanzipation der Frauen gewagt hat und
165 865 2351 989 überhaupt den Weg der unvermeidlichen Reformen nicht so stürmisch
165 953 1681 1063 einschlägt, wie es die Türkei und Iran getan haben.\:p\
258 1055 2351 1153 \p\Afghanistan entwickelt sich langsam, und dies gewiß nicht zu seinem
165 1137 2337 1236 Nachteil. Denn die klugen europäisch geschulten, aber mit allen Fasern
151 1236 2345 1326 mit ihrem Land und seiner Tradition und Lebensweise verbundenen
176 1313 2351 1412 Männer, die es regieren, können sich auf diese Weise Erfahrungen anderer
165 1401 2351 1516 asiatischer Länder zu Nutze machen und Fehler vermeiden, die tragisch
170 1502 2337 1587 anmuten: ich denke dabei eben an die „Seßhaftmachung der Nomaden“.
165 1585 2345 1689 Ein Problem, das sich natürlich auch in Afghanistan stellen wird, das aber
165 1675 2351 1771 sicher glücklicher und humaner gelöst werden kann als es in den angren¬
151 1763 2345 1856 zenden russischen und auch iranischen Gebieten geschah. — Noch ist das
170 1854 2337 1961 Leben in Afghanistan von einer schlichten Integrität und Harmonie, die
170 1933 1889 2046 für uns Europäer geradezu etwas Paradiesisches an sich hat.\:p\
258 2032 2351 2134 \p\Der Unterschied zwischen den Daseinsformen in Afghanistan und den
162 2117 2345 2233 übrigen vorderasiatischen Ländern, vorab der Türkei und Iran, ist auf¬
151 2213 2359 2337 fallend groß. Wer nicht über die Nordostgrenze Irans hinausgekommen
151 2299 2337 2425 ist, kennt Asien noch nicht, obwohl das iranische Hochland bereits die
151 2386 2359 2502 großen Ausblicke asiatischer Ödnis und Farbenpracht vermittelt, und
170 2477 2337 2573 Persien an architektonischen Denkmälern und Kunstschätzen natürlich
151 2562 2345 2672 unvergleichlich viel reicher ist als das städtearme, nur von kriegerischen
170 2658 2326 2790 Stämmen bewohnte Gebirgsland Afghanistan. Einzig in \g\Herat\:g\, der Ka¬
176 2752 2337 2862 pitale der timuridischen Renaissance, kann überhaupt von einer städtischen,
151 2845 2332 2944 erst im Reichtum gedeihenden Kultur die Rede sein. Dafür halten allerdings
151 2928 2345 3048 die letzten noch aufrecht stehenden Minarette der Musallah, und das
176 3015 2345 3142 vollendete Grabmal der Gohar Shad, den Vergleich aus mit den Bau¬
151 3117 1335 3202 werken Isfahans und sogar Samarkands.\:p\
258 3188 2345 3326 \p\Aber Herat steht an der Scheide zweier Welten, den Hochländern
151 3274 2332 3397 Irans und den turanischen Tiefebenen, und am Kreuzungspunkt der wich¬
151 3367 2326 3479 tigsten Straßen Asiens. Hier trennen sich die Straßen nach Persien, nach
151 3469 2332 3584 Indien, nach Zentralasien, und es ist kein Zufall, daß Russen, Perser,
151 3554 2337 3677 Afghanen und Engländer diese Stadt umworben haben. Sie war nie ein
151 3642 2326 3740 unbestrittener afghanischer Besitz, und ist heute eigentlich wie ein Sym¬
151 3732 2332 3858 bol für den Charakter Afghanistans, dieses Durchgangslandes, das eigent¬
157 3823 2332 3924 lich keine eigene Geschichte hat, sondern immer die Reaktionen seiner
157 3908 2334 4023 großen Nachbarn miterlitt: eine \g\asiatische Schweiz\:g\, die natürliche
146 3999 2340 4136 Festung zwischen den verschiedenen Teilen Asiens, und das Einfallstor\fml\\:p\
1180 1390 3386 1528 \p\\fml\Indiens. Um so erstaunlicher ist es, daß gerade das Land \g\Koh\:g\ zwischen
1180 1495 3386 1605 Iran, Turan und Hind – so bezeichneten es klassische Autoren – seinen
1186 1583 3375 1715 eigenen Charakter besser bewahrt hat als seine Nachbarländer. Man hört
1180 1674 3375 1801 immer wieder, Afghanistan verdanke seine staatliche Unabhängigkeit, ja
1180 1768 3375 1870 seine Existenz und seine Neutralität nur seiner geographischen Lage als
1166 1856 3370 1980 Pufferstaat zwischen seinen beiden großen Garanten Rußland und Eng¬
1180 1944 3370 2074 land. Aber England hätte im 19. Jahrhundert auch eine andere Lösung
1169 2041 3367 2162 zum Schutze Indiens finden können, nämlich aus dem Bollwerk gegen
1166 2132 3375 2250 Rußland, Afghanistan, ein Protektoratsgebiet zu machen, wie es ja wäh¬
1172 2220 3375 2327 rend der beiden ersten afghanischen Kriege wohl auch die Absicht gewesen
1166 2305 3383 2427 ist. Vor allem wäre England dann sein Frontier-Problem erspart geblieben:
1186 2410 3375 2493 weil das Stammesgebiet, das heute auf beiden Seiten der 1894 gezogenen
1180 2507 3375 2587 Durand-Linie liegt, dann unter einheitliche Verwaltung gekommen wäre,
1188 2578 3367 2705 während jetzt die Grenzstämme über die Grenze wechseln, sich gegen¬
1180 2667 3370 2782 seitig unterstützen und Schutz bieten können und sich leicht jeder Re¬
1186 2760 3361 2862 gierungsgewalt entziehen. Ein Pufferstaat erfüllt nur dann eine nutzbrin¬
1186 2843 3375 2956 gende Rolle, wenn er stark und selbständig ist. Wenn England bald nach
1180 2937 3370 3039 dem Sieg von Sir Frederik Roberts bei Kandahar seine Politik gegenüber
1180 3025 3383 3157 Afghanistan änderte und heute an einem starken selbständigen Afghani¬
1166 3130 3375 3237 stan interessiert ist, so verdankt Afghanistan dies den unbestrittenen Tugen¬
1166 3210 3383 3326 den seiner Stämme, ihrer kriegerischen Tüchtigkeit, ihrem Patriotismus
1180 3292 3375 3397 und ihrem ungemein ausgeprägten Freiheitssinn. Sie wären als Untertanen
1186 3389 3367 3516 oder Schutzbefohlene einer fremden Macht immer unruhige Elemente
1186 3474 3367 3601 geblieben. Als Verteidiger der Freiheit ihrer Heimat verdienen sie Bewun-
1186 3563 1867 3684 derung und Vertrauen.\:p\
1274 3656 3386 3783 \p\Afghanistan ist also nie auch nur eine „Einflußzone“ gewesen, im
1180 3739 3383 3866 Gegensatz zum alten Persien, das vor 1914 bekanntlich in eine englische
1180 3833 3370 3963 und eine russische Einflußzone aufgeteilt war, und erst unter der Führung
1180 3924 3370 4051 des jetzigen Schahs Reza Pehlevi eine nationale Renaissance erlebte. Un¬
1180 4012 3375 4125 beschadet seiner politischen Rolle, die es gerade heute wieder in das Ge¬
1166 4117 3375 4211 sichtsfeld aktuellen Geschehens rückt, hat dieses asiatische Gebirgsland
1172 4194 3381 4313 Invasionen nach Invasionen überdauert und seinen Charakter bewahrt. Wir
1166 4288 3375 4387 sehen hier ein Land, das seit dem Zug Alexanders nach Indien, und beson¬
1186 4379 3375 4481 ders seit den letzten hundert Jahren, in Kontakt mit seinen Nachbarn
1180 4467 3375 4577 lebte und im Kraftfeld der Weltpolitik stand, und das heute unweigerlich
1180 4558 3370 4668 in den Prozeß der Angleichung Asiens an westliche Formen der Zivili¬
1166 4649 3370 4776 sation hineingezogen wird. Dem Osten bleibt die Wahl nicht, die tech¬
1180 4737 3375 4853 nischen Errungenschaften des Westens zu verachten, es ist schon die Technik,
1180 4828 3370 4969 die eine Isolierung irgendeines Weltteiles unmöglich macht. Wer heute\fml\\:p\
170 551 2396 704 \p\\fml\ein afghanisches Dorf, etwa das in einer blühenden Oase am Berghang
181 657 2396 787 gebettete Töpferdorf Istalif, mit einer Vorstadt oder Arbeitersiedlung in
181 768 2396 860 Europa vergleicht, oder den Frieden eines von Nomaden bewohnten
181 835 2396 968 Hochtals im Hindukusch mit den Schrecken einer unserer vom Krieg
175 929 2399 1052 heimgesuchten Landschaften, der wird mehr als nur Zweifel am Wert
175 1018 2399 1130 unserer Zivilisation und an der Überlegenheit unserer technischen Mittel
175 1107 2399 1233 verspüren. Trotzdem ist Afghanistan nicht dagegen gefeit, etwa durch
181 1213 2393 1336 einen russischen Einfall in Turkestan in das aktuelle Weltgeschehen hinein¬
186 1297 2390 1416 gerissen zu werden. Und fraglos werden die Töpfer und Weber von Istalif
175 1402 2379 1519 über kurz oder lang der Konkurrenz von Keramikfabriken und Baumwoll-
175 1489 1063 1603 spinnereien gegenüberstehen.\:p\
270 1583 2396 1689 \p\In Afghanistan ist heute noch ein Bestand an eigenem Leben vorhanden,
181 1656 2385 1772 der sich in Daseinsformen des Alltags, in Traditionen und schlichten Tu¬
181 1750 2390 1878 genden äußert und auf uns eine starke Anziehung ausübt. Wird in jenem
175 1845 2399 1945 eigenartigen und schönen Land zwischen der Sowjetunion und Britisch
175 1951 2373 2053 Indien der Prozeß der „Modernisierung“ notwendig ein tragischer sein? –
181 2037 2385 2156 Oder sind dort Kräfte vorhanden und Erfahrungen gesammelt worden,
175 2115 2385 2243 welche es möglich machen, die Vorteile unserer westlichen Errungen-
175 2218 1912 2337 schaften zu übernehmen und die Schäden zu vermeiden?\:p\
284 2301 2382 2415 \p\Ich denke dabei zum Beispiel an die \g\afghanische Gastfreund¬
181 2387 2396 2493 schaft\:g\, die jeder Reisende erfahren hat, der mehr von Afghanistan kennt
181 2482 2404 2618 als die von Camions befahrenen Hauptstraßen. Wir haben auf unserer
170 2571 2393 2691 Fahrt von Herat durch die Turkestan-Provinzen nach Mazar-i-Sherif
181 2660 2396 2802 kein einziges Mal unser Zelt aufschlagen und unseren Reis oder Porridge
170 2752 662 2874 kochen müssen.\:p\
270 2841 2396 2974 \p\Gouverneure und Dorfbürgermeister empfingen uns am Mittag und
175 2933 2399 3064 Abend jeder Tagesetappe. An schlechten Stellen der Straße fanden wir
175 3027 2379 3128 aufgebotene Bauern, die uns nicht etwa wie mürrisch wartende Fron¬
164 3116 2396 3242 arbeiter sondern mit herzlichem Jubel begrüßten und unseren Ford über
175 3211 2404 3333 Steilrampen, durch Fluß- und Lößsandbetten beförderten. Wenn wir irgend¬
175 3306 2399 3417 wo in schattenloser Hitze Halt machten, kam meistens bald ein Bauer
181 3381 2404 3498 über das Feld gestampft, ein paar Melonen unter dem Arm, die er uns zum
181 3495 2396 3587 Geschenk machte. Einmal blieben wir in später Nachtstunde mit zwei
181 3570 2390 3701 vor Hitze geplatzten Reifen in der Oase von Tash Kurgan liegen, kamen
175 3673 2390 3762 mit der Reparatur nicht mehr zurecht und fanden lange keine Menschen¬
181 3754 2396 3857 seele, bis ein junger Bauer des Weges kam, die Schaufel auf der Schulter.
175 3845 2404 3954 Als er begriffen hatte, daß wir, zwei Mädchen ohne männliche Beglei¬
181 3940 2390 4046 tung, Hilfe brauchten, war er fassungslos vor Erstaunen und wollte uns
175 4032 2245 4146 unbedingt in sein Gärtchen führen und uns seinen Schutz anbieten.\:p\
1161 1440 3255 1577 \p\Wir hätten uns übrigens in Abrahams Schoß [Sprichwort bezieht sich auf NT, siehe https://de.wikipedia.org/wiki/Abrahams_Scho%C3%9F] nicht sicherer fühlen kön¬
1059 1544 3238 1653 nen als bei unseren afghanischen Gastfreunden. — Im Dorfe Shibargan
1048 1637 3236 1744 machten wir eines Abends, es mochte neun Uhr sein, von der Hitze er¬
1059 1722 3238 1834 schöpft, Halt und fragten einen Polizisten, ob man hier übernachten
1054 1815 3233 1919 könne. Er sprang auf unser Trittbrett, geleitete uns über Feldwege bis
1043 1900 3233 2001 zu einem riesigen Mauerviereck, das den Garten eines offenbar wohl¬
1059 2004 3238 2094 habenden Mannes umschloß. Die Diener, die uns das Tor öffneten, zeigten
1043 2078 3233 2215 keinerlei Überraschung, wir wurden in das Innere des Gartens geführt,
1070 2174 3233 2269 wo der Hausherr im weichen Seidenrock und weißem, gesticktem Käppchen
1054 2258 3241 2368 auf einer erhöhten Lehmterrasse auf Teppichen saß und mit seinen Freunden
1059 2354 3233 2466 die leichte Nachtkühle genoß. Wir zogen die Schuhe aus und setzten uns
1059 2439 3228 2571 dazu. Innerhalb weniger Minuten wurde von jungen, weißgekleideten
1070 2529 3233 2655 Dienern grüner und roter Tee gebracht, dann Kanne und Becken zum
1065 2617 3228 2729 Händewaschen geschickt angeboten. Als wir uns ein wenig erholt hatten,
1065 2716 3225 2803 wurde uns der Palaw aufgetragen: köstlich gewürzter, trockener Reis
1054 2795 3244 2915 mit gekochtem Huhn und Schaffleisch und mehreren Gemüsen, Fleisch¬
1059 2891 3233 3003 klößen, Eiern und Quittenkonfitüre als Zutaten. Während wir aßen,
1057 2976 3228 3088 schnitten die Diener schon Melonen auseinander und brachten verschie¬
1059 3069 3233 3176 dene Trauben- und Pfirsichsorten als Nachtisch. Der Hausherr unter¬
1059 3162 3238 3277 hielt sich inzwischen ruhig mit seinen Freunden, nahm hie und da einen
1059 3252 3249 3381 Zug aus der Wasserpfeife, die im Kreis herum geboten wurde, und war
1054 3337 3233 3447 so angenehm gelassen, freundlich und höflich, wie es bei uns kaum ein
1059 3430 3228 3540 vollendeter Weltmann sein könnte. Als wir müde waren, gab er den war¬
1054 3509 3244 3611 tenden Dienem einen Wink, die für uns seidene Matratzen und Kissen
1065 3603 3233 3718 ausbreiteten. Als ich schon beinahe eingeschlafen war, sah ich, daß der
1054 3696 3228 3816 Hausherr sich noch einmal erhoben hatte. Es war merklich kühler gewor¬
1054 3789 3244 3893 den, im weißen Mondlicht schien der Garten wie verzaubert unter dem
1054 3871 3241 3989 hohen Sternenhimmel zu liegen, es herrschte eine unbeschreibliche, un¬
1054 3964 3241 4098 erschütterliche Stille. Unser Gastgeber kam auf mich zu, breitete eine
1054 4051 2932 4172 Steppdecke über mich aus und legte sich dann wieder nieder.\:p\
1155 4136 3247 4270 \p\Ich denke oft, die Nächte unter freiem Himmel, in der großen, licht¬
1054 4229 3241 4353 erfüllten Stille der Gebirgstäler und der Oasen am Wüstenrand seien für
1043 4317 3238 4454 die Afghanen wie ein Kult, der es ihnen erlaube, immer wieder aus der
1043 4413 3238 4544 engen, unmittelbaren Berührung mit ihrem Land neue und reine Kräfte
1043 4514 1465 4640 zu gewinnen.\:p\
1161 4604 3241 4717 \p\Unser Gastgeber von Shibargan war unverheiratet. Wir erfuhren
1054 4681 3233 4807 am nächsten Tag, den wir noch in seinem Garten verbrachten, daß er
1059 4766 3238 4892 ein reicher Landbesitzer sei und auch Karakul-Schafe züchtete. Obwohl
1059 4856 3238 4999 er offenbar sehr vermögend war, und einer der ersten Familien des Landes\fml\\:p\
152 556 2369 696 \p\\fml\angehörte, führte er ein schlichtes ländliches Leben und verkehrte mit den
152 669 2360 777 zahlreichen Dienern, Gärtnern und Knechten in einem freundlich-pa¬
158 760 2366 895 triarchalischen Ton: sie waren nicht bezahlte Untergebene, sondern
163 854 962 970 Angehörige seines Hauses.\:p\
257 942 2363 1061 \p\Ebenfalls in Turkestan, im kleinen Dorf Kaisar, hatten wir endlich
152 1039 2352 1139 eine Begegnung mit \g\afghanischen Frauen\:g\. Der Hakim oder Dorfbürger¬
152 1128 2352 1222 meister, ein russisch sprechender Hüne, der uns um die Mittagsstunde
158 1213 2357 1318 empfing, führte uns zur angenehmen Überraschung in den Frauenteil
152 1307 2363 1407 seines Gartens, wo uns seine Tochter und Schwiegertochter, europäisch
174 1393 2357 1506 gekleidete, auffallend schöne Mädchen entgegenkamen. Auch die Mutter
169 1484 2363 1584 war eine schöne, offenbar kluge und freundliche Frau, die uns, obwohl
163 1578 2352 1708 sie in ihrem Leben sicher nicht vielen Fremden begegnet war, mit selbst¬
169 1667 2363 1769 verständlicher Anmut und Sicherheit in Empfang nahm. Der Hakim
163 1758 2363 1879 und seine Familie waren Afghanen, die Dienerinnen hingegen, die im
163 1846 2363 1954 Garten den Tee und den Palaw zubereiteten, waren alle Usbekinnen
152 1935 2360 2040 oder Turkmeninnen. Die Mahlzeit wurde getrennt eingenommen: wir
152 2031 2363 2156 aßen mit der Mutter an einem europäisch gedeckten Tisch, die Töchter
152 2117 2363 2247 und Enkelkinder aßen gleichzeitig ihren Palaw mit den Fingern, am Boden
152 2211 2360 2319 auf Teppichen sitzend, nachher aßen die Dienerinnen und ihre Kinder
158 2297 2369 2407 etwas abseits die Reste. Während wir uns dann auf seidenbezogenen
169 2396 2363 2493 Matratzen unter den großen Bäumen des Gartens ausruhten, fragten uns
163 2490 2371 2590 die Mädchen, ob wir ihnen Modejournale schicken könnten und brachten
152 2568 2360 2681 uns einen Seidenstoff, den wir ihnen zuschneiden sollten. Ich sagte mir,
158 2645 2357 2780 daß sie die Welt außerhalb ihrer Gartenmauer nie anders erblickt hatten
152 2747 2363 2844 als durch das Gitterchen des entstellenden Schleiers der Afghanin, des
163 2838 2357 2949 „Tschadors“. In den Bazargassen waren die gleichen Mädchen, deren
158 2930 2357 3029 schöne, frische Gesichter uns hier aufgeweckt und lebensfroh begegneten,
158 3018 2366 3112 nur noch schattenhafte, halbblinde und in ständiger Furcht und Unwissen¬
152 3106 2360 3242 heit befangene Geschöpfe. Gewiß wird eines Tages mit den Harems¬
155 3209 2357 3314 mauern und dem Tschador auch eine sehr harmonische Form des Familien¬
158 3289 2357 3388 lebens verschwinden und die „Emanzipation der Frau“ wird zu Pro¬
163 3380 2363 3477 blemen führen, von denen die Afghanin heute nichts ahnt. Trotzdem ist
163 3480 2371 3574 das unfreie, beschränkte Dasein, wie sie es heute noch in den Städten und
158 3557 2357 3695 Dörfern führt, einer so stolzen, lebensfähigen und intelligenten Rasse
152 3659 580 3770 nicht würdig.\:p\
257 3731 2357 3842 \p\Man würde es sich zu leicht machen, wenn man sich nach einem
163 3825 2363 3952 Aufenthalt von sechs Monaten in einem bezaubernd schönen und idyllisch
163 3916 2357 4024 weltfernen Land dazu verführen ließe, seine schlichten und harmonischen
169 4010 2369 4137 Daseinsformen als Ideal zu bezeichnen und jede der unvermeidlich sich\fml\\:p\
1100 1435 3275 1563 \p\\fml\vollziehenden Veränderungen als ein Unglück, das den geschlossenen
1100 1538 3275 1647 Bestand dieses Daseins durchbrechen und ihm ein tragisches Ende setzen
1092 1634 3272 1732 müsse. Ein besserer Kenner Afghanistans würde beispielsweise darauf
1092 1712 3262 1859 hinweisen, daß ein großer Teil der etwa zehn Millionen zählenden Bevöl¬
1100 1810 3262 1922 kerung in empfindlicher Armut lebt. Der Palaw und das am Spieß ge¬
1086 1903 3262 2023 bratene Schaffleisch sind die tägliche Nahrung der Reichen. In den Zel¬
1100 1998 3267 2115 ten der Nomaden wird nur bei festlichen Gelegenheiten ein Schaf geschlach¬
1092 2080 3267 2178 tet. Reis ist zu teuer, Mehl und „Mast“, eine Art von saurer Milch, sind
1092 2164 3267 2292 die gewöhnliche Nahrung. In den Dörfern seßhafter Bauern wird im Herbst
1086 2254 3262 2352 aus Rosinen, Nüssen und Mehl eine Art von Brot zubereitet, das man
1086 2347 3226 2450 für den Winter aufbewahrt. In den festungsartig ummauerten „Kalehs"
1086 2434 3262 2554 der Hazarah im Hindukusch, etwa am Shibar-Paß bis auf fast 3000 Meter
1100 2518 3262 2649 Höhe, herrscht in den unbarmherzig kalten Wintermonaten oft nackte
1105 2622 3262 2701 Not. Im Turkestan, etwa 25 Meilen von der russischen Oxus-Grenze ent¬
1086 2698 3262 2796 fernt, wurde ich einmal in einem von Tadjiken bewohnten Dorf bewirtet:
1105 2793 3262 2891 es gab flaches Brot und als Leckerbissen ein Töpfchen „Kaimak“, – mit
1100 2883 3267 3000 Zucker geschlagenes Eiweiß. Aber zum bitteren grünen Tee bekommt
1086 2965 3275 3090 man nur in reicheren Häusem Zucker, der übrigens im ganzen Norden
1086 3057 3226 3158 aus Rußland eingeführt wird. Gewiß ist das Land reich an Früchten –
1086 3147 3256 3256 besonders Trauben, Melonen und Pfirsichen, gewiß gibt es fast überall
1105 3237 3256 3341 gutes Brot, verschiedene Gemüse und den sehr gesunden „Mast“. Die
1105 3319 3262 3425 bedürfnislose Lebensweise ist diesem männlichen und fröhlichen Volk
1105 3411 3262 3534 von Bauern und Nomaden so gut bekommen, daß man sich immer wieder
1092 3501 3267 3626 am Anblick seiner stolzen, hochgewachsenen, kräftigen und anmutigen
1092 3602 3267 3708 Söhne erfreut. Aber es muß trotzdem das natürliche Bestreben der afgha¬
1097 3678 3256 3790 nischen Regierung sein, den Wohlstand des Landes zu heben, seine Reich¬
1086 3776 3267 3896 tümer besser auszubeuten, seiner Bevölkerung größere Verdienstmöglich¬
1092 3855 2695 3980 keiten zu eröffnen. Der Prozeß ist in vollem Gange.\:p\
1190 3942 3256 4040 \p\Einer meiner merkwürdigsten Eindrücke war ein Besuch der im
1086 4032 3267 4165 Süden zwischen Kabul und Kandahar gelegenen kleinen Stadt Ghazni,
1092 4116 3262 4228 die unter einer eigenen Dynastie eine glanzvolle Vergangenheit hatte, und
1092 4214 3267 4323 heute, von gewaltigen mittelalterlichen Stadtmauern umschlossen ein noch
1086 4304 3264 4419 völlig integres Bild bietet und ein geschlossenes, isoliertes Dasein führt, als
1100 4405 3248 4528 seien die Jahrhunderte im Märchenschlaf darüber hinweggegangen.
1105 4481 3232 4585 Waffen und prachtvolle, gelbgefärbte, mit roter Seide bestickte „Pustine"
1092 4566 3267 4675 oder Schafpelz-Mäntel werden dort hergestellt, in den engen, lichtlosen
1100 4658 3256 4770 Gassen sitzen die Handwerker mit ihren Lehrbuben in winzigen Buden,
1092 4745 3262 4865 die stolzen Männer afghanischer Stämme sitzen diskutierend und selbst¬
1092 4838 3262 4979 herrlich neben den riesigen Samowaren der „Tschakhanes“, Karawanen\fml\\:p\
145 587 2349 715 \p\\fml\wiegen sich mit dröhnenden Glocken der Stadtmauer entlang. Aber wäh¬
139 699 2369 821 rend ich mich dort staunend aufhielt und mich in eine andere Welt ver¬
145 788 2363 913 setzt glaubte, schlugen afghanische Soldaten die erste Bresche und rissen
159 888 2363 1008 einen der mächtigen runden Türme der alten Befestigung ab. – Ghazni
150 974 2369 1097 wird sich verändern, wie sich ganz Afghanistan verändern wird. Am
145 1061 2363 1186 empfindlichsten werden vielleicht die Nomadenstämme betroffen werden,
139 1158 2369 1264 die heute noch jeden Herbst von ihren Sommerweiden im Hindukusch
148 1233 2369 1361 über die Pässe der North-West Front nach Indien hinunterziehen, und
145 1325 2369 1453 deren fast einer ewigen Gesetzmäßigkeit folgenden Lebensbedingungen
159 1425 2363 1528 und Gewohnheiten sich mit den Forderungen einer modernen Staats¬
150 1512 2363 1648 verwaltung schwer vereinigen lassen. Aber auch hier wäre ein Bedauern
145 1609 2369 1709 fehl am Platze: Es geht nicht an, Bestehendes um einer romantischen
150 1701 2375 1821 Vorstellung oder sentimentalen Anhänglichkeit willen zu lieben. Es wird
134 1790 2372 1893 sich hingegen erweisen, ob in Afghanistan die gleichen Kräfte, die seine
139 1876 2369 2002 bisherigen Lebensformen hervorgebracht haben, unter veränderten Be¬
150 1974 2369 2077 dingungen sich erneuem und wieder durchsetzen können. Denn Afghani¬
136 2060 2366 2180 stan ist ein herbes, ungemein vitales und viriles Land. Wer das erfrischende
145 2152 2363 2263 Klima und die starken jungen Winde seiner Gebirge und Hochebenen
139 2233 2363 2366 einmal verspürt hat, befürchtet dort keine, wie auch geartete Dekadenz.
159 2330 2369 2439 Man möchte glauben, daß in jener natürlichen Festung Asiens zwischen
139 2441 2355 2519 Iran, Turan und Hind gerade die einschneidenden Veränderungen und
139 2519 2372 2645 Erschütterungen unserer Zeit zu einem neuen und glücklichen Dasein
145 2606 618 2739 führen werden.\:p\
