3741 5669
129 1140 815 1212 Amerikanischer Stimmungs¬
310 1193 610 1273 umschwung.
301 1263 807 1322 Dr. \g\A. C. New York\:g\, 20. Mai.
131 1310 866 1352 \p\Als Präsident Roosevelt am Nachmittag des
114 1344 866 1397 16. Mai in einem dramatischen persönlichen
105 1390 866 1429 Appell dem Kongreß sein Programm zur Na¬
108 1428 867 1464 tionalen Verteidigung vorlegte, wurde er von
111 1461 845 1507 jubelnden Beifallsstürmen begrüßt und während
114 1501 845 1540 seiner halbstündigen Rede immer wieder von
108 1521 845 1574 Beifallsstürmen unterbrochen, wie sie die Halle
105 1566 839 1613 des Repräsentantenhauses seit Jahren nicht
105 1597 351 1653 mehr gehört hat.\:p\
129 1613 866 1667 \p\Die einzelnen Punkte des Aufrüstungspro¬
114 1669 866 1720 gramms Roosevelts sind bekannt. Es sei her¬
105 1698 866 1744 vorgehoben, daß die Forderung größtes Auf¬
105 1742 866 1785 sehen erregte, die jährliche Flugzeug-Produktion
108 1781 866 1821 der Vereinigten Staaten von bisher 12 000
114 1803 866 1853 Apparaten auf 50 000 zu steigern. Die Deutschen
105 1847 832 1888 produzieren im Monat 3000 Apparate und ha¬
108 1879 867 1922 ben, nach amerikanischen Schätzungen, während
108 1914 867 1968 der letzten sieben Jahre zwischen 36 und 37 Mil¬
107 1947 867 1995 liarden Golddollar für Rüstungszwecke ausge¬
114 1988 868 2035 geben. Das Programm Roosevelts bewegt sich
108 2015 867 2070 also durchaus in bescheidenen Grenzen. Aber die
111 2050 867 2103 geforderte Umstellung ist für Amerika unge¬
108 2092 867 2141 heuerlich. Man bedenke beispielsweise nur, daß in
108 2124 833 2169 den U. S. A. ein Mangel an spezialisierten An¬
106 2158 867 2215 beitskräften herrscht, daß also, um mit 24 Stun¬
106 2196 866 2241 den-Schichten zu arbeiten, die spezialisierten
111 2227 867 2280 Arbeiter zu hoch bezahlten Ueberstunden heran¬
114 2263 867 2319 gezogen werden müßten, was allein die Rü¬
111 2301 816 2352 stungsproduktion ungemein verteuern würde.\:p\
129 2330 868 2375 \p\Der wichtigste Satz der Rooseveltschen Rede
108 2372 867 2416 war daher der folgende: Die Amerikaner müs¬
117 2408 867 2454 sen ihre ganze Denkungsart bezüglich der Natio¬
117 2448 833 2483 nalen Verteidigung umstellen“. Diese Umstellung
106 2478 867 2515 des amerikanischen Denkens ist nicht allmählich
108 2514 868 2553 erfolgt, sondern ist die über Nacht in das all¬
111 2551 867 2597 gemeine Bewußtsein gedrungene Forderung der
107 2590 867 2631 Stunde. Noch vor 14 Tagen wurde nicht nur in
107 2616 867 2659 Europa, sondern auch in Amerika behauptet,
107 2647 868 2701 Roosevelt müsse sich, wolle er für seine dritte
114 2687 868 2736 Präsidentschaft kandidieren, als Vertreter der
114 2730 842 2764 amerikanischen Isolation – der hergebrachten
111 2760 845 2804 Friedensidee – ausgeben. Innerhalb weniger
114 2792 868 2845 Tage, nämlich seit dem deutschen Angriff auf
117 2828 868 2873 Holland und Belgien, stand er vor der dringen¬
108 2874 843 2905 den Forderung, Amerika auf den Krieg vorzu¬
114 2904 840 2944 bereiten, der Fiktion der amerikanischen Iso¬
110 2930 868 2972 lation ein jähes Ende zu setzen, darauf hinzu-
114 2969 868 3011 weisen, daß beide Küsten Amerikas, die atlan¬
107 3002 868 3042 tische und die pazifische, heute vor Angriffen
108 3042 869 3085 von seiten Deutschlands und Japans nicht mehr
111 3075 869 3120 sicher sind, hinzuweisen auch auf die offenbaren
114 3120 869 3155 Mängel der amerikanischen Verteidigung. Und
111 3156 846 3184 innerhalb derselben Zeitspanne sind die Chan¬
113 3180 868 3223 cen für die \g\Wiederwahl Roosevelts\:g\ so
113 3210 868 3269 gestiegen, daß der Name seiner eventuellen Ge¬
114 3251 868 3299 genkandidaten überhaupt nicht mehr genannt
111 3282 868 3343 wird. Am 15. Mai erschien in der "Herald
113 3319 868 3363 Tribune", einem der größten Blätter New
117 3351 869 3401 Yorks, ein aus Paris datierter Artikel von
117 3382 839 3432 Dorothy Thompson, dem unbestrittenen "Star"
114 3424 869 3473 der amerikanischen Journalisten, und bisher
117 3469 869 3508 einer der entschiedensten und heftigsten Gegne¬
111 3495 870 3553 rinnen der Rooseveltschen New Deal-Politik, ein
120 3525 870 3575 Artikel, worin an die Republikanische Partei
120 3572 870 3611 die Forderung gerichtet wird, sich gemeinsam
114 3604 870 3647 mit den Demokraten für die Kandidatur Roose¬
120 3640 861 3697 velts als des einzigen weitblickenden Politikers
114 3675 673 3733 der Vereinigten Staaten einzusetzen.\:p\ [space]
135 3697 869 3764 \p\Aber dieser ungeheure Stimmungsumschwung
110 3749 870 3792 beschränkt sich nicht auf wohl informierte poli¬
111 3795 871 3830 tische und intellektuelle Kreise in Amerika. Die
114 3818 869 3864 gleichen Amerikaner, die noch vor wenigen Mo¬
117 3856 869 3904 naten glaubten, der amerikanische Kontinent be¬
117 3894 870 3946 finde sich außerhalb des Brandherds des neuen
117 3931 870 3982 Weltkriegs, Amerika sei ungefährdet, und daher
120 3960 869 4005 forderten, man müsse nur und vor allen dem ge¬
116 4000 869 4043 heiligten Grundsatz der Isolation treu bleiben,
120 4036 870 4080 haben jetzt begriffen, daß es heute diese Isola¬
117 4066 868 4107 tion nicht mehr gibt, daß auch die Meeresküsten
123 4098 869 4149 heute nicht mehr bombensicher sind, und mehr
117 4135 846 4195 noch, daß eine plötzlich in den Bereich des Mög¬
120 4175 869 4216 lichen gerückte Niederlage der Alliierten in
120 4207 871 4251 Europa den Untergang eines moralischen Prin¬
120 4241 870 4289 zips, einer Weltanschauung bedeuten würde, die
117 4282 855 4334 auch die der amerikanischen Demokratie ist, eine
120 4315 858 4357 Niederlage, die also den innersten Gehalt des
117 4347 872 4406 amerikanischen Ideals, der amerikanischen Zu¬
117 4387 786 4438 kunfts-Idee unmittelbar bedrohen müßte.\:p\
150 4423 870 4472 \p\Auf dem amerikanischen Dampfer "Man¬
120 4448 871 4496 hattan", mit dem ich am 13. Mai in New York
120 4481 870 4546 landete, gab es deutschamerikanische Stewards,
120 4520 870 4582 die versicherten, kein Amerikaner fühle sich am
117 4556 871 4615 europäischen Schicksal beteiligt, und diese Nation
117 4590 869 4652 würde niemals gezwungen werden können, in
122 4629 870 4686 den Krieg einzutreten. Das Gegenteil davon
117 4662 872 4720 erweist sich als richtig. Die demokratische, poli¬
120 4696 871 4739 tisch gut geschulte amerikanische Nation könnte
117 4737 872 4780 allerdings kaum zu einer Stellungnahme oder
129 4765 870 4810 gar Aktion "gezwungen" werden. Aber in den
126 4807 871 4842 Straßen, den Kinos, Restaurants, in den
122 4833 870 4897 Büros und kleinen Geschäften New Yorks findet
129 4874 871 4927 man heute kaum einen Mann, der die vielleicht
867 1106 1644 1150 unmittelbar bevorstehende Notwendigkeit, in
867 1140 1631 1182 diesen Krieg einzugreifen, kurzsichtig ablehnen
866 1180 1627 1215 würde. Populäre Wochenzeitschriften tragen
867 1215 1630 1256 Ueberschriften wie "Wenn Hitler siegte". Im
867 1247 1633 1291 Radio wird in jeder Stunde auf die Notwen¬
866 1284 1627 1320 digkeit, sich zur Verteidigung zu rüsten, hinge¬
867 1320 1624 1373 wiesen. Der Präsident hat in seiner Kongreß¬
867 1354 1627 1392 rede nur vorgetragen, was heute schon jeder
867 1389 1633 1434 Amerikaner weiß: es gehe um Sein oder Nicht¬
867 1421 1436 1480 sein, dies- wie jenseits des Ozeans.\:p\
