3990 5669
486 928 2259 1078 Die «eiserne Stadt» Amerikas
186 1050 946 1132 \p\«Kleiden Sie sich unauffällig. Halten Sie nicht
161 1123 946 1167 beständig eine Leika ans Auge gedrückt. Lassen
161 1160 946 1211 Sie Ihren Ford nicht zu oft waschen!» – Das
161 1204 946 1244 waren die letzten Instruktionen, die ich in Wa¬
161 1240 946 1288 shington erhielt, bevor ich in die Kohlengebiete
161 1273 946 1324 der Alleghanies und in das gewaltige Stahlzen¬
161 1317 946 1357 trum der Vereinigten Staaten, die «Eiserne Stadt»
159 1353 502 1401 Pittsburgh, aufbrach.\:p\
186 1368 946 1443 \p\Man hatte mich vorbereitet, als sei ich ein
161 1425 946 1478 Kriegsberichterstatter, der sich an die Front be¬
161 1476 946 1516 geben wolle. Man hatte mich sogar gewarnt. Der
161 1509 946 1551 General Motors–Streik war in vollem Gange. Ich
161 1547 946 1589 hatte mich in Washington über die Objekte des
161 1574 946 1631 Kampfes und der ganzen amerikanischen Labour¬
161 1627 946 1669 Bewegung orientieren können. Ich wusste, es ging
161 1662 946 1706 nicht um Lohnerhöhungen, sondern um prinzi¬
161 1699 937 1746 pielle Forderungen von ungeheurer Tragweite.
161 1739 937 1788 Die Schlagworte: "Industrie–Gewerkschaft (Indu¬
161 1777 937 1825 strial Union) anstelle von "Fach–Gewerkschaften"
161 1814 937 1861 (Craft–Union) oder Organisationen innerhalb der
161 1854 935 1898 Fabrikbetriebe einzelner Unternehmergesellschaf¬
161 1892 944 1934 ten (Company–Union), – waren mir ebenso geläu¬
161 1934 944 1974 fig wie der Begriff des «Kollektiven Verhandelns»,
159 1969 944 2016 das von Roosevelt selbst als Lösung des Streik–
161 2002 944 2049 Problems empfohlen, aber von den Unternehmern
159 2046 944 2088 bitter bekämpft wurde, weil es der Arbeiterschaft
161 2086 935 2124 eine legale Basis und eine legale Vertretung für
161 2124 937 2170 ihre Forderungen geben würde. Der Arbeiterfüh¬
161 2161 937 2201 rer John L. Lewis, ein Bergmann aus Wales, for¬
161 2197 944 2243 derte die Anerkennung seiner Industrie–Gewerk¬
161 2239 944 2279 schaften als Repräsentantin aller in einer Indu¬
161 2276 937 2318 strie vereinigten Arbeiter und Angestellten. Die
161 2314 937 2354 Unternehmer fürchteten ihn mehr als die ganze
161 2351 937 2396 kommunistische Partei (der er nicht angehört),
161 2391 937 2433 – viele hielten ihn bereits für den mächtigsten
161 2429 944 2471 Mann Amerikas. Man wollte gern den Arbeitern
161 2466 937 2515 entgegenkommen, ihnen innerhalb der Fabrik eine
161 2497 937 2550 Quasi–Interessenvertretung gewähren, die man
161 2537 944 2586 immerhin in der Hand behielt, da die von den Ar¬
161 2581 928 2628 beitern gewählten Vertreter ja Angestellte der
161 2610 933 2663 Firma waren und also nötigenfalls entlassen wer¬
161 2661 935 2709 den konnten. Aber man wollte keine «Einmi¬
161 2696 928 2743 schung von aussen», keinen unabhängigen Ge¬
161 2729 933 2780 werkschaftsführer wie John L. Lewis, der Macht
161 2769 928 2818 besass, und sich anmasste, wie ein gleichberech¬
161 2811 935 2862 tigter Partner mit den Fabrikherren und –Direk-
161 2844 475 2904 toren zu verhandeln.\:p\
172 2886 946 2935 \p\Die Arbeitssekretärin Miss Perkins sass, etwas
161 2922 946 2972 besorgt und verängstigt, zwischen den gewalttä¬
161 2966 935 3006 tigen Vertretern von «Kapital» und «Arbeit», den
161 3003 928 3061 beiden grössten Mächten Amerikas, – und am¬
161 3045 745 3092 tierte als Vermittlerin der Regierung.\:p\
170 3067 930 3123 \p\Lewis hatte bereits die Bergarbeiter als «United
161 3118 946 3165 Mineworkers of America» organisiert. Er leitete
161 3151 928 3207 den Automobil–Streik. Er war dabei, die Stahlar¬
161 3198 714 3242 beiter Pittsburghs zu organisieren.\:p\
172 3218 767 3284 \p\Ich fuhr mitten in das Kampfgebiet.\:p\
166 3255 948 3317 \p\Die Strasse durch die Blue Ridge–Mountains ist
161 3313 946 3359 dieselbe, auf der während zwei Jahrhunderten die
161 3353 946 3397 Pioniere Amerikas, von der Ostküste kommend,
161 3390 933 3441 das Gebirge überwandern und in die westlichen
161 3430 922 3472 Ebenen, das reiche Land der Verheissung, hinab¬
161 3465 946 3512 stiegen. An einer Stelle, wo die Strasse tief durch
161 3507 928 3556 die Hügel geschnitten ist, ist die Erde nicht mehr
161 3547 946 3605 rötlich–gelb, sondern schwarz. Man hat durch das
161 3582 946 3633 riesige Kohlenlager der Alleghanies geschnitten,
161 3622 946 3669 einer der grössten Reichtumsquellen Amerikas,
161 3664 946 3708 – und fortan kann man die Kohle förmlich aus
161 3702 946 3739 dem Boden hervorbrechen sehen, die Ränder der
161 3739 946 3779 Strasse sind schwarz, die Hügel sind schwarz, die
161 3775 946 3828 Farmhäuser stehen auf schwarzem Grund, und am
161 3814 926 3863 Horizont erheben sich die ersten Schlackenberge,
161 3852 822 3903 düstere Wahrzeichen des Kohlenbeckens.\:p\
161 3890 922 3934 \p\In Scottsrun erinnerte ich mich an die In¬
161 3929 917 3974 struktionen, die ich in Washington mit ungläubi¬
161 3969 946 4029 gem Lächeln entgegengenommen hatte: ein Mann
161 4009 922 4055 ging auf den Bahnschienen, einen Sack auf dem
161 4042 913 4091 Rücken. Ich photographierte ihn, als er vorüber¬
161 4082 946 4130 ging. Er hielt an, betrachtete meinen Apparat, und
161 4122 922 4166 fragte: «Wollen Sie sagen, dass Sie mich soeben
161 4159 946 4203 photographiert haben?» – «Ja», sagte ich, «ich
161 4195 922 4243 habe ein Bild gemacht.» – «Das nächste Mal,
161 4241 922 4281 wenn Sie mein Gesicht aufnehmen wollen, könnte
161 4276 919 4327 Ihre Kamera leicht zerbrechen» sagte der Mann,
159 4318 393 4367 und ging weiter.\:p\
166 4351 946 4398 \p\Ich blieb mehrere Stunden in Scottsrun, trank
161 4387 922 4438 eine Tasse grauen «Milchkaffees» in der einzigen
161 4429 917 4471 offenen Bude, die ich finden konnte, photogra¬
161 4469 922 4513 phierte die elenden Arbeiterwohnungen, wacklige
161 4506 922 4553 Zigarrenkisten, die sich reihenweise den schwar¬
161 4550 946 4603 zen Hügel hinanzogen und das Flussufer säumten.
161 4584 922 4628 Blinde Fenster, zerbrochene Scheiben mit Zei¬
161 4614 922 4663 tungspapier verklebt, – elend gekleidete Frauen,
161 4659 946 4716 die Wäsche im eisigen Flusswasser spülten. All¬
161 4701 946 4754 mählich geriet ich mit den Männern ins Gespräch,
986 1067 1777 1140 – Negern und Weissen, Knaben, Greisen, zahl¬
944 1096 1777 1185 reichen Krüppeln, – die alle an der Wand des
944 1167 1777 1229 einzigen Drugstore sassen oder in Gruppen um¬
946 1204 1779 1253 herstanden, und sich in der Mittagssonne wärm¬
946 1246 1779 1293 ten. «Was ist los?» fragte ich, «habt Ihr alle
944 1282 1777 1339 keine Arbeit?» «Die Company hat Bankrott ge¬
946 1315 1768 1366 macht», antworteten sie, mit einem rachsüchti¬
972 1359 1777 1410 gen Lächeln, «die Grube war ein Kriegskind. Zu
946 1403 1777 1448 schnell aufgemacht, schlecht ausgebeutet. Jetzt
946 1439 1772 1481 ist sie geschlossen.» – «Und von was lebt Ihr?»
946 1481 1777 1525 Sie brachten etwas amerikanischen Humor auf.
944 1518 1777 1567 «Von Kaugummi», sagten sie, «und von Quäker¬
946 1540 1746 1598 suppe, – ich dächte, man sieht es uns an!» –
946 1593 1777 1640 Die Quäker, «Friend's Association» nannten sie
946 1633 1777 1675 sich dort, hatten in Scottsrun eine Suppenküche
946 1644 1777 1713 aufgemacht. Man ass die Suppe, – aber man
964 2844 1779 2902 würzte sie mit Aerger und Verachtung. Der Ame¬
946 2897 1755 2961 rikaner liebt keine Wohltätigkeit. Gesunde Män¬
944 2935 1534 2999 ner haben ein Recht auf Arbeit ...\:p\
994 2955 1755 3034 \p\Es gibt, wenig Stunden von Scottsrun, ein Pro¬
961 3023 1777 3070 jekt der Regierung, welches das Odium der «Wohl¬
961 3067 1777 3107 tätigkeit» vermieden hat und einigen tausend
946 3107 1777 3151 arbeitslosen Bergleuten eine positive und auf¬
961 3145 1777 3193 bauende Form der Unterstützung bietet: die
964 3182 1779 3224 «Westmoreland–Homesteads» bei Mount Pleasant,
955 3218 1755 3266 Pennsylvanien. Mitten in den Kohlenfeldern von
946 3255 1755 3302 Frick, die teils während der Krise 1932 verlassen,
946 3300 1777 3348 teils später zugunsten leichter auszubeutender
961 3335 1779 3375 Gruben aufgegeben wurden, hat die Roosevelt
946 3372 1777 3417 ins Leben gerufene «Behörde für Umsiedlung»
961 3410 1777 3456 (Resettlement Administration) ein grosses Stück
970 3454 1777 3498 guten Landes gekauft und eine vorbildliche Sied¬
946 3490 1755 3545 lung errichtet. Die Siedler – alles arbeitslose
946 3534 1777 3582 Bergleute – erhalten auf langfristige Abzahlung
946 3571 1753 3627 ein Haus, ein Stück Gartenland, und werden je
946 3609 1779 3664 nach Eignung bei den Bauten, in der Verwaltung
946 3642 1777 3700 oder auf der grossen, kooperativ betriebenen Farm
946 3688 1777 3746 beschäftigt. Es gibt einen Drugstore, eine Tank¬
946 3719 1777 3784 stelle (die Grundpfeiler einer amerikanischen
946 3766 1777 3808 Kommune!), einen Theatersaal, Bibliothek, Sani¬
964 3808 1779 3861 tätsdienst, eine Beratungsstelle für die Frauen und
955 3845 1741 3892 Mütter, – es gibt Vorträge, Fortbildungs–Mög¬
955 3883 1777 3929 lichkeiten, Versammlungen des «Kollektivs der
961 3927 1750 3969 Siedler», – und es gibt vor allem einen energi¬
946 3951 1777 4018 schen, gescheiten, warmherzigen «Manager», der
955 4000 1777 4051 von früh bis spät für alles und für alle da ist. Er
955 4040 1777 4097 hat mir die Schwierigkeiten seiner Aufgabe aus¬
946 4082 1777 4126 einandergesetzt: «Es ist ein Erziehungsproblem»,
957 4122 1777 4161 sagte er, «ich habe mit Leuten zu tun, die aus dem
946 4159 1761 4201 Sumpf der Arbeitersiedlungen auf den Gruben
957 4192 1777 4239 kommen, – mit Leuten, die nur die niedrigste
961 4234 1750 4276 Form menschlichen Zusammenlebens kennen,
953 4272 1779 4318 nämlich die stumpfe und vollständige Abhängig¬
953 4307 1779 4345 keit vom Gruben–Aufseher, der sie wie Schafe
946 4345 1746 4387 behandelt hat. Sie waren eine Herde von Arbeits¬
957 4385 1753 4424 tieren, – und hier verlangt man von ihnen per¬
955 4413 1777 4471 sönlichen Einsatz, lnitiative, Verantwortlichkeit,
955 4460 1777 4506 um ein nützliches und ordentliches Mitglied dieses
957 4497 1777 4550 Kollektivs sein zu können. Ausserdem sollen sie
946 4535 1777 4590 tüchtige Farmer und ihre Frauen tüchtige Mütter
955 4575 1410 4632 und Hausfrauen werden.»\:p\
997 4608 1759 4668 \p\Westmoreland war ein Lichtblick auf dieser
946 4643 1777 4714 Reise durch einen düsteren Teil des neuen Welt¬
946 4701 1777 4743 teils. Aber schon am nächsten Abend, in der klei¬
946 4740 1777 4789 nen Stadt Mount Pleasant, stimmte mich ein Ge¬
955 4778 1777 4824 spräch mit einem schottischen Kohlenarbeiter
948 4822 1777 4862 nachdenklich. «Westmoreland», sagte er (wir
948 4860 1777 4904 sassen in einer winzigen Bar und tranken einen
957 4895 1777 4944 scheusslichen Korn–Whisky) –, «Westmoreland
953 4933 1779 4981 ist schon recht. Wenn ich arbeitslos wäre, würde
953 4972 1757 5017 ich mich als Siedler nach Westmoreland melden.
948 5012 1753 5052 Aber wahrscheinlich ist die Zahl der Siedler
953 5041 1753 5094 schon geschlossen. Und übrigens – das ist Sani¬
948 5087 1753 5132 tätsdienst nach der Schlacht. Ein Bergmann, wis¬
953 5125 1759 5176 sen Sie, bleibt am liebsten ein Bergmann. Das
948 5169 1753 5216 sitzt im Blut. Und rechnen Sie mal aus, was West¬
953 5202 1759 5253 moreland der Regierung gekostet hat! Um ein¬
946 5240 1761 5293 oder zweitausend Leute unterzubringen! Dabei
1768 1076 2599 1156 wimmelt es ringsum von «Geisterstädten», wo die
1768 1127 2592 1200 Leute nichts zu fressen haben.» – «Sind Sie or¬
1770 1176 2599 1229 ganisiert?» fragte ich ihn. «Nein», sagte er, «ich
1770 1211 2599 1269 bin für die Freiheit. Ich lasse mich nicht mit einem
1770 1255 2592 1304 dreckigen Slowaken oder Nigger zusammen orga¬
1770 1291 2599 1353 nisieren. Und jeden, der mir die Stelle wegnehmen
1803 1337 2599 1377 will, schlage ich knock-out.» – Das war die gute
1770 1364 2599 1417 alte Auffassung der amerikanischen Freiheit. Und
1768 1403 2424 1463 der, der knock–out geschlagen wurde? –\:p\
1825 1445 2599 1492 \p\Das Gegenstück zu dieser Erfahrung sah ich an
1770 1461 2599 1536 einem der nächsten Sonntage, an einer Versamm¬
1770 1516 2597 1576 lung der «Vereinigten Bergarbeiter Amerikas»,
1803 1562 2599 1611 in Isabella–Grube bei Uniontown.[verweist AS in Brief an KM auf dieses Treffen?] – Frauen
1770 1598 2597 1651 nahmen an der Versammlung teil. Ein blonder
1770 1642 2599 1693 Bergarbeiterssohn sass eng umschlungen mit
1770 1655 2588 1724 einem kleinen Negerjungen – beide lauschten ge¬
1812 1710 2601 1750 spannt auf die Reden des Gewerkschaftsführer,
1813 1750 2596 1788 eines sympathisierenden Senators, eines Pastors
1815 1790 2593 1822 und eines Arbeiters, der eben aus dem Streikge¬
1810 1827 2596 1862 biet von Flint zurückgekommen war. Es ging
1809 1865 2599 1898 ruhig und ernst, beinahe "bürgerlich" zu. Man
1813 1905 2595 1939 sang die Nationalhymne und liess Roosevelt hoch¬
1809 1939 2591 1976 leben. Man warnte vor den Spitzeln und Streik¬
1818 1977 2599 2016 brechern, die von der Gesellschaft in die Reihen
1810 2016 2601 2052 der Arbeiter geschickt werden um die Organi¬
1770 2851 2599 2922 sation zu verhindern, die Gewerkschaft zu unter¬
1790 2906 2599 2957 minieren. «Fragt einen solchen Mann», hiess es,
1795 2942 2586 2990 «wer seine Miete und sein Benzin bezahlt», –
1790 2981 2595 3030 denn Benzin gehört zu den einfachen Lebens¬
1770 3017 2592 3067 bedürfnissen des Amerikaners wie Miete, Brot und
1770 3052 2592 3105 Milch. Und immer wieder wurde an den Grund¬
1770 3094 2586 3156 satz erinnert: «Nur wenn wir einig, wenn wir or¬
1770 3140 2586 3182 ganisiert sind, und durch fähige Männer, die wir
1770 3169 2597 3229 selbst gewählt haben, repräsentiert werden, kön¬
1790 3213 2223 3262 nen wir etwas erreichen.»\:p\
1819 3216 2583 3297 \p\Die Tage waren ausgefüllt mit Arbeit, Gesprä¬
1770 3291 2586 3337 chen, Besuchen. Ich fuhr meistens während der
1770 3330 2588 3372 Nacht, – und ich habe daher den Eindruck, als
1770 3368 2586 3408 sei ich durch einen unterunterbochenen Feuer¬
1770 3397 2592 3450 schein von den Reihen schwelender Koksöfen nach
1770 3432 2137 3496 Pittsburgh gefahren.\:p\
1823 3481 2595 3536 \p\Die eiserne Stadt. Eine Stadte der Hochöfen, der
1770 3509 2586 3574 Riesen–Stahl–Werke, der Riesenvermögen von
1790 3563 2595 3609 Mellon und Carnegie, – die Stadt, wo tönender
1770 3605 2586 3662 Reichtum und schreiende Armut nachbarlich bei¬
1770 3649 2588 3691 einander wohnen, wo man aus dem blendend er¬
1770 3680 2597 3733 leuchteten «Kulturzentrum» – mit der ragenden
1770 3722 2588 3770 Kathedrale der Universität, dem Tempel der Mel¬
1770 3761 2597 3812 lon–Bibliothek, dem Flitterglanz des monströsen
1770 3799 2597 3848 «Webster Hall»–Hotels, unvermutet in das Dunkel
1786 3837 2586 3881 einer Negergasse gerät, – und von der breiten
1770 3870 2597 3918 glatten Autobahn des «Boulevard des Alliées» in
1786 3918 2583 3960 die finsteren, schlecht gepflasterten Strassen am
1770 3956 2592 3998 Flussufer, wo Fabrikhalle an Fabrikhalle sich
1770 3993 2597 4035 reiht, ein Wald von Schloten aufragt, und die
1770 4033 2588 4075 Hochöfen nach regelmässigen Atempausen gewal¬
1770 4075 2586 4122 tige Feuergarben in den nächtlichen Himmel
1770 4100 1978 4166 schleudern.\:p\
1814 4135 2588 4199 \p\Draussen, in Aliquippa, bei Jones and Laughlin,
1770 4166 2586 4237 arbeiten elftausend Männer in einem Werk. Die
1786 4232 2586 4276 gleiche Firma beschäftigt in ihrer Fabrik in
1770 4272 2588 4318 Pittsburgh selbst weitere neuntausend. Es ist dies
1770 4310 2586 4351 das viertgrösste unabhängige Stahlwerk der
1786 4351 2586 4393 U. S. A., – nach U. S.–Steel, Republic Steel, und
1788 4387 2581 4431 Bethlehem Steel. Nur persönliche Empfehlungs¬
1770 4429 2579 4482 briefe, die ich durch die Tochter Laughlins erhal¬
1770 4455 2588 4524 ten hatte, öffneten mir die Tore der gewaltigen
1770 4506 2579 4561 Werkanlage. Ingenieure begleiteten mich auf mei¬
1770 4548 2579 4588 nem Rundgang, bewaffnete Privatpolizei kontrol¬
1779 4584 2351 4628 lierte alle Nasen lang die Papiere.\:p\
1814 4630 2586 4674 \p\Als ich dann, am folgenden Tag, die Bureaux
1770 4656 2586 4716 des Organisationskomitees der Stahlarbeiter von
1770 4701 2586 4754 Lewis betrat, wurde das Gemälde meiner Reise
1770 4738 2577 4802 vollständig. Hier sass der Generalstab, – ge¬
1770 4785 2588 4831 schulte, entschlossene, meist ziemlich junge Män¬
1770 4824 2586 4866 ner, die mir in knappen Worten die Ziele der La¬
1770 4866 2586 4906 bour–Bewegung ins Gedächtnis riefen. «Sie waren
1770 4904 2588 4948 gestern in Aliquippa», sagte man mir, «Sie haben
1770 4946 2586 4990 begriffen: zwanzigtausend Männer in einer Stadt
2630 2018 3423 2066 hängen von einer einzigen privaten Firma ab.
2630 2060 3423 2104 Aber die Firma hängt ebenso von diesen zwan¬
2630 2097 3430 2144 zigtausend Männern ab. Eine Industrie ist heute
2630 2137 3430 2181 kein Privatunternehmen, sie ist eine öffentliche
2630 2172 3423 2221 Angelegenheit, sie gehört zu den Grundlagen des
2630 2212 3430 2256 amerikanischen Staates und der amerikanischen
2630 2252 3430 2294 Wohlfahrt. Eine Industrie steht auf den beiden
2630 2290 3430 2336 Grundpfeilern «Kapital» und «Arbeit» – und die
2630 2323 3419 2376 Arbeit kann nicht mehr nur eine Funktion, der
2630 2367 3430 2409 Arbeiter nicht mehr mit seiner Arbeitskraft und
2630 2409 3426 2453 Existenz abhängig von der Kapitalmacht sein....»\:p\
2650 2442 3428 2491 \p\Ich empfand sofort: ich sass hier im Zentrum
2630 2475 3423 2528 einer Macht, hier war der Generalstab jenes Man¬
2630 2524 3423 2564 nes, John L. Lewis, der seit Wochen mit einer
2630 2553 3426 2606 Minderheit von Arbeitern die grösste Automobil¬
2630 2599 3423 2645 industrie–Firma der Staaten lahmgelegt hatte, der
2630 2641 3302 2683 seit Wochen ganz Amerika in Atem hielt.\:p\
2650 2665 3412 2721 \p\Nachts ist Pittsburgh vom gewaltigen Feuer¬
2630 2701 3412 2760 kranz seiner Hochöfen erleuchtet. Die Stadt Pitts¬
2630 2751 3423 2798 burgh arbeitet. Die Krise ist überwunden. Noch
2630 2793 3423 2833 herrscht Friede, Prosperität. Die Zukunft bereitet
2630 2831 3414 2880 sich vor. In der grossen Frage ihrer Gestaltung
2630 2877 3419 2913 aber werden die Männer in den Bureaux der Stahl¬
2630 2911 3414 2959 arbeiter–Organisation ein gewichtiges Wort reden.\:p\
3061 2955 3426 2999 Dr. Annemarie Clark.
1130 2672 1938 2705 \f\Skizze von Stahlwerk\:f\
