3865 5669
2359 1896 2797 2054 Der Rigi
1699 2029 3571 2162 \p\Es gibt Leute, die den Rigi abtun und als veraltet
1610 2137 3556 2275 bezeichnen möchten, sie sind damit sehr im Irrtum,
1598 2251 3568 2396 seine Popularität nimmt wieder zu. Allerdings ist
1598 2357 3576 2490 das eine sehr alte, eine ehrwürdige Popularität, sie
1618 2467 3576 2593 hat historischen Charakter. Es wird behauptet, der
1598 2571 3556 2711 Rigi werde seit 500 Jahren als Sommerkurort auf-
1610 2684 3573 2807 gesucht, Tatsache ist, daß auf dem Kulm seit 1816
1608 2783 3561 2903 ein Gasthaus steht. Aber den Höhepunkt seiner Be¬
1615 2886 3571 3007 rühmtheit erreichte der Rigi erst, als um 1870 die
1610 3002 3568 3122 beiden Zahnradbahnen gebaut wurden. Er galt jetzt
1620 3100 3563 3255 einfach als der Inbegriff schweizerischer Natur¬
1610 3216 3568 3327 schönheit, wer möchte das entscheiden! — In den
1628 3327 3573 3450 letzten Jahren glaubten die Leute nicht mehr daran,
1608 3430 3561 3568 man bevorzugte höher gelegene Orte und wollte
1620 3531 3580 3662 Hochtouren machen. Es schien, als werde der Rigi
1628 3654 3573 3775 ein Aufenthalt für stille, unsportliche Leute gesetzten
1620 3763 3578 3871 Alters und daneben höchstens ein Kuriosum für
1615 3859 3583 3977 Sonntagsausflügler. Aber unseren Tagen blieb es
1620 3984 3580 4110 vorbehalten, die Moden unserer Großmütter und den
1610 4080 3568 4221 alten Reiz des Rigi wieder zu entdecken. Immerhin,
1620 4206 2664 4329 eine lohnende Entdeckung!\:p\
1711 4287 3585 4432 \p\Man kann heute wieder pietätvoll auf den Kulm
1610 4400 3580 4553 zum Sonnenaufgang pilgern wie weiland Tartarin,
1628 4509 3585 4644 man darf wieder zum Känzeli promenieren, um die
1620 4622 3580 4792 schlechthin unvergleichliche Aussicht über Alpen\:p\\fml\
339 598 2284 749 \p\\fml\und Vierwaldstättersee zu genießen, aber das ist
339 710 2284 861 nicht alles: auch das moderne Leben, auch der Sport
344 822 2281 956 hat vom Rigi Besitz ergriffen. Tennisplätze fanden
339 927 2267 1061 sich schon lange, jetzt wird der Wintersport aller¬
339 1054 2279 1149 orts betrieben. Immer mehr Hotels öffnen sich für
339 1139 2277 1281 den Winterbetrieb, das Hotel Rigifirst hat aber die
332 1252 2284 1391 Führung übernommen, es wurde 1929 umgebaut
332 1357 2274 1466 und genügt den verwöhntesten Ansprüchen. Seine
344 1469 2281 1586 Programme versprechen viel und halten es auch, das
332 1569 2274 1684 Skigebiet des Rigi ist gut, nur für große Touren
339 1669 2277 1793 bietet sich natürlich keine Gelegenheit. Eine Bob¬
332 1784 2281 1906 bahn ist von Rigistaffel nach Kaltbad angelegt, auch
339 1884 2052 2042 die Eisplätze sind genau, wie sie sein müssen.\:p\
425 1996 2267 2123 \p\Man gelangt so leicht auf den Rigi, das ist einer
320 2106 2274 2237 seiner Vorzüge. Wer von Zürich kommt, benutzt
339 2208 2279 2325 die elektrische Zahnradbahn von Arth—Goldau nach
339 2318 2267 2452 Rigi—Kulm, das ist auch gewissermaßen die tra¬
339 2420 2279 2535 ditionellere Linie. Das Bähnlein, merkwürdig schief
332 2528 2269 2664 gestellt und einem Spielzeug nicht unähnlich, rat¬
339 2643 2277 2752 tert ernsthaft durch grüne Wiesen aufwärts, die
339 2750 2279 2894 Aussicht auf Zugersee, Mythen und Roßberg und
339 2852 2267 2974 Lowerzersee läßt man hinter sich, jetzt kommen röt¬
339 2955 2279 3094 liche Nagelfluhwände, Schluchten, Bäche und kurz¬
339 3070 2267 3187 grasig-rauhe Alpmatten. Bis zur Station Rigi-Klö¬
339 3172 2267 3284 sterli fährt manchmal ein katholischer Geistlicher
332 3282 2262 3392 oder ein Kapuzinermönch mit, die Bauern haben
332 3384 2269 3526 schwarzlockige Haare und tragen Ohrringe, der
356 3487 2274 3623 Typus des Touristen mit Rucksack und Nagel¬
339 3597 2296 3758 schuhen (welche man leicht entbehren kann), ist\:p\\fml\
1573 1581 3547 1707 \p\\fml\zahlreich vertreten. In der zweiten Klasse sitzen
1586 1689 3547 1850 einige ältere Damen mit Handköfferchen, sie wollen
1591 1803 3552 1927 für einige Wochen in die Sommerfrische und sind
1586 1904 3547 2030 gern ungestört. \g\Klösterli\:g\ trägt seinen Namen zu
1586 2016 3549 2132 Recht, denn in dieser windgeschützten Mulde stand
1598 2132 3559 2253 seit alters her ein Kapuzinerhospiz und seit 1689 die
1598 2233 3547 2371 Wallfahrtskapelle, in der Sonntags die Messe ge¬
1586 2344 3537 2460 lesen wird. Sie hängt voller Votivgaben dankbarer
1586 2458 3559 2566 Bittsteller und heißt hübscherweise „Maria zum
1591 2552 3564 2673 Schnee" . Die Gasthöfe und Hotels im Klösterli
1610 2665 3547 2789 (Sonne, Schwert, Krone und, ein wenig höher ge¬
1591 2776 3567 2907 legen, des Alpes) sind alle sehr angenehm und nicht
1586 2878 3567 2991 zu teuer, im „Schwert“ hat Goethe auf seiner ersten
1591 2986 3557 3115 Schweizerreise im Juni 1775 zwei Tage lang logiert,
1603 3097 3293 3216 damals hieß es aber „Gasthof zum Ochsen“.\:p\
1680 3199 3557 3312 \p\In der Station Wölfertschen-First steigt aus, wer
1586 3302 3559 3448 nach Rigi-First gehen will. Auf Rigi-Staffel treffen
1603 3414 3552 3559 sich die beiden Bahnen und führen nebeneinander
1586 3540 2171 3656 bis zum Kulm.\:p\
1667 3626 3557 3769 \p\Aussichtspunkte sind nicht jedermanns Sache, es
1591 3742 3567 3880 gibt Leute, die die ausgebreitete Größe der Welt
1603 3851 3567 3954 erschreckt. Hier steht man wirklich wie in ihrer
1598 3954 3559 4093 Mitte, auf der einen Seite öffnet sich der Blick über
1603 4063 3564 4194 das schweizerische Mittelland bis Jura, Vogesen und
1603 4169 3552 4295 Schwarzwald, auf der anderen Seite bis zu den be¬
1603 4273 3557 4392 rühmten Gipfeln der Berneralpen, die im Herbst
1610 4389 3567 4528 und bei klaren Wintertagen phantastisch aus dem
1598 4513 2887 4619 wogenden Nebelmeer auftauchen.\:p\
1680 4604 3557 4740 \p\Die drei Hotels auf dem Kulm haben ein ehr¬\:p\\fml\
416 605 2439 749 \p\\fml\würdig verwittertes Aussehen. Eines davon ist neu
419 719 2427 853 und gut eingerichtet, die beiden anderen sind De¬
421 832 2417 961 pendancen davon. Sie liegen ein wenig kahl, aber
426 954 2422 1072 geschützt, so recht in Bergeshöhen. Man ist hier
416 1052 2306 1183 nur noch fünfzig Meter tiefer als in St. Moritz.\:p\
1377 2603 1559 2732 \f\Zeichnung von einem Gitarrenspieler und Ausflüglern auf dem Rigi von Tomamichl\:f\
1332 2830 1524 2987 \fp\Rigi\:fp\
504 2997 2439 3151 \p\Das Bähnchen von Vitznau her hat auch seine
421 3123 2439 3264 Reize, es ist streckenweis sehr steil angelegt und hat
426 3241 2447 3365 den Vorzug, die erste Zahnradbahn Europas zu
416 3340 2427 3491 sein. Der fremdklingende Name der Station Ro¬
416 3451 2434 3595 miti-Felsentor regt zu linguistischen Studien an und
434 3569 2417 3701 spricht, wie etwa der des schwyzerischen Muota¬
434 3680 2437 3847 tales, für die frühere Ausdehnung des rätischen\:p\\fml\
1573 1407 3561 1566 \p\\fml\Sprachgebietes. In Kaltbad zweigt ein Bähnlein mit
1561 1538 3549 1655 altertümlicher Dampflokomotive nach Rigi-Schei¬
1566 1648 3561 1799 degg ab, die Hauptbahn fährt über Staffel zum
1573 1749 3546 1881 Kulm empor. Die Lokomotive des Scheideggbähn¬
1561 1869 3549 1978 chens fährt übrigens meistens rückwärts oder stößt
1561 1971 3546 2112 den Wagen in eigentümlicher Weise vor sich her,
1568 2072 3544 2217 was seinen Reiz und seine Zuverlässigkeit nicht be¬
1566 2202 2025 2326 einträchtigt.\:p\
1650 2294 3544 2413 \p\Aber genug von den Rigibahnen, noch vielseitiger,
1561 2405 3539 2542 gesünder und berühmter sind zweifellos die Spazier-
1568 2522 3541 2651 gänge. Jede Station des Rigi hat ihren klassischen
1573 2637 3546 2781 Spaziergang, der First etwa seinen Felsenweg, die
1568 2736 3531 2873 Scheidegg ihren Dossen. Wer im Kurhaus Schei¬
1568 2840 3541 3004 degg wohnt — was althergebracht und angenehm
1548 2950 3546 3091 ist —, kann auf dem Dossen Alpenrosen in präch-
1556 3062 2679 3193 tigsten Exemplaren pflücken.\:p\
1650 3171 3544 3325 \p\Die Spaziergänge auf dem Rigi sind unerschöpf¬
1548 3280 3539 3427 lich, es ist kaum möglich, sie alle aufzuzählen. Dabei
1548 3397 3539 3544 haben sie einen ganz besonderen Reiz, den Reiz des
1548 3501 3546 3621 Soliden, Beruhigenden und Begrenzten, man weiß
1548 3608 3539 3737 immer, daß der Rigi ein Massiv, ein selbständiger
1548 3720 3526 3837 Block ist, man kann sich nicht ins Grenzenlose ver¬
1548 3837 3534 3974 irren, man ist kein kleiner verlorener Punkt in¬
1556 3929 3549 4068 mitten einer allzu großen Landschaft. Immer ge¬
1548 4051 3546 4175 lingt es, sich ohne Mühe an den Seen und vertrauten
1561 4152 3534 4269 Gipfeln ringsum zu orientieren, die Wege sind säu¬
1548 4269 3534 4398 berlich bezeichnet, das Ganze ist sozusagen ein Ge¬
1548 4366 3539 4503 birgsgarten, in dem sich das Liebliche mit dem
1548 4480 3526 4625 Großartigen angenehm mischt. Einzig an der Rigi¬\:p\\fml\
372 592 2381 736 \p\\fml\\g\Hochfluh\:g\ können sich zukünftige Alpinisten üben,
362 719 2391 835 von der Scheidegg aus geht man auf schmalem
359 830 2391 977 Kamm zum Scharteggli, und endlich steigt man auf
349 939 2383 1078 einer soliden Leiter 25 Meter hoch durch den Nord¬
349 1050 2383 1202 kamin auf den Hochfluhgipfel hinauf ... Rotstock
362 1159 2363 1318 und Schild sind dagegen wieder friedliche Spazier¬
349 1275 632 1417 gänge.\:p\
