4337 7145
534 4676 1120 4731 Wochentage in Turkestan
574 4730 1072 4797 Von \g\Annemarie Clark\:g\
426 4774 1295 4839 \p\Wir verbrachten eine Nacht auf der Terrasse eines
366 4826 1295 4870 Palastes in \g\Tasch Kurgan\:g\, der dem Feldherrn
366 4866 1295 4923 Abdur Rahman gehört hat: das Dach von hohen
376 4900 1296 4949 Säulen getragen, weiße Flügel, große, mit weinroten
366 4939 1295 4980 Teppichen ausgestattete Räume, ein viereckiger Teich,
366 4968 1295 5011 sanft die Hitze des Nachthimmels spiegelnd, Bäume
366 5008 1295 5054 und Sträucher in Mondlicht getaucht, — und über der
370 5039 1296 5088 gelben Mauer aufsteigend, pastellblau verschmelzend,
370 5078 1296 5118 eine Gebirgskette, die ersten Höhen des nahen Hindu¬
364 5112 1262 5154 kusch, — keine Phantasie ist solcher Wirklichkeit ge¬
369 5156 1296 5206 wachsen, u. mein ungläubiges Staunen wiederholt sich:
401 5182 1263 5222 "— ich habe es aber mit eigenen Augen gesehen...".
370 5220 1281 5257 — Es war fürcherlich heiß, wir hatten, dem Beispiel
366 5255 1281 5299 einheimischer Lastwagen=Chauffeure folgend, den
366 5288 1295 5332 Abend abgewartet, um die letzte Strecke am Wüsten¬
366 5328 1295 5370 rand Turkestans entlang zu fahren und das Gebirge
370 5358 1296 5407 zu erreichen, trotzdem war uns, zwischen den ersten
370 5392 1296 5444 Gartenmauern von Tasch Kurgan, ein Reifen geplatzt.
372 5433 1254 5477 Wir waren kaum mit der Arbeit fertig geworden, —
366 5474 1295 5514 die Kleider klebten uns am Leib, die Zunge am Gau¬
366 5504 1295 5545 men, — und ein würdiger Saib, dessen Diener wir
370 5534 1296 5588 aus dem Schlaf geklopft hatten, erschien im Törchen,
370 5574 1296 5622 ganz hilfsbereit, — da ratterte ein Camion um die
370 5605 1296 5649 Ecke, und der Hakim selbst, der Bürgermeister von
370 5645 1296 5687 Tasch Kurgan, kam mit Soldaten und Chauffeuren an
371 5676 1295 5724 und geleitete uns zum Märchenschloß, das seltenen
366 5719 1296 5767 Reisenden als Hotel dienen soll. Da arbeiteten nun
370 5750 1296 5795 zwei Burschen im Turban, um unsere Reifen zu
374 5785 1296 5835 flicken, Kini kochte Tee auf den Palaststufen, der Mond
366 5822 1295 5862 ging auf, es war 1 Uhr in der Nacht, und kein bißchen
366 5857 1265 5904 kühler, und wir schliefen bis vier Uhr auf dem Tep¬
370 5884 1297 5943 pich, den sie für uns ausgebreitet hatten. Eine schwüle,
370 5926 1296 5970 unbewegte, lustlose Morgendämmerung, — der Wechsel
366 5965 1295 6000 von Tag und Nacht brachte unter diesem Himmel keine
370 6001 1296 6035 Erlösung, der prächtige Garten schien ohne Atem, wie
366 6031 1295 6082 in künstliche Materie verwandelt, vielleicht aus Glas?\:p\
419 6069 1295 6107 \p\Wir fuhren aufwärts, aufwärts, die Sonne hatte
366 6106 1295 6163 die Erde noch nicht erreicht, aber aus den Lehm¬
1310 4650 2228 4701 mauern wehte Hitze von gestern. — Melonen am
1312 4690 2228 4733 Wege, — ein Tal, dürftig und ausgetrocknet, — Schafe,
1306 4727 2228 4765 und da und dort ein wenig strohgelbes Korn, — aber
1304 4760 2228 4805 hier geht schon ein leichter Wind, und er kommt von
1291 4798 2229 4831 Süden, aus den Bergen! — Nach kaum drei Stunden
1291 4826 2229 4870 erreichen wir \g\Haibak\:g\, Schloßruinen krönen einen
1291 4866 2229 4910 Hügelkamm, der Fluß rauscht und sprüht Kühle aus,
1291 4903 2229 4944 über dem grünen Uferrand sitzen frohe Weißbärte auf
1291 4932 2229 4991 den Strohmatten eines Tschaikhane, trinken Tee aus
1291 4973 2229 5013 blauen Schalen und essen frische, runde Schwarzbrote,
1291 5008 2229 5048 und wir gesellen uns zu ihnen. Bitterer, grüner Tee
1291 5041 2229 5096 aus China! Kann ein Morgen so schön und frisch an¬
1291 5079 2229 5119 heben, die Schwelle des großen Hindukusch so voller
1306 5113 2228 5149 Versprechung sein? — Wir verlassen heute Turkestan,
1291 5142 2229 5196 die nördliche Niederung Afghanistans, die Oxus¬
1306 5184 1742 5230 Grenze, — heute schon ...\:p\
1353 5213 2228 5261 \p\Ende eines Alptraums? — Die Zeit war lang, ich
1291 5250 2229 5295 hatte keinen Kalender zur Hand, — und der Kilometer¬
1291 5292 2205 5331 zähler unseres Wagens hatte längst versagt, wir konn¬
1291 5326 2176 5363 ten die Strecken nicht messen. Ganz am Anfang, —
1291 5357 2229 5396 was mir jetzt am Anfang erscheint, in der merkwür¬
1291 5392 2229 5449 digen Stadt \g\Herat\:g\ am 1. August, hatten wir reich¬
1306 5433 2228 5469 lich beratschlagt und berechnet: auf welchem Wege wir
1291 5463 2229 5510 von der westlichen Ecke Afghanistans, nahe der irani¬
1291 5498 2229 5538 schen Grenze, in seine Hauptstadt \g\Kabul\:g\ gelangen
1291 5534 2229 5586 sollten. Die „Hauptstraße" über Kandahar, die Straße
1291 5567 2229 5614 Alexanders nach Indien? — Aber da herrschte Wüste,
1291 5609 2229 5650 Wassermangel, und fürchterliche Hitze, Kini wußte ein
1291 5638 2229 5693 Lied davon zu singen, — und die Brücke über den
1291 5675 2229 5724 großen Fluß Hilmend war im Frühjahr wegge¬
1291 5708 2229 5755 schwemmt worden und noch nicht repariert. Kini rief
1291 5750 2229 5794 nach Neuland. — Geradewegs durch das Gebirge auf
1291 5787 2229 5829 Bamiyan und Kabul zu, die berühmte, weil unbe¬
1291 5817 2229 5871 kannte Route durch das Hazaredschat? Polizei und
1306 5851 2228 5903 Mudir, Hotelier und Garagenmeister, und ein junger
1291 5884 2229 5938 polnischer Ingenieur, der einzige Europäer in Herat,
1291 5923 2229 5971 rangen die Hände: Steilrampen, Eselpiste, Felsschlag,
1291 5957 2229 6007 kein Benzin, kein Wasser, — da kann kein Auto hin¬
1291 5994 2229 6033 durch! — Und doch wissen wir, daß ein Amerikaner
1291 6028 2229 6082 hindurch gekommen ist, in einem Privatwagen, mit
1291 6065 2228 6109 einem Camion auf seinen Spuren. Der Privatwagen
1291 6102 2229 6154 langte an, der Camion blieb stecken ... Aber wir be¬
2224 4652 3166 4704 greifen bald, daß uns von dieser Straße, aus welchen
2224 4687 3166 4742 Gründen auch immer, von offizieller Seite freund¬
2224 4726 3142 4771 schaftlich, aber strikt abgeraten wird. — Blieb die
2224 4757 3166 4810 „Straße des Nordens", nach \g\Mazar-i-Sherif\:g\,
2224 4797 3166 4842 der Hauptstadt von Afghanisch-Turkestan, — und auch
2224 4832 3166 4884 da regnete es Warnungen und widersprechende Rat¬
2224 4868 3100 4914 schläge. — Wieviel Flußübergänge ohne Brücken? —
2224 4898 3166 4945 Wieviel Meilen Sand? — Wieviel Camions pro Tag,
2224 4936 3166 4978 pro Woche, die uns helfen können? — Mit Sicherheit
2223 4979 3166 5021 erfuhren wir nur: daß es bis Maimane, etwa drei
2224 5008 3117 5049 Tagesstrecken weit, so gut wie keinen Verkehr gebe, —
2224 5044 3166 5084 daß die Piste über das Gebirge steil, schwierig, ohne
2224 5082 3166 5128 Brücken, im übrigen fahrbar sei, — daß die alte
2224 5114 3166 5162 Brücke über den Murgab-Fluß weggerissen sei, eine
2224 5154 3166 5193 neue Brücke, dreißig Meilen flußabwärts, zwar fertig,
2229 5186 3167 5236 die Straße jene dreißig Meilen weit aber noch im Bau
2224 5224 3166 5270 sei, und daß es zwischen Bala Murgab und Maimane
2224 5255 2481 5299 Sand gebe. —\:p\
2306 5285 3166 5328 \p\— „Wir werden telephonieren“, versichert uns der
2241 5326 3167 5366 Mudir in Herat, — „die Gouverneure werden alles
2224 5363 3166 5417 tun, um Ihnen den Weg zu erleichtern!“ — Ich fragte
2224 5400 3166 5451 mich, was ein Gouverneur wohl tun könnte, wenn wir
2223 5432 3166 5471 auf einsamer Strecke im Sand liegen blieben, — und
2223 5464 3166 5520 sollte es alsobald erleben! — Denn während wir nun
2224 5507 3166 5541 einem der entlegensten und unberührtesten Teile
2223 5538 3166 5580 Afghanistans entgegenfuhren, wo noch der große Herz¬
2224 5576 3166 5623 schlag Asiens herrscht, und die Sitten einer anderen
2224 5612 3133 5657 Zeit, arbeitete für uns die moderne westliche Erfin¬
2224 5648 3166 5684 dung, das Telephon, unentwegt und unfehlbar, über¬
2224 5679 3166 5720 all unsere Durchfahrt, unser Kommen ankündigend.
2224 5713 3166 5762 Wo immer wir Halt machten, — in einem Gebirgs¬
2224 5757 3125 5795 dorf, dessen in einem wunderbar grünen Garten ge¬
2224 5780 3166 5828 legenes Heiligtum uns lockte, — in einem anderen,
2224 5825 3139 5868 dessen von stolzen und wilden Nomaden besuchter
2224 5862 3166 5904 Bazar es uns antat, — in einem dritten, das uns als
2224 5895 3136 5938 Sitz eines Gouverneurs bekannt war, — überall wur¬
2224 5917 3166 5976 den wir erwartet, von Soldaten und Dienern zum
2224 5964 3167 6007 Würdenträger des Ortes geführt, und, je nach der
2224 5999 3166 6039 Tagesstunde, mit Tee und Früchten, oder nachher mit
2224 6039 3166 6078 dem „Palaw“, der großen Reismahlzeit, bewirtet. In
2224 6074 3142 6116 keinem Land der Erde kann es soviel Melonen geben,
2224 6111 3166 6157 so unzählige Traubensorten, so reichliche und süße
3162 4655 4073 4710 Pfirsiche, — und in keinem Lande die gleiche Gast¬
3162 4697 3375 4737 freundschaft!\:p\
3229 4704 4079 4771 \p\Als wir das Gebirge hinter uns hatten, die große
3162 4761 4079 4805 Wasserscheide zwischen Iran und Turan, und die
3162 4802 4082 4838 Hitze groß wurde, brachten wir ganze Tage in schattigen
3162 4837 4082 4875 Gärten zu, einmal bei der Frau und den schönen
3175 4873 4083 4916 Töchtern eines Dorfschulzen, ein anderes Mal bei
3162 4909 4079 4947 einem noblen Junggesellen und Landbesitzer, dessen
3162 4943 4082 4986 Diener, des morgens, mittags und abends, die Tep¬
3162 4972 4085 5020 piche und seidenen Matratzen dem Schatten eines alten
3171 5012 4086 5057 Ahorns nachtrugen. Und Nächte im Freien: wenn
3162 5049 4082 5086 wir staubig und durstig ankamen, führte man uns
3162 5085 4082 5121 durch den Garten, manchmal bis in den innersten
3162 5121 4082 5167 Hof und auf das Dach hinauf, wo schon die Kelims [?]
3162 5155 4082 5197 ausgebreitet waren, das Waschbecken wartete, — oder
3162 5189 4082 5230 auf die erhöhte Terrasse aus gestampftem Lehm, die
3162 5224 4082 5269 tagsüber der Sonne ausgesetzt und unbrauchbar, jetzt
3169 5261 4083 5303 am Abend jeden kühlen Windhauch auffing. Da zog
3162 5296 4076 5336 man auf der Treppe die Schuhe aus, trank Tee auf
3162 5331 4079 5368 dem Teppich, und vergaß rasch alle Müdigkeit. Der
3162 5357 4082 5402 Gastgeber, aufmerksam und freundlich, winkte den
3162 5396 4076 5444 Dienern, die kniend, reine Tücher über dem Arm,
3162 5431 4076 5473 das Becken zum Händewaschen boten und mit der
3162 5472 4085 5514 anderen Hand aus schön geschwungener Kanne das
3162 5505 4076 5551 Wasser gossen, dann die riesige Reisplatte brachten,
3162 5545 4085 5582 und die Schüsselchen mit gehacktem und gebratenem
3162 5576 4085 5622 Fleisch, Auberginen und Tomaten, starkem Gewürz,
3220 5615 4073 5655 — und endlich die vollen Traubenteller, die aufge¬
3162 5650 4076 5692 schnittenen Melonen. Manchmal ließ man uns allein
3162 5684 4073 5724 essen, und der Gastgeber machte nachher seinen Be¬
3162 5719 4076 5760 such, um sich nach unserem Wohlergehen zu erkun¬
3164 5756 4075 5801 digen, — manchmal aßen und schliefen wir alle auf
3162 5788 4024 5832 der Terrasse, unter dem freundlichen Nachthimmel.\:p\
3210 5824 4079 5875 \p\Aber ich vergesse die Wege! — Maultierpfade,
3162 5866 4076 5912 Karawanenpisten! — Kein Ende der Ueberraschungen!
3220 5904 4076 5944 — Der sanfte und gescheite Gouverneur von Kala-i-
3162 5930 4076 5977 Nao eskortierte uns einen Tag lang, und die Bauern
3162 5974 4073 6018 waren aufgeboten, wo immer die Straße schlecht
3162 6008 4079 6044 war. Belegschaften, an steilen Lößrampen, auf san¬
3162 6044 4076 6085 digen Dünen, es widerfuhr uns mehrmals, und ohne
3162 6072 4067 6147 solche Hilfe wäre unser Wagen nicht weit gekommen.\:p\
3208 6113 4079 6167 Wieviel Kilometer heute? — Wieviel Tage sind
274 4693 1198 4736 wir unterwegs, seit Herat, seit Maimane? — Wie
271 4727 1198 4788 lange blieben wir in Andkhoi, 12 Meilen von der
274 4766 1198 4805 russischen Grenze, wie lange im Garten des reichen
280 4796 716 4856 Mannes von Schibargan?
327 4831 1199 4876 \p\Wir stellten keine dieser Fragen. Heute erst, im
271 4877 1198 4929 unvergleichlichen Tal von \g\Bamiyan\:g\, auf 2550
280 4904 1198 4949 Meter Höhe, — wie atmet man frei und leicht im
276 4944 1198 4998 zarten, farbigen Licht! — heute erst, ganz nahe vom
282 4982 1198 5016 Shibar-Paß, und nur 250 Kilometer von der Haupt¬
282 5015 1198 5050 stadt, frage ich einen tschechischen Ingenieur: „Welcher
274 5050 1198 5083 Tag, welches Datum?“, und er antwortet: „Donners¬
281 5083 628 5135 tag, der 17. August“.\:p\
327 5108 1199 5159 \p\Ich sehe auf die Uhr. Ich muß abbrechen, die
280 5149 1198 5203 Schreibmaschine verpacken, wir fahren weiter. — „Die
271 5183 1198 5234 namenlose Zeit, die namenlosen Tage“, sie sind dort
276 5222 1198 5261 zurückgeblieben, jenseits der blauen Ketten, gelben
279 5263 1198 5313 Schluchten, farbigen Klippen des Hindukusch, am
274 5284 911 5360 Rand Turkestans, Zentralasiens ...\:p\
