3520 4870
2564 262 3062 346 Aug. 1941
1150 491 2006 563 Der Krater der Tiere
827 782 3039 866 \p\Du denkst vielleicht, ich hätte ihn vergessen, denn es
704 887 3309 966 sind bald vier Monate vorbei, seitdem Du mir davon erzählt hast,
704 984 3150 1056 und ich Dir versprach, Dir ein Pärchen Deiner Lieblingstiere
698 1084 3162 1162 mitzubringen. Ich glaube, es war eine Sorte kleiner Seelöwen
721 1190 3215 1267 oder Porpäuse[?], und natürlich redeten wir nur im Spass, und um
704 1289 3203 1367 mir den Abschied leichter zu machen. Aber von Porpäusen hatte
721 1397 3315 1472 ich schon früher gehört, da war Jemand, der wollte mit ihnen auf
715 1491 3244 1572 Sandbänken liegen, in der Sommersonne und im salzigen Meerwind
715 1595 3279 1665 auf einer Insel. Wenn ich daran zurückdenke, höre ich immer die
709 1689 3315 1765 Halme rauschen und sehe das gelbe Haar, und einen hohen, wunder¬
704 1794 3197 1872 baren Himmel. Dort wurde es lange nicht Abend, wenn schon die
721 1894 3174 1977 Sonne unterging, und ein wenig Nebel sich auf den Wiesen aus¬
704 1999 3168 2071 breitete, war die Luft doch hellblau und klar, und die Bläue
721 2099 3203 2177 weitete sich nach allen Seiten. Ich weiss noch, wie leicht es
715 2201 3232 2276 war, tief Atem zu holen als sei man voller Hoffnungen, und auf
715 2300 3250 2375 der breiten Strasse zwischen den zurückweichenden Rasenplätzen
715 2398 3174 2470 und weissen Häusern in Gärten voller Heckenrosen ging man im
704 2498 2951 2576 Mondlicht zurück und sass dann noch lang vor dem Feuer.\:p\
786 2604 3203 2676 Hier in Afrika spricht man nie von den Jahreszeiten, und es
715 2703 3215 2775 ist doch auch Sommer, und die Tage heben an und vergehen, und
704 2803 3332 2881 man muss sie bestehen wie überall auf der Welt. Aber die Sprache
704 2906 3232 2986 braucht man nur selten, und wenn ich eine Frage stellen würde,
709 3004 3315 3079 etwa nach dem Krater der Tiere, es würde mich niemand verstehen.
715 3102 3203 3186 Manchmal glaube ich, dass ich mich selber verändert habe. Ich
704 3202 3197 3286 habe Vieles vergessen, finde Worte nicht mehr und Namen, oder
709 3307 3203 3386 ich kann sie laut sagen, und es klingt leer. Es ist, wie wenn
704 3407 3279 3485 man im Kongo von Winter und Sommer redete anstatt von Regen und
704 3513 3238 3585 Trockenheit. Es ist, als habe man das Gehör verloren, als gehe
715 3607 3127 3685 man mit offenen Augen erblindet umher, als wisse man nichts
709 3713 3326 3790 mehr von Himmelsstrichen, und wehre man sich nur um den nächsten
709 3806 3279 3890 Fussbreit Leben in einem Schattenumkreis. Was die Vergangenheit
715 3912 3215 3990 ist, weiss ich nicht, es begann gestern, und ich möchte nicht
709 4012 3350 4090 an die Zukunft denken und bin froh, wenn es bis zum Abend reicht.
704 4117 3320 4189 Jetzt ist es Nacht, der Regen rauscht um das Haus, morgen werden
1654 313 1836 388 – 2 –
762 414 3303 499 die Palmen erfrischt und still aus dem Frühnebel tauchen, dann
762 516 3186 592 wird das Grün in der Sonne leuchten, dann der Schatten sich
768 620 3338 697 zusammenziehen, und die unendlichen Baumreihen der Haine werden
762 718 3215 793 matt im Mittag stehen wie im Licht (Weiss) der Milchstrasse.
891 819 3262 898 \p\Dann nur nichts erwarten. Die Augen nicht heben. Das Licht
762 921 3244 997 blendet, die Lider sind schwer, und man legt die Hände davor.
762 1027 3291 1096 Es ist wie im Traum. Aber wenn man einschliefe, dann würde das
762 1121 3291 1196 Leben wie ein goldbrauner Strom lautlos über mich hinwegflies¬
762 1224 3144 1297 sen, und ich würde nur noch das gebrochene Spiegelbild der
774 1322 3180 1403 Bäume sehen, die sich hoch oben mit ihren Zweigen und üppig
762 1423 3103 1502 spielendem Laub über die Ufer neigen. Es würde Abend, die
762 1523 3221 1602 Schatten der schmalen Schiffskiele würden vorbeigleiten, die
762 1623 3209 1702 Wellenkreise der leichten Ruderschläge würden wie Perlmutter
774 1728 3297 1807 in die Tiefe sinken, und ich könnte sie nicht anfassen, könnte
762 1828 3320 1901 nicht atmen, die Brust nicht dehnen, die Tränen würden wie Glas
774 1931 3186 2006 auf meinen Augen ruhen, ich könnte nie mehr das Gesicht auf
768 2025 3186 2100 brennende Steine pressen, nie mehr die Stirn kühlen in weit
762 2129 3362 2211 im Nachtlicht sich öffnenden Blättern, ich könnte nie mehr gehen,
762 2229 3356 2305 eilen, mit immer schnellerem Herzschlag Meilensteine aneinander¬
762 2329 3221 2399 reihen, hinter mir eine weisse Staubbahn lassen, und vor mir
774 2429 3279 2504 im Dunkel verzischende Pfeile sehen, in der Wüste sich schnei¬
774 2532 3344 2611 dende Pisten, und Lichter in der Einöde, Wetterleuchten auf den
762 2634 3103 2710 Berghalden, und Dämmerungen spielend wie junge Lämmer und
762 2741 3274 2810 Steinböcke auf allen Graten und Kämmen und Hügelzügen, und in
762 2834 3103 2909 einem einzigen, gewaltigen Augenblick das hereinbrechende
762 2937 3320 3010 Lichtmeer, Fluten, die alle Abgründe bis zum Rand füllen, Heer¬
762 3031 3256 3110 scharen mit Goldschildern, die über die Halden und durch alle
768 3137 2352 3215 Talausgänge in die Ebenen hinabsteigen,\:p\
833 3236 3256 3315 \p\– und auf einer hellgrünen Flur bleibe ich ins Herz getroffen
762 3335 3150 3416 stehen, und werfe die Arme empor und schmecke im Sturz auf
768 3439 3256 3520 meinem Mund den Tau, und die Wärme umschliesst wie eine feste
774 3544 2124 3613 und zärtliche Hand meinen Nacken.\:p\
885 3641 3174 3720 \p\Schau, das sind keine Traumbilder. Ein solches Entzücken
768 3741 3092 3814 wird uns im Schlaf nicht geschenkt, und wir verzehren uns
762 3841 3144 3920 nicht, sondern ruhen, die Hände verschränkt, im Rücken die
774 3946 1015 4019 Leere,\:p\
762 4042 3332 4125 und ist, was im Dunkel sich vor uns erhebt, ist es nicht Angst.
768 4140 3256 4219 Sind wir nicht stumm nur aus Angst, dass ein Wort laut werden
768 4240 3197 4324 und eine Klage aufsteigen könnte wie ein Vogel, der mit ver¬
1508 358 1766 390 – 3 –
746 430 2421 508 irrten Flügeln gegen das Fenster schlägt.
746 535 3238 607 \p\Und diese Schwere der Glieder, ist sie nicht Angst, – was hat
740 642 3308 720 meine Tränen ausgelöscht, was hat mir die Augen stumpf gemacht,
746 741 3313 801 was lähmt mir den Schritt und senkt mir die Stirn und zerbricht
735 838 3173 910 mir den Stab, der geblüht hat, und lässt mich mit vor Scham
746 938 1849 1010 brennenden Schläfen zurück.\:p\
735 1037 3191 1109 \p\Schau, sie sagen dann, man soll sein Bett aufheben und nicht
735 1142 3296 1214 abweichen von den geraden Pfaden und beim rechten Glauben blei¬
729 1241 3127 1313 ben. Aber ich habe viele von ihnen gesehen, sie gingen wie
740 1346 3284 1424 Tote, ein Licht in der Hand, und Gebete hingen noch wie Schaum
735 1445 3261 1529 an ihren Lippen. Auf beiden Seiten des Wegs wuchs die Wildnis,
746 1538 3109 1622 die sie nicht mehr erkennen konnten, wunderbare Blumen be¬
735 1643 3302 1733 deckten die Sträucher, darüber wogten Wolken aus süssen Düften,
735 1750 3115 1819 Schwärme von Tauben wiegten sich silbergrau in den Zweigen
746 1844 3115 1924 junger Bäume, von den Schäften floss Honig, und die Gräser
740 1949 3150 2024 neigten sich unter der Last von Tauperlen die das Licht der
735 2042 3109 2117 Sterne sammelten. Als ich weiterging, wurde das Gras immer
740 2145 3074 2223 sanfter und die Stämme wichen auseinander und standen wie
746 2255 3273 2325 Pfeiler weithin zerstreut in einer Ebene, die vom weissen Mond
735 2343 3144 2424 erhellt war. Bei ihrem Anblick schien mir, sie schwimme be¬
740 2449 3226 2526 ruhigt im Weltall, und die Augen gingen mir über. Am Ende der
740 2548 3115 2631 Ebene stand wie ein Zuckerhut ohne Spitze ein schimmernder
735 2656 3232 2730 Berg, dort befand sich der Krater der Tiere, man konnte schon
735 2742 3179 2829 die Atemzüge erkennen, die aus ihren Nüstern wie kleine, ge¬
740 2859 3162 2934 kräuselte Rauchkerzen aufstiegen und sich mit den zartroten
735 2956 3290 3034 Morgenwolken vermischten. — Nicht wahr, Du hast mir gesagt, es
746 3057 3191 3132 müsse dort paradiesischer Friede herrschen, wir haben es uns
752 3156 3156 3231 vorgestellt, wie wir uns über den weissen Kraterrand beugen
740 3259 3232 3334 und hinabschauen würden auf die grünen Matten, wo das Lamm im
735 3346 3144 3422 Schatten des Löwen ruht [vgl. Jesaja 11,6], ein mächtiges Stierhaupt im Wasser
740 3458 3255 3530 sich spiegelt, Silberfische springen auf der blauen Seefläche,
740 3557 3354 3629 ein Hirtenknabe den Raubtieren seine Hände auflegt, und zwischen
735 3650 3191 3728 den rieselnden Blüten der Bäume wilde Tauben und Reiher ihre
735 3755 1896 3833 blitzenden Flügel schwingen!\:p\
793 3861 3156 3933 \p\– Und schau, es ist lautere Wahrheit, und unvergessen! – An
735 3960 3156 4032 fernen Welträndern ziehen in jeder Stunde fromme Herden und
723 4053 3185 4137 Heerscharen in goldenen Wettern dahin, sie tragen Götter mit
740 4146 3261 4242 sich, Sternbilder segnen sie, auf ihrem Weg schliessen sie Ab-
729 4257 1849 4347 gründe und versetzen Berge:\:p\
740 4353 3098 4445 \p\auf dass wir furchtlos ihren strahlenden Augen begegnen! –\:p\
740 4465 2018 4537 Molanda en Mongola, Congo Belge
740 4562 1767 4649 31. Juli - 1. August 1941.
2071 4549 3343 4627 Annemarie Clarac-Schwarzenbach.
