4800 6340
549 610 4608 746 Kinder in den Pyrenäen
560 771 4598 938 AUFNAHMEN VON EINER AUTOREISE UNSERER MITARBEITERIN ANNEMARIE SCHWARZENBACH
650 2324 2359 2410 \f\ Mädchen in Uniform\:f\
560 3796 2561 3882 \fp\Schulmädchen aus Gerona ("Mädchen in Uniform"). — Sie geht in die Mädchenschule, die von
565 3872 2561 3927 Nonnen geleitet wird. Sie ist scheu und wohlerzogen, immer wenn wir ihr begegnen, knikst
560 3912 2561 3973 sie, immer trägt sie eine Blume in der Hand. Wir haben Mühe, sie allein zu photographieren,
560 3962 2561 4018 weil sich die Kameradinnen hinzudrängen und sich kichernd gegenseitig in das Blickfeld des
560 4008 2561 4073 Apparates stoßen, dann erschrocken zurückweichen. Die spanischen Mädchenschulen sind noch
549 4053 2561 4119 sehr im Rückstand, die Mädchen lernen nur beten und gute Manieren; daß Frauen studieren,
555 4109 2556 4164 ist noch immer eine Seltenheit. Mit der Republik wird sich hierin sicher manches ändern — vor allem soll
544 4159 2561 4214 die Erziehung von der Vormundschaft religiöser Anstalten befreit werden. Jetzt trifft man aber noch die
549 4204 2561 4275 Schülerinnen in der dunklen Tracht und dem kleidsamen weißen Kragen — spanische "Mädchen in Uniform"\:fp\
2637 2294 4411 2405 \f\Kleine Zigeuner\:f\
2657 3806 4572 3877 \fp\Kleine Zigeuner. — Man trifft sie überall, kleine, verwahrloste Geschöpfe, schmutzig, in
2662 3872 4582 3942 sonderbare Lumpen gehüllt und vermummt, mit lockigen Köpfen und düsteren, unkindlich
2652 3917 4522 3978 ernsten Augen. Sie halten zusammen gegen die ganze fremde, meistens feindliche Welt, —
2662 3957 4552 4028 wir sehen, wie der kleine Bursche auf diesem Bild einen noch kleineren auf den Rücken ge¬
2652 3998 4572 4078 hoben hat, damit er das Auto besser sehen kann — sie gehen in keine Schule, leben wie
2657 4058 4567 4124 Tiere, rudelweise, müssen früh schon arbeiten, Holz sammeln, Fische fangen, den Esel hüten
2717 4114 4577 4169 — sie betteln selten; als wir ihnen ein paar Kupfermünzen gaben, waren sie außer sich vor
2652 4159 4588 4230 Freude, liefen zu ihren Müttern, zeigten ihnen triumphierend und fast ungläubig ihren Schatz\:fp\
1404 5127 2413 5166 \f\Zwei Schwestern\:f\
549 4804 1280 4875 \fp\Die ältere Schwester. — Eine junge
549 4860 1275 4920 Zigeunerin mit ihrer kleinsten
549 4915 1275 4971 Schwester. Das Mädchen ist erst
549 4956 1275 5031 zwölf Jahre alt, aber es kümmert
549 5011 1275 5071 sich wie eine Mutter um das
549 5051 1265 5132 schmutzige kleine Wesen auf sei¬
549 5102 1275 5177 nem Arm. Es gehört zu einer
555 5142 1280 5213 wandernden Zigeunertruppe, die
560 5192 1286 5253 man in den östlichen Pyrenäen be¬
555 5248 1280 5303 ständig antrifft. Diese Leute sind
549 5293 1275 5344 entsetzlich arm, seit Jahrhunderten
555 5344 1280 5399 heimatlos, sie haben sich auch nicht
555 5394 1280 5450 assimiliert, tragen nicht spanische,
549 5440 1275 5495 sondern immer noch asiatische
549 5485 1275 5545 Züge. Ihre Herkunft ist bis heute
555 5530 1270 5601 ein ungelöstes Problem der Völ¬
549 5576 1275 5636 kerkunde. Dieses junge Mädchen
570 5621 1270 5687 — unendlich anmutig in jeder sei¬
549 5666 1275 5737 ner Bewegungen — verrät durch
549 5722 1275 5782 seinen jugendlichen und schwer¬
549 5777 1275 5843 mütig-gelassenen Ernst etwas von
549 5823 1280 5893 Schicksal seines "Volks ohne
555 5868 726 5939 Raum".\:fp\
2757 5039 3532 5073 \f\ Kleiner Junge an der Hand der Großmutter\:f\
3852 4794 4582 4880 \fp\Die Hand der Großmutter. — Die
3852 4870 4567 4935 spanischen Mütter oben im Ge¬
3846 4910 4572 4976 birge haben wenig Zeit für ihre
3846 4961 4572 5021 Sprößlinge — entweder arbeiten
3846 5016 4572 5066 sie in der Fabrik oder sie sind
3846 5056 4572 5122 Landarbeiterinnen und kommen
3846 5102 4562 5162 erst abends von den Feldern zu¬
3841 5157 4572 5213 rück. Meistens sind es die älteren
3846 5198 4572 5268 Schwestern oder die Großmütter,
3846 5253 4572 5308 die sich um die Kleinen beküm¬
3852 5293 4507 5354 mern und sie spazierenführen —
3846 5344 4572 5409 abends im Kino halten nicht selten
3846 5399 4572 5465 die jungen Väter die schreienden
3846 5440 4572 5515 Babies auf den Knien. Dieses
3846 5490 4572 5566 schwarzäugige und pausbäckige
3852 5540 4577 5596 Kind trägt zum Schutz gegen die
3846 5586 4557 5641 Sonne ein eigenartiges Trachten¬
3841 5636 4572 5687 hütlein auf dem Kopf. Es ist aus
3846 5681 4552 5737 Stroh in Form eines Turbans ge¬
3841 5717 4567 5787 flochten, mit einem rosa Bändchen
3852 5782 4567 5833 geschmückt und wird nur von
3846 5813 4572 5888 Kindern und nur in den mittleren
3841 5873 4255 5949 Pyrenäen getragen.\:fp\
