3728 5440
2909 2055 3329 2123 Die Heilige Hüterin [Schlagwörter: Ästhtetik, Realismus, Phantastik]
2931 2109 3306 2167 von Walter Reitz.
2776 2167 3566 2219 \p\A. Sch. Der Roman des neuen Schweizer
2725 2213 3566 2257 Dichters wirkt zuerst merkwürdig, vielleicht orig¬
2725 2249 3568 2288 nell. Man ist nicht gewöhnt an die Mischung rea¬
2725 2285 3573 2325 listischer und phantastischer oder visionärer Ele¬
2734 2333 3575 2373 mente, selbst wenn die Vermengung im Dienst¬
2729 2366 3574 2409 einer höheren Symbolik geschieht. Denn dies ist
2740 2405 3568 2448 ja wohl der Zweck: Der lange Erkenntnisweg des
2729 2441 3574 2485 Baumeisters Felix Sandner, sein Ringen um Be¬
2734 2479 3574 2527 freiung, um wahres Leben soll in der Form
2740 2521 3573 2571 gleichnissartiger Erlebnisse dargestellt werden.
2733 2557 3579 2610 Selbst wenn solche inneren Erlebnisse möglich
2729 2599 3561 2641 sind, so doch nur bei sehr besonderer Einstellung
2740 2638 3573 2685 eines einzelnen, und die Art der Darstellung ist
2734 2676 3579 2720 nicht geeignet sie wahrscheinlicher zu machen. Die
2725 2717 3579 2754 Gleichnisse sind so verworren, daß ein erklärendes
2729 2754 3574 2796 Wort des Dichters zum Verständnis notwendig
2740 2785 3573 2837 wäre. Hie und da tauchen reizvolle Stellen auf
2729 2833 3579 2870 die an phantasievolle, farbenreiche Märchen erin¬
2734 2866 3579 2910 nern könnten, aber sie werden zerstört durch die
2734 2909 3574 2949 allzu bewußt festgehaltene Zielbestimmtheit, die
2740 2946 3581 2989 schon beinahe lehrhaft wirkt, und doch keine Deut¬
2725 2984 3579 3026 lichkeit aufkommen läßt. Die Fülle ziemlich an¬
2740 3025 3573 3069 spruchsvoll tönender Worte vermag die dichterische
2725 3061 3579 3102 Schönheit nicht zu ersetzen, die sonst über manche
2734 3102 3574 3144 Schwächen hinwegtäuschen könnte. So entsteht ein
2729 3137 3579 3186 unerquickliches Durcheinander von Wirklichkeit
2747 3180 3579 3219 und Symbol. — Felix Sandner trägt ein viel zu
2734 3214 3579 3258 konkretes und realistisches Gepräge, als daß man
2734 3260 3586 3302 ihm den reichlich phantastischen Einfall zumuten
2734 3298 3579 3340 könnte, auf die bloße Aufforderung eines Frem¬
2740 3335 3581 3378 den hin sein bisheriges, gut bürgerliches Leben
2725 3375 3579 3412 hinter sich zu lassen und in einen verzauberten
2734 3413 3579 3459 Wald hinein zu wandern. Solche Dinge, und auch
2725 3451 3579 3493 die nachfolgenden Begegnungen mit sprechenden
2725 3490 3579 3530 Vögeln und blassen Frauen sind heute mehr denn
2725 3529 3579 3571 je den Märchenprinzen vorbehalten, während es
2725 3569 3573 3614 für andere Leute besser ist, wenn sie bei ihren
2725 3608 3376 3644 Leisten bleiben. (Amalthea Verlag.)\:p\
