4337 7145
604 4489 870 4567 Die Steppe
494 4555 975 4622 Von Annemarie Clark
386 4622 1204 4662 \p\– Es ist lange her, zwei Monate, oder zweiein¬
276 4651 1202 4691 halb, und gehört schon wieder der Vergangenheit an.
282 4685 1202 4726 Und doch war es im gleichen Sommer, dessen Ende
282 4716 1202 4755 ich jetzt in Kabul erlebe, der Hauptstadt Afghani¬
286 4752 1203 4796 stans, — und im Verlauf der gleichen Reise, die mich
276 4790 1202 4823 über viele Grenzen, Hauptstädte und Stationen aller
286 4822 1176 4858 Art bis hierher geführt hat. Die Graubündner Poli¬
282 4857 1202 4899 zeinummer und das kleine Schweizerkreuz an meinem
280 4894 1203 4936 Ford beweisen mir nötigenfalls, daß sich alles pro¬
276 4927 1202 4972 grammgemäß, und so vollzog, wie ich es in meinen
280 4962 1203 4998 Tagebuch-Notizen verzeichnet finde. — Und es ist
276 4988 1202 5028 manchmal nötig. Vielleicht ist mein Sinn für die
282 5024 1202 5073 Realität nicht sehr stark entwickelt, vielleicht fehlt es
280 5060 1203 5103 mir an sicherem und beruhigendem Instinkt für die
280 5092 1203 5135 handgreiflichen Gegebenheiten unseres Erdendaseins,
282 5132 1190 5175 ich kann Erinnerungen nicht immer von Träumen
282 5167 1196 5207 unterscheiden, und oft verwechsle ich Träume, die in
282 5201 1190 5237 Farben, Gerüchen, plötzlichen Assoziationen wieder
270 5226 1202 5278 lebendig werden, mit der unheimlich-heimlichen Ge¬
276 5269 1202 5308 wißheit eines Vorlebens, von dem mich Zeit und
276 5297 1178 5350 Raum nicht anders und besser trennen als ein leich¬
276 5329 796 5389 ter Schlaf in der Frühstunde.\:p\
325 5374 1202 5406 \p\„Unser Leben gleicht der Reise ...“, und so scheint
280 5399 1203 5446 mir die Reise weniger ein Abenteuer und Ausflug in
276 5439 1202 5477 ungewöhnliche Bereiche zu sein, als vielmehr ein kon¬
270 5472 1202 5522 zentriertes Abbild unserer Existenz; ansässig in einer
286 5503 1203 5542 Stadt, Bürger eines Landes, einem Stand oder Ge¬
282 5536 1202 5583 sellschaftskreis verpflichtet, einer Familie und Sippe
280 5577 1203 5616 zugehörig, und verwachsen mit den Pflichten eines
276 5612 1187 5650 Berufs, den Gewohnheiten eines aus allen diesen
282 5638 1202 5677 Gegebenheiten gewobenen „täglichen Lebens“, fühlen
282 5671 1202 5720 wir uns oft allzu sicher, glauben unser Haus für alle
282 5703 1202 5750 Zukunft gebaut, sind leicht verführt, an eine Bestän¬
280 5746 1203 5790 digkeit zu glauben, die dem einen das Altern zum
292 5779 1203 5818 Problem macht, dem anderen jede Veränderung
280 5812 1203 5855 äußerer Umstände als Katastrophe erscheinen läßt.
282 5849 1202 5897 Wir vergessen, daß es sich um einen Ablauf handelt,
286 5882 1203 5930 daß die Erde in ständiger Bewegung ist, und daß wir
275 5914 1202 5968 von Flut und Ebbe, Erdbeben und Ereignissen weit¬
282 5950 1202 5987 ab von unserem sicht- und greifbaren Umkreis mit¬
280 5981 1203 6022 betroffen werden, Bettler, Könige, Figuren des glei¬
269 6020 1202 6067 chen großen Spiels. Wir vergessen es, vorgeblich um
276 6055 1203 6089 unseres Seelenfriedens willen, der denn auch auf
280 6089 1203 6124 rieselnden Sand gebaut ist. Wir vergessen es, um uns
282 6122 1202 6168 nicht fürchten zu müssen. Und die Furcht macht uns
1213 4470 2142 4517 hartnäckig, wir nennen Wirklichkeit nur, was wir mit
1213 4508 2142 4559 Händen greifen können, und was uns direkt betrifft,
1237 4550 2142 4586 und leugnen die Gewalt des Feuers, wenn es schon
1213 4581 2142 4624 brennt im Nachbarhaus, aber nicht bei uns. — Krieg
1198 4607 2142 4655 in anderen Ländern? — Zwölf Stunden, zwölf Wo¬
1198 4645 2142 4682 chen nur von unseren Grenzen entfernt? — Gott be¬
1198 4678 2127 4726 hüte, das Grauen, das uns manchmal ankommt, man
1198 4716 2119 4760 verspürt es auch beim Lesen von Geschichtsbüchern,
1198 4749 2142 4802 Zeit oder Raum, es bleibt sich gleich, was immer uns
1198 4790 1558 4830 davon trennen mag.\:p\
1270 4789 2142 4861 \p\Die Reise aber lüftet ein wenig den Schleier über
1198 4854 2142 4899 dem Geheimnis des Raums, — und eine Stadt
1198 4883 2142 4931 magisch-unwirklichen Namens, Samarkand die Gol¬
1198 4921 2142 4965 dene, Astrachan, oder Isfahan, Stadt des Rosenöls,
1198 4956 2142 5011 — wird wirklich im Augenblick da wir sie betreten
1198 4991 2142 5029 und mit unserem lebendigen Atem berühren. Das
1198 5021 2142 5072 Pflaster von Damaskus hallt unter unserem Schritt,
1198 5053 2142 5110 die Hügel von Erzerum leuchten im Abendschein, die
1219 5093 2113 5130 Minaretts von Herat tauchen auf am Ende der Ebene.
1198 5126 2142 5158 Aber eine Cholera-Seuche hält uns in Iran fest, und
1198 5156 2142 5199 was eben noch eine flüchtige Vision war, eine Atem¬
1198 5183 2119 5237 pause, wird zu einer Episode, einem Abschnitt geleb¬
1198 5225 2142 5269 ten Daseins. In Kabul schließen wir Freundschaften,
1198 5259 2142 5293 richten uns häuslich ein, kennen den Russen, der
1198 5292 2116 5338 europäisches Brot bäckt, und den Gulam Haidar, de
1213 5330 2142 5364 Füllfedern, Luftpost-Briefcouverts und Veramon zu
1198 5353 2142 5414 verkaufen hat. Schon haben wir unsere täglichen Ge¬
1198 5401 2116 5452 wohnheiten, finden den Heimweg im Dunkeln, — und
1198 5425 2142 5475 es hängt schließlich nur von einem Zufall ab, ob wir
1198 5466 2142 5524 nicht den Rest unseres Lebens hier verbringen: hier
1198 5501 2142 5556 oder anderswo, am Rand des Kaspischen Meeres bei¬
1198 5529 2142 5584 spielsweise, wo das Klima höllisch ist, und der Kaviar
1198 5571 1843 5612 spottbillig, das Malariafieber gratis.\:p\
1270 5609 2144 5654 \p\Haben wir, früher einmal, Sitten und Gebräuche
1198 5644 2142 5688 fremder Völker studiert? Gut und recht, aber wir
1198 5679 2142 5721 lernten nicht, wie der Afghane seinen Turban windet,
1198 5709 2142 5761 und wußten nicht, wie der tägliche „Palaw“ schmeckt,
1198 5743 2142 5801 in einem Land, wo man täglich Reis und Schaffleisch
1198 5782 2142 5820 zu essen bekommt, und Tee zu trinken, und nie einen
1198 5810 2142 5860 Tropfen Alkohol. Auf der Reise wechselt das Antlitz
1198 5844 2142 5897 der Wirklichkeit mit den Bergen, Flüssen, mit der
1198 5880 2142 5930 Bauweise der Häufer, der Anlage der Gärten, mit
1198 5914 2142 5972 der Sprache, der Hautfarbe. Und die Wirklichkeit von
1198 5949 2142 6003 gestern brennt noch im Abschiedsschmerz, die von vor¬
1198 5984 2142 6020 gestern ist eine abgeschlossene, nie wiederkehrende Epi¬
1198 6017 2142 6068 sode, was vor einem Monat war, ist Traum und
1198 6052 2142 6104 Vorleben. Und endlich begreift man, daß der Ablauf
1198 6089 2142 6130 eines Lebens nicht mehr enthält als eine beschränkte
1198 6124 2142 6169 Anzahl solcher „Episoden", daß es von taufend und
2139 4471 3068 4517 einem Zufall abhängt, ob und wo schließlich wir
2139 4507 3089 4552 unser Haus bauen dürfen, der Friede unserer armen
2139 4541 3089 4597 Seelen aber ist ein köstlich Gut der Freiheit, dem man
2139 4579 3089 4631 nicht nachjagen, um den man nicht feilschen soll, noch
2139 4612 3089 4650 verhandeln mit den Diktatoren, die unsere Häuser in
2139 4657 2861 4697 Brand stecken, unsere Felder zerstampfen.\:p\
2192 4681 3089 4733 \p\Fürchterliche Ungewißheit? Füchterlich nur so¬
2159 4720 3056 4763 lange als wir ihr nicht ins Auge zu blicken vermögen.
2139 4752 3089 4799 Die Reise aber, die vielen als ein leichter Traum, als
2156 4793 3089 4847 ein verlockendes Spiel, als die Befreiung vom Alltag,
2139 4825 3089 4873 als Freiheit schlechthin erscheinen mag, ist in Wirk¬
2139 4853 3066 4905 lichkeit gnadenlos, eine Schule, dazu geeignet, uns an
2139 4893 3058 4951 den unvermeidlichen Ablauf zu gewöhnen, an Begeg¬
2138 4927 3089 4968 nen und Verlieren, hart auf hart. „Die Reise nach
2139 4962 3089 5013 Kabul", die sich auf der Landkarte einzeichnen läßt,
2139 4997 3058 5040 wenn auch nur in großen Zügen, und in Kilometer¬
2139 5022 3089 5074 zahlen berechnen, wenn auch nur ungefähr, ist in
2139 5062 3089 5099 meiner Erinnerung schon ein feingewobener Teppich,
2139 5135 3089 5176 Schweiß und Blut, und unwiderbringlich verloren,
2165 5099 3089 5141 gewoben Stunde um Stunden aus lebendigem Atem,
2139 5170 3062 5216 denn die Zeit trägt Siebenmeilenstiefel, seitdem ein
2159 5202 3057 5244 Ereignis weitab von meinem Weg: der Krieg, einge
2139 5221 3089 5283 griffen und mich und wohl die meisten meiner Mit¬
2138 5269 2987 5309 menschen überfallen hat wie Blinde und Taube.\:p\
2198 5302 3089 5347 \p\Zwei Monate ist es her oder zweieinhalb. Der
2139 5335 3056 5378 gleiche Sommer, Ende Juli, und ich hatte das iran¬
2139 5375 3089 5414 ische Hochplateau verlassen und war über den Firuzkuh-
2159 5410 3053 5446 Paß hinunter gefahren in die dichten Urwälder, die
2139 5440 3089 5490 feuchten Dschungel, die überschwemmten, von Moskito¬
2139 5479 3089 5524 schwärmen bedeckten Reisfelder Mazanderans, bis zur
2139 5510 3090 5560 blaßblauen, von trauernden Dünen gesäumten Küste
2139 5547 3089 5586 der Kaspisee. Fruchtbares, melancholisches, aus Früh¬
2145 5583 3089 5613 leben, Träumen und den Erinnerungen letzter Jahre
2139 5606 3089 5669 vertrautes Land, wo der Schah Baumwollspinnereien,
2139 5644 3090 5694 Mustergüter, Tabaktrocknereien errichten ließ. Die in
2139 5676 3089 5720 dämmernder Armut vom Ertrag ihrer Reisfelder
2139 5713 3089 5763 lebenden Bauern wurden zur Fabrikarbeit angehal¬
2138 5752 3088 5802 ten, mit Chinin versorgt, der Reis wurde durch Tee
2139 5786 2991 5823 ersetzt, einheimische Seidencocons verwertet, im
2139 5812 3089 5859 Fischerdorf Mesched-i-Sehr wurde ein Palacehotel er¬
2138 5848 3089 5895 baut, Schweizer Hoteldirektoren und Färbermeister,
2139 5881 3089 5919 Seidenweber und Köche wurden engagiert, Kinder
2139 5916 3089 5956 müssen in 12-Stunden-Schichten arbeiten, die zehn¬
2139 5950 3089 5994 jährigen werden mit einem halben Kran oder zirka
2139 5991 3089 6027 15 Rappen täglich, die größeren mit zwei Kran täg¬
2139 6019 3089 6077 lich entlöhnt, aber dafür werden die begabtesten unter
2139 6059 3089 6100 ihnen in Abendschulen zu perfekten Webern und
2139 6086 3089 6129 Spinnern, sogar Vorarbeitern ausgebildet, und vieles
2139 6121 2368 6180 andere mehr.\:p\
3146 4473 4011 4520 \p\Ich verbrachte die Nacht bei einem Schweizer, seine
3086 4485 4011 4567 Frau kochte uns Kaffee, während wir in der feuchten
3086 4547 4011 4595 Schwüle auf der Terrasse saßen und ich mir erzählen
3086 4578 4010 4623 ließ über Land und Leute und den Segen der Fort¬
3086 4618 4011 4662 schrittsarbeit: denn in vier Jahren, seit meinem letz¬
3094 4650 4011 4689 ten Besuch, hatte sich viel verändert. — Am nächsten
3086 4683 3999 4725 Morgen verließ ich Mazanderan, das Kaspische Meer
3096 4716 4005 4758 blieb zurück, die Dschungel [sic] öffnete sich. Keine Stroh¬
3086 4752 4015 4793 dächer [siehe Fotos] mehr, keine Reisfelder, keine Tierschädel auf
3102 4786 4011 4830 Hägen [?]. Dann hörten die Tabakfelder auf, und damit
3086 4818 4008 4857 die Besitzungen des Schahs. Dann die Maisfelder, die
3086 4855 3999 4899 den Bauern geblieben waren. Noch gab es Weiden
3136 4893 4005 4928 – irgendwo, in einer sanften Hügelmulde, ein Dorf,
3086 4924 3999 4966 Bäume, Brot. Auf der Straße ging ein blondbärtiger
3096 4959 3999 4998 Mann, in hohen Stiefeln, die Hacke über der Schu¬
3086 4982 4009 5035 ter. Ich hielt den Wagen an, — der Mann, blau¬
3086 5028 4005 5072 äugig, antwortete karg, auf Russisch: Jawohl, er war
3086 5061 4005 5106 von drüben gekommen, aus Rußland, mit anderen
3100 5093 4006 5138 Muschiks. Sie hatten daheim nicht mehr leben können,
3086 5131 3997 5176 die Rotgardisten hatten ihnen die letzte Kuh genom¬
3086 5167 4009 5202 men, und die Kreuze und Heiligenbilder aus ihren
3106 5190 3999 5242 Hütten. Jetzt hatten sie hier, in Iran, ein neues Dorf.
3086 5231 4005 5274 Es gab Schwarzbrot, und Honig, — ob wir welchen
3087 5270 4005 5308 kaufen wollten? — Aber es gab keine fahrbare Straße
3094 5301 4008 5338 zum Dorf, und dem Russen war es recht, als wir uns
3086 5334 4005 5389 trennten und ich meinen geraden Weg fortsetzte: nach
3085 5369 3781 5408 Osten, einem weiten Horizont entgegen.\:p\
3141 5402 4005 5446 \p\Die Luft wurde dünn und trocken. Ein heißer
3086 5440 4005 5494 Wind erhob sich. Jetzt gab es keine Bäume mehr, kein
3086 5483 3999 5519 Gras, kein Feld, kein Dorf, keine Hütte, keinen Zaun,
3086 5514 4009 5555 kein Wasser. Die Erde wurde gelb. Der blasse Himmel
3086 5543 4006 5590 senkte sich plötzlich wie ein schwerer Baldachin, unter
3086 5581 4009 5622 welchem alles Leben erstickte, und im rasch herein¬
3085 5611 4003 5663 brechenden Abend färbte er sich violett und schwefel¬
3086 5651 4010 5697 gelb, rostbraun, feuerrot, das Schauspiel war schön,
3085 5689 4002 5731 aber beklemmend wie eine Vision der Höllischen Ko-
3086 5721 3999 5759 mödie [Anspielung auf Dantes Divina Commedia]. — Und ich wußte jetzt, was mich vorher Bücher
3085 5757 4005 5802 und Landkarte nur ungenügend gelehrt hatten: daß
3086 5785 4003 5824 ich die tropische Senkung des Kaspischen Meeres ver¬
3086 5821 3999 5863 lassen hatte, und die Turkmenensteppe betrat, — der
3086 5852 3999 5898 Anfang jener riesigen Steppen und Wüsten, die sich
3086 5887 3999 5939 hinziehen durch ganz Zentralasien bis in den Fer¬
3086 5919 3996 5969 nen Osten. — Und ich sah diesen Bereich zum ersten
3085 5955 3999 5996 mal. Heimat der Nomaden, der schwarzen Zelte, der
3085 5990 3997 6034 Jurten. Aber in Iran waren die Nomaden zur Seß¬
3085 6026 3999 6075 haftigkeit gezwungen im Rahmen des Fortschritts¬
3086 6058 4001 6100 programms, die Stämme ihrer Führer beraubt, und
3086 6096 3997 6134 beinahe schon ausgerottet. Und die Teppiche der Pen¬
3086 6125 3998 6185 dinischen- und Teke-Turkmenen, ihre bunten Sattel¬\:p\\fml\
345 4465 1275 4517 \fml\\p\taschen und Zeltstreifen, ihre schnellen Pferde? — Zu
348 4504 1275 4540 meiner Linken sah ich, an einem Horizont, der jetzt er¬
343 4535 1275 4570 loschen und bleifarbig war, ein paar elende Ziegen¬
352 4571 1275 4615 filz-Zelte und die sonderbar gravitätischen Silhouetten
339 4616 1276 4644 einiger magerer Kamele. Ein Hund bellte. Und von
346 4643 1275 4683 der Kaspisee her, aus Westen, kamen mit langsamem
352 4676 1275 4715 Flügelschlag weiße Geier. Das war alles. Die Steppe
346 4708 1256 4753 breitete sich aus in Oednis, Schweigen, die Hitze war
348 4745 1275 4788 tödlich, die Nacht vereinigte sich mit diesem „Anfang
348 4779 1275 4821 Asiens" zu einer düsteren Vision. — Da tauchte, vor
346 4811 1275 4853 mir, in gerader Linie, unzweifelhaft also am Ende
343 4848 1275 4893 meines Wegs, der Gumbad-i-Gabuz auf [vgl. Fotos]. Der Mon¬
354 4886 1275 4919 golenturm, Grabmal eines Khans, gigantisch und
346 4909 1250 4957 schlicht, — und ich dachte nicht darüber nach, ob in
343 4952 1275 4994 Gehäuse seines spitzen Dachs noch der gläserne Sarg
346 4982 1275 5028 hänge, wie die Legende der Steppe es will. Mir ge¬
343 5022 1275 5060 nügte das überwältigende Wahrzeichen des Menschen,
348 5056 1275 5090 der die Armut und allen menschlichen Maßen abholde
352 5086 1250 5125 Größe der Steppe nicht gefürchtet hatte. Ich atmete
343 5125 1275 5178 tief und versuchte, trotz allem das Leben zu grüßen.\:p\
