4775 6320
3604 2797 4417 2981 Vom Tonkrug
3566 3049 4604 3169 zur Benzinkanne
3584 3299 4574 3404 Welches ist hier die \g\« klassische »\:g\ Figur?
3566 3401 4565 3482 Das erste Bild zeigt ein Beduinenmädchen —
3569 3458 4576 3512 und nicht irgendeines, sondern eine junge
3575 3516 4574 3577 Einwohnerin des sehr alten, gewiß sehr
3566 3566 4574 3634 klassischen Palmyra. Sie mag getrost das
3566 3627 4573 3708 Recht für sich in Anspruch nehmen, stam¬
3566 3680 4578 3762 mesverwandt zu sein mit den stolzen Pal¬
3566 3743 4565 3815 myrenserinnen, deren größte und berühm¬
3575 3795 4574 3871 teste, die Königin Zenobia, von ihrer Wü¬
3566 3860 4578 3921 stenstadt aus dem römischen Weltreich zu
3569 3919 4580 3978 schaffen machte und sich den halben Orient
3566 3978 4586 4051 unterwarf. Das ist freilich lange her, — die
3575 4026 4582 4106 Frauen von Palmyra, die schon damals als
3578 4089 4576 4158 Wasserträgerinnen zum Brunnen gingen,
3575 4143 4578 4212 trugen auf ihrem edlen Haupt einen edel¬
3566 4213 4582 4265 und schöngeformten Tonkrug. Inzwischen
3566 4265 4582 4317 hat sich manches geändert, Skeptiker mögen
3567 4312 4578 4375 sich empören, daß das kleine Beduinenmäd¬
3578 4371 4571 4454 chen statt des Tongefäßes eine alte Benzin-
3571 4428 4584 4495 kanne benutzt, — das ist der Einbruch der
3571 4482 4571 4567 « Zivilisation», das Ende alter Ueberliefe¬
3569 4549 4589 4600 rung. Aber ist dieser Einbruch wirklich so
3566 4604 4582 4663 katastrophal? — Palmyra wäre ohne die
3580 4661 4580 4724 Τouristen und Archäologen heute vergessen,
3571 4713 4574 4795 seine Beduinen würden vielleicht ein elen-
3571 4778 4584 4839 des Hungerdasein führen, — wir wissen das
3580 4837 4584 4910 von vielen Stämmen, denn die Zeit der
3566 4891 4573 4961 freien Wanderungen und fröhlich-schreck¬
3575 4947 4573 5011 lichen Kriegs- und Raubzüge ist vorbei. Da¬
3571 5004 4574 5072 für gibt es friedlichen, einträglichen Auto¬
3580 5058 4580 5126 verkehr, Palmyra blüht auf, — und die
3571 5117 4580 5191 Benzinkanne ist mindestens nicht tragisch,
3575 5191 4591 5254 denn das Mädchen trägt sie in derselben
3578 5233 4578 5298 stolzen und koketten Haltung wie seine
3578 5287 4578 5350 Vorfahren den Tonkrug. Aestheten aller¬
3566 5350 4582 5413 dings freuen sich noch mehr an der jungen
3575 5402 4574 5470 Araberin, die unbelastet sowohl von Tradi¬
3575 5472 4578 5528 tion als europäischer Massenware, ihren
3571 5511 4561 5587 mit den eigenen geschickten Händen ge¬
3566 5580 4582 5644 formten Wasserkrug sorglos auf dem breiten
3578 5635 4576 5698 Haupte balanciert. Das ist nicht klassisch,
3566 5694 4530 5780 sondern auf die natürlichste Weise einfach —
3571 5746 4071 5831 und jedenfalls schön.
3893 5804 4578 5896 Annemarie Clark-Schwarzenbach
1622 948 3106 1081 \f\Beduinenfrau\:f\
265 5800 789 5883 \fp\Beduinenfrau aus Arabien.
3219 5798 3478 5876 Aufnahme Klugern\:fp\
3690 2172 4482 2307 \f\Wasserträgerin\:f\
3575 2503 4647 2555 \fp\Wasserträgerin aus Palmyra. Aufnahme Clark-Schwarzenbach\:fp\
