3603 5669
692 810 1815 954 Kirschblüte am Zugersee
386 950 2203 1089 \p\Kirschblüte gibt es auch an anderen Orten, aber
289 1060 2212 1169 am Zugersee hat es damit seine eigene Bewandtnis.
292 1162 2208 1282 Sie ist dort so unentbehrlich, so richtig am Platz,
284 1268 2210 1376 so in die Landschaft hineinpassend, weiß schim¬
284 1371 2222 1492 mernd bedeckt sie plötzlich die Wiesen und verklärt
284 1468 2210 1591 sie frühlingshaft, ist zugleich schön und nützlich,
292 1583 1803 1692 reich und mild wie das Ländchen selbst.\:p\
386 1682 2203 1812 \p\Von Zürich aus muß man durch das Sihltal
284 1800 2222 1918 fahren, das ist eine hübsche Bahnfahrt, und im
284 1904 2210 2039 Auto ist es ein Vergnügen für sich. Soviel Grün,
284 2000 2212 2126 soviel Intensität von Laubwald, Tannendunkel,
316 2114 2224 2222 Wiesenhängen durcheinander gemengt, dazu Rehe
284 2224 2212 2326 und Hasen und Förster, und die breitschäumende
284 2326 2212 2451 Sihl, die nach Bergquell und Bachforellen aussieht,
304 2434 2200 2552 jawohl nach Bachforellen, hie und da stehen Fischer
284 2538 2222 2680 in hohen Stiefeln bedächtig und geduldig zwischen
284 2641 2210 2786 den silbrigen Strudeln. Am Bahnhof Sihlbrugg
304 2752 2212 2885 wird das Gasthäuslein an der Halde von Kennern
284 2861 2222 2991 kurzweg das Sündenhaus genannt, weil man sogar in
296 2959 2224 3085 den sieben mageren Jahren [gemeint sind womöglich die Weltkriegsjahre 1914-18 und die darauffolgenden Krisenjahre bis 1921, es ist jedoch auch eine biblische Konnotation offensichtlich, siehe die sieben Hungerjahre, die Joseph dem ägyptischen Pharao prophezeit, Genesis 41, 28–32 ] dort Schmäuse von einfach
284 3070 2212 3205 sündhafter Qualität vorgesetzt bekam. Die Forellen
284 3172 2188 3307 essen die Zürcher am liebsten in der „Alten Krone"
284 3268 2222 3417 an der Sihlbrücke, zwischen Samstag und Sonntag
296 3381 2222 3521 Nacht reicht der Platz für die Automobile nicht aus
296 3487 2210 3627 und die Wirtssäle nicht für die Esser und Trinker.\:p\
381 3593 2222 3728 \p\Eine alte Brücke — der Name besagt es — führt\fml\\:p\
1585 1719 3493 1831 \p\über den Fluß, eine jener dröhnenden gedeckten
1592 1810 3491 1929 Holzbrücken, zu denen Postkutschen und reisende
1585 1912 3471 2044 Liebespaare und ein Trüpplein Landsknechte ge¬
1592 2020 3483 2144 hören, und ein paar Handwerksburschen, die auf
1573 2125 3483 2263 das alte Städtchen \g\Baar\:g\ zu marschieren. Die Frem¬
1592 2225 3483 2349 den fahren dort achtlos hindurch und steigen erst
1573 2337 3493 2471 an den Höllgrotten aus. Aber die Martinskirche
1573 2438 3471 2545 würde doch einen eiligen Blick verdienen, obwohl
1573 2540 3471 2691 nur der untere Teil ihres altersgrauen und ansehn¬
1585 2643 3481 2753 lichen Turmes aus romanischer Zeit stammt. Die
1583 2743 3481 2870 \g\Höllgrotten\:g\ sind Tropfsteinhöhlen, wie man sie
1573 2851 3483 2992 eben kennt, wenn auch gewiß besonders schön durch
1592 2965 3483 3101 Adler- und Bärennamen ausgezeichnet. Es lohnt
1581 3073 3471 3183 sich schon, gewissermaßen einen Blick in die Werk¬
1573 3178 3471 3302 stätten der Natur zu tun und in dieses feuchte, phan¬
1585 3266 3471 3412 tasiereiche Halbdunkel zu dringen, Kobolde und
1581 3376 3046 3514 Zwerge sind hier nächtlich am Werk.\:p\
1657 3481 3483 3593 \p\\g\Zug\:g\ besitzt noch einige Warttürme und ein
1592 3593 3471 3715 Stückchen alter Ummauerung, die an seine mittel¬
1573 3686 3493 3796 alterliche Wehrhaftigkeit erinnern. Sein Charakter
1581 3794 3483 3930 ist sonst nicht eben kriegerisch. Die hübschen Häu¬
1585 3894 3481 4023 ser der Altstadt, Rathaus und Zeitturm sprechen
1585 4016 3481 4138 mehr für fleißig achtbaren Bürgersinn, für geruh¬
1585 4123 3483 4214 sames Handwerk und Gewerbe, für gerechten Han¬
1592 4226 3483 4329 del und Wandel. Aber die Zuger waren, wenn es ge¬
1585 4333 3469 4441 fordert wurde, auch tapfere Eidgenossen, der Kolin¬
1597 4426 3481 4543 platz erinnert an Peter Kolin, den Bannerherrn sei¬
1585 4539 3493 4656 ner guten Stadt, der in der verhängnisvollen Schlacht
1592 4625 3359 4782 von Arbedo 1422 einen rühmlichen Tod fand.\:p\
476 616 2393 743 \p\Für Liebhaber mittelalterlichen Kunstgewerbes sei
396 735 2388 875 das Museum mit Scheiben, Holzschnitzereien und
396 845 2375 980 alten Waffen genannt, die schweizerischen Glas-
409 957 2368 1092 gemälde waren im Ausland sehr gesucht und be-
396 1057 2380 1191 rühmt, im Pariser Musée de Cluny werden einige
391 1181 1635 1276 besonders schöne Stücke gezeigt.\:p\
489 1281 2373 1401 \p\Die Bauwerke der Altstadt stammen fast alle aus
391 1381 2383 1515 spätgotischer Zeit, auch die St. Oswaldskirche. Das
391 1505 2373 1625 ergibt einen einheitlichen und beruhigenden Charak-
379 1613 2383 1757 ter. Dazu der Zeitturm, der so gewissenhaft die
396 1715 2393 1842 Bürger zu jeder Tagesstunde und zu ihrer Aufgabe
379 1827 2370 1949 rief, ihrem Lebenswandel ein rechtes Maß zuwies,
379 1934 2383 2051 ihre Freuden und ihre Pflichten gerecht verteilte und
379 2039 2373 2166 neben seiner alltäglichen Bestimmung eine andere,
379 2161 2383 2268 höhere erfüllte: Die Leute durch den unaufhalt¬
379 2256 2373 2405 samen Gang der Zeit an die Ewigkeit zu erinnern,
396 2370 2375 2500 damit sie die vergängliche Stunde nicht wichtiger
396 2492 2368 2635 bewerteten, als sie es angesichts des Todes und der
396 2587 2119 2704 himmlischen Freuden verantworten könnten.
489 2707 2385 2822 Aber auch an irdischen Genüssen, die das Dasein
379 2814 2383 2956 auf erlaubte Weise versüßen, hat Zug einiges zu
379 2906 2370 3073 bieten: Die Zuger haben das Kirschwasser nicht er-
391 3021 2370 3146 funden, aber sie haben zu seinem Ruhme beigetra-
396 3143 2380 3260 gen, und ihre eigene, eigenste köstliche Erfindung
379 3248 2383 3395 ist die Zuger Kirschtorte, die weißbezuckert und
379 3355 2373 3490 sorgsam gerundet, in großen und kleinen Exempla¬
379 3482 2383 3587 ren, mit einem seidenen Bande geschmückt, und
391 3579 2373 3724 mit goldenen Buchstaben der Echtheit wegen ge-
386 3681 2380 3846 zeichnet, in den Schaufenstern der Zuger Bäcker\:p\\fml\
1638 1557 3625 1678 \p\\fml\und Konditoren zu finden ist. Damit sind aber die
1643 1663 3610 1804 Spezialitäten nicht erschöpft, die Zugerrötel sind
1641 1784 3593 1910 zwar etwas ganz anderes, an der Berühmtheit ge-
1633 1878 3586 2029 messen aber ebenbürtig. Daß sie vorzüglich schmec¬
1633 1992 3603 2118 ken und eine Forelle an Feinheit übertreffen, wissen
1663 2088 3601 2234 Viele, daß sie eiszeitliche Fische und darin einzig in
1633 2209 3598 2306 ihrer Art sind, sei der Kuriosität wegen erwähnt.
1651 2306 3601 2454 Sie kommen nur im Winter an die Oberfläche und
1651 2419 3591 2560 verschwinden gleich in die unterste Tiefe des Sees,
1643 2531 3598 2664 wenn das Wasser sich zu erwärmen beginnt. Man
1651 2624 3613 2758 fragt sich, zu welchem Zweck diese merkwürdigen
1651 2741 3603 2864 Tiere in der Eiszeit ihr Leben fristeten — es ist
1651 2842 3613 2963 doch nicht glaubwürdig, daß sie es damals schon
1651 2963 3588 3101 Feinschmeckern und Sonntagsausflüglern zu Ge¬
1651 3062 2405 3198 fallen getan haben?\:p\
1740 3176 3586 3289 \p\Wie dem auch sei, eine abendliche Fahrt nach
1643 3272 3598 3415 Zug hat sich noch immer gelohnt. Man geht ein
1633 3378 3603 3522 Stückchen auf dem Zugerberg spazieren, weniger
1651 3499 3603 3648 der Landerziehungsheime als der Aussicht und der
1633 3601 3603 3746 anmutigen Waldwege wegen, fährt in das Städtchen
1638 3702 3603 3843 zurück und sucht einen Gasthof auf, „Aklin“ oder
1643 3803 3606 3949 Rathauskeller in der Altstadt, „Zum Hecht“ und
1651 3914 3576 4053 „Schiff“ am Seeufer. Das ist, für den Abend, ge-
1638 4036 3603 4176 mäßer. Aber genug von den Freuden der Tafel,
1651 4132 3591 4280 später könnte man ein Boot mieten und gegen Im¬
1633 4253 3598 4386 mensee (das mit Storm nichts zu tun hat) [Kommentar zu Storm] oder
1633 4332 3598 4485 Schloß Buonas rudern; der Zugersee ist ein See der
1651 4461 3601 4599 Abendstimmung, nie sind seine Farben schöner, wei¬
1643 4564 3598 4728 cher und gesättigter als vor dem Anbruch der Nacht.\:p\
