4279 7100
315 4781 1232 4851 Dixie Line – der Weg des amerikanischen
680 4836 856 4905 Südens
387 4892 1171 4942 Von Annemarie \g\Clark‐Schwarzenbach\:g\
764 4941 803 4974 II.
364 4976 1188 5038 \g\Auf der Schattenseite von Knoxville\:g\
387 5032 1232 5072 \p\Die Vision eines besseren Lebens, der langgehegte
322 5070 1233 5109 amerikanische Traum, wird schattenhaft, je weiter die
328 5101 1230 5143 Straßen nach Süden führen. Das Land ist ausgedörrt
319 5135 1232 5178 von der Hitze des Sommers, und rostet im träufelnden
322 5175 1218 5215 Regen siebzigjähriger Armut. Im breiten Tal des
328 5206 1223 5250 Tennessee River leuchtet rotes Herbstlaub von den
328 5243 1233 5284 Hügeln, und rote Erde bricht aus den tiefen Spalten,
322 5278 1233 5320 welche Erosion von Wind und Wasser in ihre Hänge
322 5313 1233 5353 gefressen hat. Die Wälder sind verschwunden, die einst
323 5346 1232 5391 das Land schützend bedeckten, schwarze Baumstümpfe
319 5386 1232 5427 und weiße Steine sind über die dürftigen und rohen
327 5417 1222 5458 Aecker zerstreut, die ein bißchen Mais, Kartoffeln und
322 5454 1218 5494 Zuckerrohr getragen haben – zu wenig, um den
322 5487 1225 5531 Farmer und seine Familie zu ernähren. Der Strom
324 5523 1232 5563 wälzt sich langsam der Ebene des Ohio zu, seinen Ufern
322 5552 1216 5600 entlang folgen die Spuren der Zerstörung aus Regen‐
324 5593 1232 5630 und Flutzeit: Wände von Bauernhäusern zusammen¬
324 5628 1212 5665 gedrückt, leere Fensterrahmen, eingesunkene Pfeiler, zer¬
321 5665 1232 5703 rissene Zäune, und die Weiden in Oednis verwandelt.
324 5694 1221 5733 Hoch über den Fluß spannen sich die Brücken, die nach
328 5724 1216 5769 \g\Knoxville\:g\ hineinführen. Eine Stadt wie viele an¬
323 5761 1232 5802 dere, zweihundert Jahre alt, mit einer Markthalle aus
322 5800 1233 5840 rotem Backstein, wo die Farmer Aepfel und Tomaten,
324 5830 1231 5875 Mais und Pfeffer verkaufen – mit Geschäften und
328 5865 1233 5908 Kinos, einer grell erleuchteten "Mainstreet" und
324 5895 1232 5946 dunklen Quartieren, wo die Arbeiter der Trikotage¬
319 5936 558 5979 fabriken leben.\:p\
370 5966 1232 6015 \p\Hunderttausend Einwohner, lokale Industrie, die
324 6007 1232 6045 vor dreißig oder vierzig Jahren hoffnungsvoll etabliert
319 6039 1232 6075 wurde, und es seither nicht vermocht hat, den Män¬
315 6074 1233 6122 nern und Frauen, die dafür arbeiten, mehr als das
322 6105 1233 6157 dürftigste Leben zu sichern. Knoxville war eines der
1259 4773 2166 4815 städtischen Zentren einer von der Natur wenig begün¬
1256 4816 2166 4864 stigten Region, deren Bewohner, als Pelzjäger und
1259 4850 2166 4886 Pioniere gekommen, sich als Holzfäller und Farmer
1257 4882 2167 4921 niederließen, und es nicht vermochten, den Boden gegen
1257 4913 2166 4955 die Gewalt des Flusses zu sichern und ihm eine mehr
1257 4953 2166 4988 als notdürftige Existenz abzuringen. Und das Tal
1256 4984 2165 5032 des Tennessee River – insgesamt eine Bevölkerung
1259 5021 2166 5059 von zweieinhalb Millionen umfassend – wurde zu
1257 5057 2166 5098 einer der ärmsten und rückständigsten Gebiete
1257 5086 1422 5138 Amerikas.\:p\
1307 5100 2166 5167 \p\1932 war das Geburtsjahr der "Tennessee Valley
1257 5157 2167 5205 Authority", deren drei Anfangsbuchstaben "TVA" zu
1259 5193 2166 5234 einem Symbol des Fortschritts der Nation und der
1261 5227 2152 5266 Hoffnungen der Aera Roosevelt geworden sind. Ab¬
1257 5261 2166 5306 geholzte Wälder, Ueberschwemmungen hatten den Fluß
1257 5299 2166 5341 Tennessee zum Gegner der Menschen gemacht, die an
1256 5325 2166 5367 seinen Ufern wohnen, und jährlich lieferte er seinen
1257 5365 2166 5410 Beitrag zu den gewaltigen Flutkatastrophen, die die
1256 5402 2155 5446 Ebenen des Ohio und Mississippi heimsuchen[Punkt fehlt]  Die
1274 5438 2166 5475 "TVA" wurde von Roosevelt ins Leben gerufen, um
1259 5471 2166 5518 Dämme zu bauen und den Lauf des Tennessee bis
1261 5502 2167 5542 zu seiner Mündung in den Ohio zu regulieren. Dar¬
1257 5538 2167 5582 aus wurde das umfassende Programm, das seit fünf
1265 5571 2166 5620 Jahren den systematischen Aufbau jenes rückstän¬
1257 5608 2166 5647 digen und armen Landes durchführt und es zum
1257 5645 2166 5692 großen "Laboratoriumsfall" der Vereinigten Staaten
1256 5681 2159 5729 gemacht hat. Neben den gigantischen Dämmen
1259 5716 2166 5754 entstehen Mustersiedlungen für die beim Dammbau
1257 5746 2166 5789 beschäftigten Arbeiter. An den Ufern der Stauseen
1257 5786 2166 5829 gibt es öffentliche Parks, Ferienlager, Autostraßen.
1257 5812 2167 5861 An den Hängen werden Bäume gepflanzt, um die
1257 5846 2167 5894 lockere Erde gegen Erosion zu sichern. Felder werden
1256 5882 2166 5933 terrassiert, der erschöpfte Boden mit Kunstdünger er¬
1257 5916 2166 5957 neuert und fruchtbar gemacht. Gewaltige Kraftwerke
1257 5950 2166 5992 versorgen Städte, Dörfer und entlegene Farmen mit
1257 5979 2166 6028 Elektrizität, neue Fabriken werden errichtet und mit
1257 6015 2166 6071 dem Ueberfluß an Strom betrieben. Und die Fäden
1256 6050 2156 6101 dieser allseitigen Aktivität laufen in der Stadt Knox¬
1257 6081 2151 6125 ville zusammen, wo in den Bureaux des Hauptquar¬
1257 6116 2166 6166 tiers von "TVA" ein Stab von Ingenieuren und
2174 4785 3105 4838 Experten unermüdlich bei der Arbeit ist. Gegenüber
2175 4820 3106 4858 der alten Markthalle, wo die Maultiere und Gemüse¬
2175 4858 3106 4902 karren der Farmer stehen, und wo Samstags die
2175 4893 3106 4937 "Amerikanische Legion" ihre patriotischen Reden und
2175 4927 3107 4977 Tanzvergnügungen abhält, – gegenüber einem bunt¬
2175 4963 3106 5007 erleuchteten Kino, wo sich Liebesdramen und Wild¬
2174 4989 3106 5041 westfilme aus der guten, alten Zeit abrollen, gegen¬
2175 5027 3106 5074 über den billigen Auslagen von Damenmoden und
2175 5060 3106 5101 Drugstores, zieht sich eine Reihe von großen, nüchtern
2184 5093 3107 5138 umrahmten Schaufenstern hin, schematische Landkarten
2175 5132 3081 5177 zeigen das Flußgebiet des Tennessee und die Aktions¬
2175 5166 3084 5209 zentren von "TVA", eine Serie von Photos in Plakat¬
2175 5192 3089 5242 format illustrieren das Drama des Flusses, die Ge¬
2194 5230 3090 5274 schichte der nutzbar gemachten Wasserkraft, die Mög¬
2174 5271 3106 5313 lichkeiten der Technik im Dienste der Allgemeinheit:
2175 5303 3084 5342 einen Farmer auf seinem gegen Erosion und Ueber¬
2175 5337 3106 5378 schwemmung gesicherten Acker, einen jungen Wald,
2175 5372 3107 5416 elektrische Maschinen im Gebrauch, Schiffahrtswege,
2197 5397 3079 5440 Fabrikschlote, die Wirkung von Phosphaten auf bis¬
2175 5430 3106 5488 her erschöpften und unfruchtbaren Feldern. Nachts
2174 5465 3106 5517 sind die Schaufenster von innen erleuchtet und kon¬
2175 5506 3106 5547 kurrieren mit den Lichtreklamen von Mainstreet. Eine
2174 5538 3106 5588 neue Autostraße führt von Knoxville dreißig Meilen
2175 5577 3106 5613 weit hinauf zum Norris‐Damm, dessen wunderbare
2175 5611 3106 5651 Konstruktion als Bild des Fortschritts und Siegs des
2192 5639 3106 5689 Menschen über dem schlafenden Tal steht. Aber wäh¬
2175 5682 3099 5723 rend hier Tag und Nacht zwei riesige Generatoren
2175 5713 3106 5760 Elektrizität erzeugen, und gleichsam das ganze Leben
2174 5752 3088 5793 dieses Landstrichs erneuern, während die Schaufenster
2175 5781 3106 5818 von "TVA" jedem Beschauer verständlich machen, was
2175 5817 3106 5852 planvoller und intelligenter Wille im Kampf gegen
2175 5844 3067 5886 Armut und Rückständigkeit zu erreichen vermögen, –
2175 5882 3106 5924 während so eine neue Vision des besseren Lebens ge¬
2175 5918 3088 5961 boren wird, braucht man in Knoxville nicht weit zu
2175 5949 3107 5990 gehen, um die Schattenseite zu finden. Es wirkt wie
2175 5982 3106 6017 bittere Ironie, daß hier, dreißig Meilen vom Norris‐
2192 6015 3106 6076 Damm entfernt, ganze Quartiere weder mit elektri¬
2175 6054 3107 6100 schem Licht noch mit laufendem Wasser versorgt sind.
2175 6096 3106 6128 Ein Kranz von solchen dunklen Quartieren schließt sich
2175 6129 3106 6186 um Knoxville wie um jede andere Industriestadt im
3131 4793 4036 4842 Süden. Aber Knoxville, das Zentrum von "TVA",
3129 4827 4036 4877 hat noch eine andere und besondere Schattenseite. Die
3129 4860 4033 4901 Stadt liegt erhöht über dem Fluß, und so jäh fällt
3131 4896 4027 4942 das Ufer ab, daß man meint, hier sei die Stadt zu
3131 4931 4033 4979 Ende. An der scharfen Kante des Ufers enden Later¬
3131 4967 4034 5008 nen, Lichtsignale, Reklamen, erleuchtete Fenster. Wie
3131 5002 4030 5043 ein Festungsturm ragt neben der Brücke das Hotel
3129 5029 4033 5084 Andrew Jackson empor, Kuoxvilles feinstes und teuer¬
3131 5064 4033 5117 stes, mit Badewannen und elektrischen Eisschränken
3131 5102 4032 5145 in allen Zimmern. Eine Reihe von spiegelnden
3131 5136 4030 5174 Limousinen ist vor dem Hoteleingang parkiert, eine
3134 5168 4034 5210 Tankstelle gegenüber bleibt die ganze Nacht geöffnet.
3131 5205 4033 5248 Die doppelte Fahrbahn der Brücke ist weiß erleuchtet.
3129 5236 4033 5287 Die Augen müssen sich zuerst an die Dunkelheit ge¬
3131 5272 4033 5317 wöhnen, wenn man sich über das Brückengeländer
3131 5302 4033 5353 beugt und zum Fluß hinunter blickt. Am steilen Ab¬
3131 5337 4033 5389 hang stehen Häuser, lichtlos und leblos wie Kulissen,
3131 5375 4033 5420 kein Feuer in den Kaminen, die Türen verschlossen.
3129 5408 4033 5460 Hier wohnt niemand, möchte man denken, – hier
3131 5442 4033 5492 \g\kann\:g\ niemand wohnen, aber man hat inzwischen
3131 5480 4033 5520 entdeckt, daß die Straßen der hellen Stadt Knoxville
3131 5511 4032 5554 nicht an der Brücke und an der steilen Kante des
3129 5544 4027 5596 Ufers enden, – daß sie sich nur verwandeln, grau
3131 5582 4030 5629 und ungepflastert und dunkel und uneben werden,
3131 5616 4034 5661 und so, gewissermaßen schamhaft verhüllt, steil hin¬
3131 5650 3982 5695 unterführen in die feuchte Finsternis des Flusses.\:p\ [space]
3169 5683 4033 5750 \p\Die in riesigen Lettern leuchtende Reklame des
3129 5733 4033 5779 Hotels Andrew Jackson wirft ihren Schein in eine
3129 5767 4032 5818 dieser Straßen, und ich kann das Schild lesen: "West¬
3131 5799 4033 5850 front Street", darüber, kaum erkennbar auf den Bret¬
3131 5837 4032 5876 tern der alten Hauswand: "Taverne". Man infor¬
3129 5868 4032 5923 miert mich später, daß dieses Gebäude das älteste
3131 5910 4030 5951 "Hotel" des alten Knoxville ist, das hier unten, am
3131 5938 4033 5986 Fluß, an der "Westfront" seinen Anfang nahm. Heute
3131 5974 4034 6021 ist es das Quartier seiner ärmsten Bewohner. Blasse
3131 6004 4033 6058 Kinder spielen unter den Pfeilern der Brücke, klettern
3131 6071 4034 6121 dünn und schlotternd in ihren zu leichten Kleidern,
3131 6040 4033 6089 im Stahlgerüst, gedeihen im Schatten. Negerburschen,
3129 6105 4030 6157 lehnen an den Barackenwänden oder schleichen durch
3129 6140 4036 6204 das Gebüsch am Ufer, lässig, Zigaretten zwischen den\fml\\:p\
213 4435 1113 4484 \fml\p\schlanken Fingern. Eine Indianerin säugt ihr Jüng¬
213 4473 1128 4519 stes, einen kränklichen Buben, den sie mir herzeigt:
223 4514 1128 4553 "Er will nicht leben", sagt sie, "ich weiß nicht, was
211 4546 1128 4582 ihm fehlt." Tagsüber ist Westfront Street erfüllt von
217 4581 1128 4622 einem traurig‐geschäftigen Leben. Ich gehe umher
217 4611 1111 4649 und frage die Leute, wovon sie leben. Die Leute von
212 4643 1128 4685 Westfront Street wissen es manchmal selber nicht.
213 4680 1128 4716 Viele von ihnen sind "on relief", beziehen Unter¬
217 4710 1128 4762 stützung, viele suchen Arbeit, viele hungern. Sie schei¬
217 4747 1128 4791 nen nicht zu wissen, daß es oben, zehn Minuten ent¬
217 4782 1128 4821 fernt, Autostraßen, Delikateßgeschäfte, und die moder¬
217 4817 1128 4853 nen, gescheit arrangierten, Zukunft lehrenden Schau¬
217 4850 1105 4891 fenster von "TVA" gibt. Zwischen ihren elenden Be¬
211 4884 1128 4925 hausungen, in einer geräumigen Garage, stehen sechs
210 4925 1127 4963 große, schwarz lackierte, spiegelglatte Automobile.
211 4951 1129 4997 Wenn die Motore anspringen und die Wagen in die
216 4990 1128 5033 Straße einbiegen, erkennt man, daß es Leichenwagen
217 5017 1128 5063 sind. Das ist der einzige Glanz in Westfront Street.
262 5054 1128 5098 – Als ich am Abend die steile Straße hinuntergehe,
213 5087 1110 5132 tritt ein Polizist aus dem Schatten unter der Brücke,
217 5125 1129 5164 und fragt mich, ob er mich "nach Hause begleiten
216 5158 1128 5206 kann". Und er geht hinter mir her, bis ich den
217 5189 1128 5230 Bereich der Lichtreklamen und erleuchteten Straßen
207 5219 1128 5275 erreicht habe. Ich beuge mich noch einmal über das
213 5258 1128 5301 Brückengeländer. "Westfront Street" ist verhüllt von
217 5298 1128 5340 Dunkelheit und Flußnebel. Die "Vision des besseren
219 5329 1128 5382 Lebens" schimmert darüber wie die schwindende
221 5362 435 5418 Mondsichel ...\:p\
