4279 7121
530 4592 994 4671 Baltisches Tagebuch
518 4661 1008 4727 Von \g\Annemarie Clark\:g\
469 4718 1050 4789 \g\Jenseits des Korridors\:g\
357 4775 1198 4826 \p\Auf einem mächtigen Findlingsblock an der Weg¬
309 4806 1227 4853 seite erhebt sich ein schlicht gefügtes Kreuz. Es fällt
313 4853 1228 4888 nicht auf in diesem katholischen Landstrich, wo in den
309 4884 1227 4920 Dörfern und vor den einsamen Höfen in Nischen
303 4921 1227 4966 blumengeschmückte Heiligenbilder stehen, und wo ich
307 4955 1228 4988 am Pfingstfeiertag die Bauern aus den Toren der
313 4989 1228 5024 mächtigen Backsteinkirchen strömen sah. Aber der Mann,
309 5020 1227 5072 der in grüner Joppe und Schlapphut neben mir auf
309 5056 1227 5092 dem schmalen Bock unseres Gefährts sitzt, zieht die
303 5091 1227 5127 Zügel an, bringt die beiden Füchse zum Stehen und
306 5124 1217 5171 weist mit dem Peitschenstiel zu dem dunklen Kreuz
309 5158 1208 5199 empor. — „Das haben die SA.-Buben kürzlich auch
303 5194 1227 5239 umgestürzt, und ein Hakenkreuz auf den Block gemalt.
309 5224 1227 5272 Aber die Bauern haben in der nächsten Nacht das
302 5257 1227 5303 Kreuz wieder aufgerichtet, und es mit eisernen Klam¬
297 5298 1227 5342 mern befestigt, wie sie es jetzt auch in den Dorfkirchen
309 5330 1227 5371 tun. Und die rote Oelfarbe haben sie auch weggekriegt,
307 5369 1228 5409 mit Terpentin ...“ — „Ist die Bevölkerung hier so
309 5394 1227 5441 fromm?“ — Mein Begleiter hebt die Schultern.
307 5434 1227 5478 „Früher hat man ja darüber nicht nachgedacht“, sagt
309 5471 1227 5501 er, — „es war eben selbstverständlich, daß man Sonn¬
307 5501 1229 5542 tags zur Messe ging. Aber seitdem in jeder Zeitung
300 5528 1198 5584 wieder irgendein Sittlichkeitsprozeß gegen einen katho¬
307 5567 1228 5607 lischen Priester gemeldet wird, und seitdem ein Mäd¬
309 5605 1227 5634 chen, das einen SS.-Mann heiratet, nicht mehr kirch¬
301 5635 1228 5675 lich getraut werden darf und ihren Sohn nicht mehr
306 5666 1228 5720 christlich taufen soll, — seither werden die Leute Ver¬
309 5707 1228 5752 teidiger ihres Glaubens, ihrer Kirchen, ihrer Heiligen¬
306 5738 1228 5790 bilder und Wegkreuze, — genau wie sie in Kriegs¬
307 5774 1196 5815 zeiten ihre Felder gegen die Russen oder Polen ver¬
296 5806 1227 5847 teidigt haben.“ — Die Pferde fallen in Trab, wir
307 5842 1213 5881 fahren eine Weile schweigend durch die abendlichen
308 5877 1227 5923 Wiesen, die sich auf beiden Seiten des Landwegs bis
313 5908 1228 5954 zu einem weiten und klaren Horizont ausbreiten.
307 5946 1229 5981 Dann biegen wir in eine Kastanienallee ein, vorbei an
307 5981 1228 6015 zwei Reihen niedriger Häuser, und halten vor dem
315 6014 1227 6045 Portal eines jener schönen, gelb oder rosa getünchten
303 6043 1227 6079 Herrenhäuser, die mit ihren Barockgiebeln und maß¬
307 6078 1228 6130 voll ornamentierten Fenstern einen angenehmen Kon¬
1242 4577 2160 4628 trast zu den strengeren preußischen Schlössern jenseits
1241 4612 2160 4654 der alten Polengrenze bilden. Das Dorf gehört zum
1241 4652 2160 4691 Gut, — und während mein Begleiter, — er ist Land¬
1247 4682 2142 4724 arzt, — seinen Besuch im Schloß macht, führt mich der
1243 4716 2136 4758 junge Inspektor durch den großen Komplex der Wirt¬
1247 4752 2138 4790 schaftsgebäude, der riesigen Ställe und Scheunen, und
1243 4788 2160 4827 zu den Weiden, wo neben friedlichen Schafherden und
1222 4816 2160 4866 schwarz-weißem Vieh in gesonderten Koppeln etwa
1223 4848 2160 4896 fünfzig ein- und zweijährige Fohlen grasen. Es ist ein
1223 4892 2160 4942 schöner Anblick, und der Inspektor zeigt mir mit
1223 4924 2160 4960 Stolz einzelne Pferde, die, selbst gezogen, wie er
1222 4953 2160 5004 sagt, „in Trakehnen[gemeint ist wohl weniger der Ort als das in der Nähe befindliche preussische Hauptgestütt] wohl ihre drei- oder viertausend
1223 4994 2160 5037 Mark wert wären.“ — Auf dem Hof herrscht Sonn¬
1222 5028 2138 5071 tagsruhe, das Dorf ist beinahe ausgestorben. Der
1222 5050 2138 5104 junge Mann erklärt es: „Sie mußten alle hinüber in
1223 5094 2160 5137 das Kreisstädtchen, — dort gibt es heute „Kraft durch
1249 5124 2160 5176 Freude“. Und da müssen sich nun also unsere Arbeiter
1223 5150 2160 5205 Künstler aus Königsberg anhören, ob sie Lust haben
1223 5196 2160 5238 oder nicht. Und nächstens soll hier ein Klub für Lei¬
1223 5225 2161 5277 besübungen gegründet werden, damit die Bauern
1223 5264 2160 5311 abends, wenn sie von den Feldern und aus dem Stall
1223 5290 2160 5349 kommen, gesunden Wehrsport treiben! — Sie können
1223 5333 2160 5377 sich die Sache ja ansehen, wenn Sie mit dem Doktor
1223 5366 2160 5405 ins Städtchen zurückfahren!“ — Der Doktor aber, den
1223 5401 2161 5444 ich über „Kraft durch Freude“ auf dem Heimweg be¬
1223 5423 2161 5479 frage, nickt trübe: „Es kann ja auch sein“, sagt er,
1223 5468 2160 5506 „daß ich zu alt bin. Vieles, was von der Partei ge¬
1222 5495 2124 5548 macht wird, ist vielleicht gar nicht so schlecht. Der Ar¬
1241 5532 2160 5577 beitsdienst zum Beispiel, — und wohl auch dieses
1223 5573 2124 5620 „Kraft durch Freude“, und manches andere. Aber sehen
1222 5607 2121 5654 Sie sich die Leute an, die Uniform tragen und Partei¬
1223 5641 2161 5686 ämter bekleiden! Da sitzt der Kern des Uebels. Daß
1223 5675 2160 5714 viele von ihnen jung sind, dagegen würde ich noch
1223 5698 2160 5750 nichts einwenden. Revolutionäre Bewegungen werden
1223 5746 2160 5785 immer von der Jugend geführt. Aber sie sind Dilet¬
1237 5772 2160 5824 tanten, sie blamieren sich ja unaufhörlich, und dafür
1223 5812 1891 5861 rächen sie sich dann an den Tüchtigen.“\:p\
1283 5839 2160 5894 \p\„Dieser Inspektor“, frage ich, „war doch ein ganz
1223 5866 2160 5935 junger Mann. Warum ist der so kritisch, warum ist er
1223 5917 2160 5962 nicht mit dabei?“ — Erstaunt sieht der Doktor mich
1223 5957 2160 6002 an. „Sie irren sich“, sagt er dann, — „dieser junge
1222 5987 2160 6040 Mann ist SA.-Führer. Früher mußte man sich sogar
1222 6021 2161 6071 vor ihm in Acht nehmen. Jetzt hat er allerdings ein
1223 6045 2160 6095 paar Erfahrungen hinter sich. Sie haben ihn vorüber¬
1223 6088 2160 6142 gehend aus der Partei gestoßen, weil er einen Arbeiter
2156 4579 3097 4641 anzeigte, der Holz gestohlen hat. Dieser Arbeiter war
2156 4624 3097 4665 SA.-Unterführer, daher war die Anzeige des Inspek¬
2156 4651 2791 4718 tors „parteiwidriges Verhalten ..."\:p\
2213 4699 3097 4747 \p\Im Städtchen, das mit seinem Schloß des Deut¬
2174 4732 3097 4772 schen Ordens, den ragenden roten Türmen seiner
2177 4770 3098 4803 Ordenskirche, den grünen Wällen jenseits des kleinen
2156 4805 3097 4843 Flusses, einen fast ehrwürdig-gesicherten Eindruck
2156 4841 3078 4879 macht, in diesem Städtchen herrscht heute also „Kraft
2156 4868 3097 4915 durch Freude“. Und zum ersten Mal, seitdem ich Dan¬
2156 4902 3097 4949 zig verlassen habe, sehe ich wieder Hakenkreuzfahnen,
2156 4944 3097 4981 weiße Transparente mit Aufrufen und Wahlsprüchen,
2156 4978 3097 5029 Aufzüge unformierter Kinder, das typische Getriebe
2156 4998 2984 5055 der SA.-Männer in den kleinen Kaffeehäusern.\:p\
2220 5049 3071 5105 \p\Hier, im katholischen Ermland, hat die NSDAP. [der Punkt nach NSDAP scheint kein Fehler sondern damals üblich, siehe auch 'Studenten in vier Ländern', smf_226]
2155 5095 3097 5143 keinen günstigen Boden. Die Grenze der katholischen
2156 5127 3074 5178 Konfession verläuft genau entsprechend der alten
2156 5159 3097 5201 Grenze Polens, — denn dieses Gebiet war, seit der
2156 5196 3098 5251 Eroberung und Kolonisation durch den Deutschen
2156 5231 3097 5271 Orden, d. h. also seit dem 13. Jahrhundert als be¬
2156 5269 3073 5311 sonderer Besitz der Kurie vorbehalten, es blieb katho¬
2156 5297 3097 5340 lisch, und gehörte bis zur zweiten polnischen Teilung
2156 5337 3097 5379 1792 zu Polen. Aber auch jenseits dieser Grenze, in
2156 5373 3097 5421 der ganzen ostpreußischen Provinz herrscht eine Atmo¬
2156 5409 3097 5460 sphäre stoischer Ruhe, friedfertigen Fleißes, lang¬
2156 5439 3097 5484 mütiger Geduld gegenüber den heutigen Schwierig¬
2156 5468 3097 5511 keiten und Zuständen, die sich angenehm von der poli¬
2171 5504 3096 5557 tischen Hochspannung Danzigs und von dem Bild
2156 5544 3097 5589 unterscheidet, das man sich, dank der völkischen Propa¬
2175 5580 3097 5612 ganda, vom bedrohten Grenzdeutschtum macht. Die
2175 5609 3097 5654 Bevölkerung Ostpreußens hat sich im Verlauf einer
2156 5646 3097 5680 wechselvollen, an kriegerischen Einfällen, Besetzungen,
2156 5678 3097 5735 und politischen Veränderungen reichen Geschichte ge¬
2156 5719 3097 5766 festigt und gegen alle Zufälle abgehärtet. Die Ent¬
2156 5752 3097 5793 fernung vom Reich, sogar die Schaffung des sonst so
2156 5790 3097 5844 problematischen, für dieses Land gewiß schwer zu er¬
2175 5828 3068 5862 tragenden „Polnischen Korridors“, mag dazu bei¬
2156 5854 3071 5898 getragen haben, die Ereignisse ihrer aktuellen Schärfe
2156 5897 3097 5933 zu entkleiden, die Gemüter zu beruhigen, und die
2155 5933 3097 5976 Jahrhunderte alte Stellung Ostpreußens als Vor¬
2156 5960 3098 6007 posten des deutschen Reiches, als „Wacht im Osten“,
2156 6002 3097 6031 hat seine Bewohner zu tapfern Soldaten, aber auch
2156 6028 3097 6069 zu Fatalisten mit guten Nerven erzogen. Das gilt für
2155 6082 3097 6115 „Herren“ und „Bauern“, — wie ja auch in der Land¬
2156 6097 3097 6152 verteilung und Bewirtschaftung ein günstiges Gleich¬
3093 4595 4017 4640 gewicht zwischen großen Gütern und bäuerlichem
3094 4619 4011 4669 Eigenbesitz herrscht, und das gemeinsame Schicksal alle,
3095 4665 4014 4715 wie früher gegen Russen und Franzosen, heute zur
3094 4700 4023 4741 gemeinsamen Abwehr ganz anderer Schwierigkeiten
3094 4739 3963 4776 und Gefahren vereinigt. Das Land ist nicht reich, –
3094 4773 4015 4814 man könnte sich angesichts der wohlbestellten Felder,
3094 4806 4016 4869 der schönen Vieh- und Pferdeherden, darüber täuschen.\:p\
3154 4842 4011 4890 \p\„Acht Monate Winter, vier Monate keinen Som¬
3094 4876 4006 4913 mer — und das nennt die Canaille Vaterland,“ —
3094 4906 4015 4951 so äußerte sich Napoleon, als er zum erstenmal in Ost¬
3094 4946 4018 5000 preußen einfiel. Und dieses Land hatte damals schon
3094 4978 4015 5027 ein Jahrhundert schwerster Heimsuchungen hinter sich,
3106 5017 4009 5058 von der großen Pest im Jahre 1709 bis zum sieben
3109 5045 4020 5094 jährigen Krieg, als die Russen Ostpreußen vier Jahre
3094 5087 3688 5136 lang, 1758 bis 1762, besetzt hielten.\:p\
3153 5128 4011 5178 \p\Nach der Verheerung durch die Pest ließ übrigens
3094 5165 4011 5201 Friedrich Wilhelm I. die Provinz von etwa 30,000
3094 5203 4011 5242 Kolonisten aus der Schweiz und dem Salzburgerland
3093 5225 4015 5286 neu besiedeln, und die Namen der protestantischen
3111 5266 4011 5312 Salzburger, der Kirchlechner, Kreuzthaler, Gschwandter
3094 5306 4015 5350 Lottermoser und Schweighöfer, findet man noch in
3094 5342 4013 5385 den nördlichen Teilen der Provinz. — 1807 aber mußte
3094 5372 4015 5423 das von Aushebungen, langen Winterquartieren, Ab¬
3094 5413 4015 5456 gaben von Vieh, Pferden und Troßknechten aus¬
3094 5444 4011 5487 gesogene Land acht Millionen Franken Kontribution
3093 5486 4015 5526 in Gold entrichten, — um dann nach der Katastrophe
3094 5517 4015 5554 an der Beresina abermals von den zurückflutenden
3094 5545 4014 5591 Truppen Napoleons heimgesucht und gebrandschatzt
3094 5586 4015 5625 zu werden! 100 Jahre später, 1914, haben bekannt¬
3094 5618 4011 5664 lich die Russen zu Beginn des Weltkrieges in Ost¬
3094 5656 4016 5703 preußen übel gehaust, und der Ruf: „Die Russen
3094 5688 4013 5728 kommen!" ist wirklich schon geschichtsnotorisch ge¬
3094 5720 4017 5761 worden. Dann wurde Ostpreußen vom Reich ab¬
3093 5756 4015 5802 geschnitten, — nachdem es durch die Abtrennung des
3094 5795 4017 5833 Memelgebietes und wirtschaftlich wertvoller Teile im
3109 5822 3764 5867 Südwesten schon arg verstümmelt war.\:p\
3148 5859 4015 5909 \p\Unter solchen Erschwerungen, in so exponierter
3094 5906 4018 5948 Lage, führen die Bauern Ostpreußens ihr abseitiges
3093 5943 4015 5987 und arbeitsames Leben. Revolutionen passen nicht
3093 5962 4011 6020 hierher, — man besinnt sich zu schnell wieder auf die
3094 6010 4017 6047 eigene außenpolitische Situation, hat sein Gleich¬
3094 6047 4016 6083 gewicht und den innern Frieden zu nötig. Man ist
3094 6077 4008 6128 konservativ, — und aus guten und ernsten Gründen.
3093 6110 4017 6156 Wessen Besitz und Leben so oft bedroht und so hart\fml\\:p\
196 4470 1104 4513 \p\\fml\erkämpft ist, der weiß Bestehendes zu schätzen und zu
198 4510 1107 4552 achten, — nichts kann diesem Volk fremder sein als
204 4543 1107 4583 die oberflächliche und dilettantische Neuerungssucht,
198 4578 1104 4618 die beständige Einmischung und Reglementierung, die
198 4609 1108 4663 durch die Parteiorgane der Nationalsozialisten auch
198 4645 1131 4694 hier natürlich ihren Einzug gehalten hat. Die Ab¬
204 4682 1132 4722 wehr ist gelassen, so als wisse man, auch dieser
196 4715 1131 4756 Sturm werde vorübergehen, die alten Bedingungen
198 4752 1131 4798 und Gebundenheiten des deutschen Grenzlandes aber
198 4786 1131 4825 würden bleiben. Was über den Wert und die Er¬
196 4821 1131 4860 neuerung des Blutes und der Rasse gelehrt wird,
198 4854 1131 4897 kann keinen Eindruck machen in einem Lande, das
198 4892 1131 4937 sich eine sehr eigene kulturelle Tradition, eine sehr
204 4927 1131 4964 echte Verbundenheit mit dem heimatlichen Boden,
196 4961 1131 4992 und eine unerschütterliche, durch Jahrhunderte ge¬
204 4990 1130 5049 festigte Schicksalsgemeinschaft des ganzen Volkes ge¬
196 5029 399 5084 schaffen hat.\:p\
250 5067 1131 5125 \p\Dieses Land ist schön, — ich habe meine Auf¬
204 5109 1092 5157 fassung von den dürftigen Kartoffeläckern und Sümp¬
198 5136 1131 5199 fen des fernen Ostpreußens revidiert und aufgegeben,
196 5180 1131 5229 als ich diese Hügel und Buchenwälder, diese frischen
198 5215 1099 5260 Weiden und klaren Bäche unter einem lachenden Him¬
196 5250 1087 5297 mel zum erstenmal erblickte. Nichts ist hier „Luxus",
202 5291 1131 5327 — vor allem nicht der Pferdesport, der sonst heute
198 5317 1095 5362 eine Liebhaberei für einen vermögenden Kreis ge¬
196 5359 1131 5397 worden ist. Hier braucht man Pferde, — selbst der
196 5392 1100 5436 fähigste Fordwagen würde nach einem Gewitter auf
196 5421 1131 5472 den tiefen Sandwegen versagen. Und man muß rei¬
198 5464 1104 5499 ten können, um über die ausgedehnten Koppeln und
196 5487 1131 5535 Wälder zu den einsamen Vorwerken zu gelangen, wo
202 5529 1104 5569 Schafe geschoren oder Kälber verkauft werden. Man
198 5560 1131 5604 lebt, auf großen und kleinen Gütern, ausschließlich
196 5599 1132 5645 von eigener Produktion, und kauft kaum etwas außer
196 5638 1131 5678 Kaffee, Tabak und Zucker. Aber dafür kennt man
202 5675 1099 5709 noch keine neudeutschen Probleme wie Eiermangel
196 5706 1131 5744 und Butterknappheit, und die Berliner Pfingstgäste
196 5740 1131 5783 glaubten sich in das Schlaraffenland des Ueberflusses
195 5775 1104 5821 und in das Paradies des Friedens versetzt ... Mir
196 5806 1130 5856 aber fiel es schwer, mir klar darüber zu bleiben, daß
198 5849 1131 5885 ich nur eine Nachtfahrt von Berlin, und nur ein paar
203 5876 1131 5926 Stunden von Danzig entfernt sei, — ja, daß jener
204 5911 1131 5954 Albdruck politischer Hochspannung kein leerer Spuk
198 5951 1116 5988 und noch lange nicht überwunden sei. Jedoch bleibt
196 5983 1131 6031 der Trost, daß etwas vom besten Deutschtum mir hier
198 6019 1131 6059 begegnet ist, dessen Gültigkeit die Unbill schwerer Zei¬
198 6053 1131 6104 ten überdauert hat und sich auch heute daran festigen
198 6085 925 6137 und sie ruhigen Gemütes überstehen wird.\:p\
