3899 5669
266 686 810 767 Die Wiederentdeckung
418 755 669 818 Amerikas
272 812 812 862 Von Dr. Annemarie Clark-Schwarzenbach
436 865 651 928 V. Der Strom
209 916 934 967 \p\Zwei künstlerische Ereignisse, zehn Jahre ausein¬
168 963 908 1009 anderliegend, erläutern mit beinahe symbolischer
171 999 908 1040 Deutlichkeit den \g\psychologischen Wandel\:g\, der
168 1034 908 1074 sich in dieser Zeitspanne in der \g\amerikanischen
165 1071 911 1110 Nation\:g\ vollzogen hat. Im Winter von 1928 auf
171 1104 908 1144 1929 fand am New Yorker Broadway die Première
162 1132 906 1178 einer Revue statt, die den Namen "Showboat", zu
165 1165 911 1210 deutsch "Theaterschiff", trug, und die mit ihrem un¬
165 1200 911 1243 geheuren Aufwand an Kulissen und Kostümen und
162 1235 914 1271 allerlei szenischen Ueberraschungen zum größten Er¬
165 1267 934 1309 folg der Saison wurde. Noch jahrelang gehörten die
162 1307 917 1336 Schlager des "Showboat" zum populären Repertoire
165 1332 934 1371 der Jazzbands in Amerika und Europa. Der Held
165 1365 934 1408 dieser Revue war der \g\Mississippi\:g\, der legenden¬
162 1408 934 1446 umwobene Riesenstrom des amerikanischen Kontinents,
165 1434 934 1475 ein unpersönlicher Held also, kein stimmgewaltiger
165 1473 934 1512 Tenor, kein blondlockiger Star aus Hollywood, son¬
162 1503 934 1547 dern ein Fluß, zu welchem die Amerikaner allerdings
165 1537 934 1573 ein besonderes Verhältnis haben. Sie nennen diese
165 1573 934 1610 Lebensader ihres Landes den "Old man river", und
162 1603 934 1644 so heißt auch der beliebteste, bis heute unvergessene
165 1632 905 1679 Schlager aus jener Revue, dessen Melodie übrigens
162 1680 935 1714 aus einem alten amerikanischen Volkslied übernom¬
165 1705 332 1747 men wurde.\:p\
200 1744 905 1784 \p\Fast ein Jahrzehnt später wurde der "Old man
165 1787 934 1820 river" zum Stoff und Mittelpunkt eines dokumentari¬
168 1813 905 1853 schen Films: Im Dezember 1937 wurde zuerst in der
165 1846 934 1886 südlichen Hafenstadt New Orleans, kurz darauf in
162 1885 908 1917 Washington der im Auftrag der amerikanischen Re¬
165 1912 899 1952 gierung gedrehte Film "The River" – "Der Strom"
180 1956 902 1984 – vorgeführt, der dann durch die Kinos der ganzen
168 1974 908 2021 Vereinigten Staaten ging und überall eine tiefe
165 2016 934 2057 Wirkung ausübte. – Revue und Film waren zwei
162 2055 934 2089 große populäre Erfolge. Beide Male war der Strom
162 2081 902 2117 das Symbol und Lebenselement der großen Heimat.
165 2119 915 2155 Aber welche Umwälzung hat sich in diesen knappen
165 2150 905 2187 zehn Jahren vollzogen, wie ganz anders und verwan¬
165 2182 909 2221 delt stehen heute die Amerikaner ihrem Lande gegen¬
159 2218 908 2260 über, wie verändert, von realistischem Ernst erfüllt ist
162 2253 909 2289 ihre Liebe, wie sie im Film "The River" zum Aus¬
164 2284 914 2326 druck kommt, gegenüber dem heiteren, oberflächlichen
165 2319 905 2357 und sentimentalen Gefühl, wie es aus Bildern und
171 2354 909 2396 Schlagern des "Showboat" gesprochen hatte! Denn
165 2383 934 2424 zwischen "Showboat" und "River" lagen die Jahre
162 2424 908 2453 der großen Krise, der tiefsten und folgenschwersten
165 2450 914 2499 Erschütterung, die Amerika gekannt und durchgemacht
171 2480 229 2511 hat.\:p\
203 2516 902 2561 \p\Es hat, im Verlauf von drei Jahrhunderten, ver¬
162 2555 906 2595 schiedene Perioden des amerikanischen Patriotismus
165 2588 914 2629 gegeben. Freiheitskrieg und Unabhängigkeitserklärung,
165 2623 905 2661 Monroe-Doktrin und Bürgerkrieg bezeichnen die Etap¬
165 2658 909 2693 pen des großen Aufschwungs vom englischen Kolonial¬
165 2690 911 2730 gebiet zur selbständigen Nation, vom gesetzlosen Land
171 2727 905 2770 der Pioniere, Abenteuer und dem bunten Gemisch der
168 2757 905 2800 einwandernden Siedler bis zur reifen, selbstverant¬
171 2794 935 2829 wortlichen Demokratie. Aber immer war die beden¬
171 2820 905 2858 kenlose Ansicht der ersten Eroberer lebendig geblieben,
168 2855 905 2893 daß hier ein unendlich großes und reiches Land der
171 2889 908 2926 Erschließung offen stehe, daß man hier Land erwer¬
174 2925 905 2964 ben, Schätze ausbeuten dürfe, ohne einer Regierung
168 2966 934 2998 oder der Mehrheit der Nation irgendeine Rechenschaft
171 2989 911 3032 schuldig zu sein. Nie war es zu richtiger Seßhaftigkeit
171 3025 911 3064 und zu lebendigem Verantwortungsgefühl gekommen.
168 3057 912 3091 Die amerikanische Nation blieb jung; das war ihre
168 3090 902 3128 Stärke und auch ihre Gefahr. Sie erlernte gründlich
171 3128 909 3171 die Spekulation ins Unbegrenzte und Gigantische; sie
171 3158 905 3194 eignete sich rascher als andere Völker die Mittel der
168 3192 905 3233 Technik an; aber weniger als diese wußte sie, die Er¬
168 3223 902 3262 rungenschaft in ein Verhältnis zur Kultur zu brin¬
171 3262 906 3300 gen, die sie nicht ihr eigen nannte, sondern nur als
170 3292 911 3334 geliehenes und zufälliges Gut übernahm von allen
168 3328 908 3366 Ländern und Völkern des Erdballs. Man war reich,
174 3364 911 3395 unstet, und man wanderte von Osten nach Westen, von
174 3395 911 3434 Errungenschaft zu Errungenschaft. Das Ererbte galt
171 3429 905 3464 wenig, das mit starker Faust Erworbene wog mehr;
168 3459 905 3500 doch man gab es leicht wieder preis, wenn Holz im
168 3496 914 3546 Norden, Land im Westen, Gold in Kalifornien lockten.\:p\
203 3541 908 3577 \p\Nach dem Krieg erlebte Amerika seine letzte und
171 3575 908 3619 gefährlichste Welle eines phantastischen wirtschaftlichen
168 3612 902 3650 Aufschwungs. Europa war der Schuldner, Amerika der
168 3643 905 3680 reiche Gläubiger. Der Weltkrieg war eine Enttäu¬
174 3677 911 3715 schung gewesen; man besann sich auf die eigene Hei¬
168 3707 902 3747 mat, und eine neue Form amerikanischen Patriotis¬
168 3742 914 3780 mus' erwachte. Nun begann man, von amerikanischer
174 3784 906 3821 Kultur zu reden und sich auf seine Herkunft zu besin¬
173 3813 933 3854 nen: hatte man nicht einen puritanischen Ahnen, der
168 3847 905 3886 mit der "Mayflower", dem ersten Schiff, das Eng¬
168 3882 906 3918 länder nach Amerika gebracht hatte, in Boston gelan¬
168 3912 915 3956 det und sich später oben im nördlichen Staate Maine
174 3946 909 3987 eine Farm erworben hatte? Im alten, stilvollen Land¬
177 3981 914 4018 haus wohnte jetzt ein finnischer Pächter; man hatte
177 4013 906 4051 sich lange nicht um das Gut gekümmert, weil man in
168 4050 905 4084 New York mit Geldverdienen beschäftigt gewesen war
171 4081 911 4123 und die Freien um der "Bildung" willen in Europa
168 4116 914 4153 verbracht hatte. Jetzt besann man sich; man fuhr im
180 4150 914 4183 Auto nach Maine, ging gerührt durch die verfallenen
168 4182 905 4220 Räume des Farmhauses, welches der Großvater noch
174 4215 920 4258 zur Zeit des Bürgerkriegs bewohnt hatte. Man ließ
168 4245 914 4287 die ein wenig steifen, ein wenig flach gemalten Ahnen¬
168 4282 920 4318 bilder restaurieren; man entdeckte entzückt, daß es, im
168 4311 934 4358 verstaubten Salon, eine kunstvolle Musikdose aus Genf
180 4348 909 4387 gab. Noch größer waren die Ueberraschungen in den
177 4386 921 4426 Südstaaten: dort, wo sich auf feudalen Plantagen
180 4420 920 4451 eine eigene, ländlich-aristokratische Kultur gebildet
177 4451 914 4490 hatte, die dann in den Stürmen des Bürgerkriegs und
177 4479 934 4518 in den Wirbeln der Industrialisierung des siegreichen
177 4516 909 4566 Nordens vergessen und vernachlässigt wurde. Dort, wo
180 4549 920 4586 die alten Vermögen verloren, die Plantagen in die
183 4585 905 4620 Hände von Landbanken und Versicherungsgesellschaf¬
174 4619 908 4657 ten übergegangen waren, entdeckte man jetzt diese Kul¬
174 4653 899 4702 tur wieder: "Antibellum", "Vorkriegs-Kultur",
174 4685 911 4723 nannte man sie. Die Herrenhäuser aus rotem Back¬
180 4717 909 4758 stein mit weißen Säulen und luftigen Veranden ge¬
183 4752 914 4789 hörten dazu, die kunstvollen Schmiedarbeiten aus
183 4781 917 4822 Gußeisen an Toren und Gittern, die einfachen Empire-
180 4817 909 4860 Möbel, die nobeln Kirchen und die fast tropisch-üppi¬
183 4855 917 4897 gen, teils französisch-stilvollen, teiles englisch-parkähn¬
183 4885 934 4929 lichen Gärten der großen Plantagen. In den kleinen
186 4915 917 4960 Städten, einst wichtigen und regen Häfen für Zucker
946 643 1728 696 und Baumwolle, Tabak und Sklaven, war es jetzt still
950 678 1729 740 geworden: Die Kontore zerfielen; in den vornehmen
956 722 1728 765 Stadthäusern der Plantagenbesitzer hausten dutzend¬
950 757 1694 791 weise proletarische Negerfamilien. Auf den Plantagen
953 789 1702 829 selbst herrschte noch der alte Betrieb, nur waren an
946 825 1690 865 Stelle der Sklaven schwarze und weiße Pächter oder
953 853 1699 898 Taglöhner getreten, die, von reitenden Aufsehern
950 892 1699 929 angetrieben, die Baumwollblüten pflückten, und ein
946 922 1697 965 Leben in Unfreiheit und bitterer Armut führten, wel¬
946 956 1696 999 ches sich kaum von dem der ehemaligen Sklaven unter¬
956 989 1040 1039 schied.\:p\
989 1011 1696 1072 \p\Was für eine bunte, unbekan[sic]te, exotische Welt!
947 1069 1696 1113 1852 hatte die Dichterin Harriet Beecher Stowe ihr
950 1103 1697 1143 Buch "Onkel Toms’ Hütte" herausgegeben, das da¬
947 1139 1693 1175 mals, kaum zehn Jahre vor Ausbruch des "Sklaven¬
953 1170 1697 1213 befreiungskriegs", im Norden eine große sklaverei¬
950 1205 1729 1241 feindliche Wirkung ausübte. Jetzt wurden die gleichen
953 1237 1728 1274 Stoffe wiederentdeckt, und ein geschickter Theatermann
946 1268 1693 1311 benützte sie und brachte in New York die Revue
952 1304 1687 1343 "Showboat" heraus. Die Neger der Plantagen traten
946 1335 1690 1377 auf und sangen ihre traurigen und fremdartigen Lie¬
946 1369 1690 1408 der; die feinen Damen und Herren, Besitzer der Plan¬
946 1407 1690 1442 tagen und der Negerhorden, besuchten die Vorstellung
946 1438 1693 1474 auf dem "Theaterschiff" welches in den kleinen Hä¬
946 1470 1690 1514 fen am Ufer des Mississippi anlegte. Die Amerikaner
946 1505 1693 1544 entdeckten, daß sie die Bühne Europas nicht brauchten,
946 1537 1693 1584 es nicht nötig hatten, europäische Stoffe, europäische
946 1572 1696 1607 Musik, europäische Kostüme zu entlehnen. Hier war
946 1599 1693 1649 Amerika, der große Schauplatz der Heimat, die eigene
945 1641 1696 1679 Kunst, die eigenen Melodien, die eigene Vergangen¬
946 1674 1693 1712 heit, und das "Showboat" wurde der große Erfolg
945 1709 1693 1749 des neu erwachten amerikanischen Patriotismus'. Es
953 1743 1693 1778 war ein sentimentaler Patriotismus, der die Ge¬
946 1773 1690 1814 schichte des Mississippi wie ein buntes Märchen dar¬
946 1808 1696 1845 stellte und selbst noch die Zustände des dahinsiechenden,
946 1843 1693 1881 verfallenden Plantagensystems und die Not der Neger¬
955 1878 1696 1926 bevölkerung der Südstaaten romantisch zu verklären
946 1908 1081 1952 m[sic]ußte ...\:p\
998 1942 1728 1998 \p\Aber damit hatte die "Wiederentdeckung Amerikas
946 1985 1696 2030 durch die Amerikaner" begonnen. Die Revue "Show¬
946 2025 1693 2061 boat" war ihr erstes Sympton[sic]; dann folgten die Ma¬
946 2054 1693 2101 ler und Bildhauer, die Schriftsteller und die Samm¬
956 2084 1728 2142 ler. Die Millionäre erwarben sich jetzt alte Häuser
956 2122 1690 2170 im Kolonialstil, sei es eines der strengen puritanischen
949 2158 1699 2199 Farmhäuser in den Neu-Englandstaaten im Norden
946 2204 1702 2232 oder eines der prächtigen, ländlich-heiteren Herren¬
946 2227 1693 2263 häuser im Süden. Sie kauften "Americana": alte ame¬
953 2256 1697 2305 rikanische Möbel, Bilder und Geräte. Sie unterstützten
952 2295 1693 2332 jetzt amerikanische Künstler, statt die Gemälde euro¬
956 2327 1702 2367 päischer Meister zu kaufen. "Porgy", die Geschichte
953 2365 1699 2400 eines Negerkrüppels, der in Charleston in einem ehe¬
946 2393 1700 2436 maligen Herrenhaus gelebt hat, verdankte als Buch
950 2427 1702 2462 und später als Bühnenstück ihren Erfolg dieser neuen
950 2460 1699 2500 "amerikanischen" Konjunktur. Auch der schier unglaub¬
950 2494 1709 2535 liche Erfolg des Romans "Vom Winde verweht" von
950 2532 1699 2567 Margaret Mitchell, der das Schicksal einer durch den
953 2561 1702 2599 Bürgerkrieg ruinierten aristokratischen Familie im
953 2596 1708 2638 Südstaate Georgia behandelt, läßt sich nur durch die
946 2631 1466 2675 neue patriotische Mode erklären.\:p\
995 2678 1690 2722 \p\Aber seit der Aufführung der "Showboat" ist die
947 2726 1696 2754 große Krise über Amerika hereingebrochen. Seit den
953 2751 1702 2790 Jahren 1932 und 1933 haben ganz andere, bitter ernste
946 2785 1700 2822 Gründe die Amerikaner gezwungen, sich auf ihr Land
950 2822 1694 2856 zu besinnen. Roosevelt trat das schwere Amt der Prä¬
950 2851 1694 2892 sidentschaft an, als es mit der Prosperität des "reich¬
950 2889 1702 2926 sten Landes der Erde" endgültig vorbei war. Wohl
950 2921 1699 2957 schien es seither, als sei die Krise überwunden; aber
946 2953 1693 2998 die neue Konjunktur, der Rückgang der Arbeitslosig¬
950 2984 1702 3025 keit vor allem, hielt nicht lange an. Als im Dezember
950 3022 1699 3061 1937 das Landwirtschaftsdepartement den dokumen¬
950 3052 1699 3093 tarischen Film "Der Strom" vorführte, gab es schon
955 3094 1702 3132 wieder zehn Millionen Arbeitslose; eine verhältnis¬
950 3121 1690 3159 mäßig gute Baumwollernte hatte einen neuen Preis¬
953 3156 1693 3198 sturz zur Folge, und es zeigte sich, daß die "Baumwoll-
950 3198 1699 3228 Prosperität" nicht wiederkehren würde. Damit aber
950 3221 1696 3264 war das Schicksal der eben noch romantisch verklärten
950 3260 1699 3299 Plantage, des feudalen agraren Großgrundbesitzes im
956 3290 1701 3334 Süden, besiegelt. Schon hatten Theaterstücke, wie etwa
950 3324 1728 3368 "Die Tabak-Straße" die wahren Zustände der Plan¬
950 3356 1696 3397 tage mit sozialem Verantwortungsgefühl und realisti¬
950 3391 1690 3431 schem Ernst geschildert. Man wußte jetzt in Amerika,
956 3424 1700 3463 wie es um Pächter und Taglöhner, den Proletarier
950 3456 1729 3501 der Plantagen, in Wirklichkeit bestellt sei. Roosevelt
953 3490 1728 3525 hatte eine große Aufklärungsarbeit geleistet. Im Sü¬
950 3524 1729 3569 den, so wußte man jetzt, war das Land durch Raubbau
950 3558 1694 3599 und Sandstürme zerstört, war die Bevölkerung durch
950 3596 1699 3634 heillose Ausbeutung, schlechte Ernährung und fehlende
950 3626 1699 3668 Bildung dem Verderben preisgegeben. Da erschien auf
950 3659 1696 3697 der Leinwand die dramatische Geschichte des Flusses,
950 3694 1699 3731 des "Old man river", des Mississippi. Unerhört span¬
949 3731 1696 3770 nend rollte sich jetzt, Phase um Phase, mit nie dage¬
950 3763 1710 3808 wesener Realistik und Aufrichtigkeit die Geschichte der
946 3791 1708 3833 leichtfertigen Verschwendung, Ausbeutung und Zer¬
956 3827 1702 3870 störung ab, deren Folgen heute das amerikanische
962 3861 1706 3903 Farmland bedrohen und die Ufer des Mississippi, des
962 3899 1706 3935 Missouri, Ohio und Tennessee Ueberschwemmungen
956 3930 1728 3974 gigantischen Ausmaßes preisgeben. Abholzung hat die
956 3966 1702 4001 Hügel ihres natürlichen Schutzes beraubt. Ungehemmt
956 3997 1708 4037 sammelt sich das Wasser und reißt den Boden auf,
950 4034 1709 4071 der von diesem Vorgang der Erosion wie von der Er¬
956 4063 1705 4108 schütterung eines großen Erdbebens heimgesucht wird.
959 4094 1708 4135 Die Dämme und Deiche, schon von Spaniern und
959 4132 1708 4175 Franzosen angelegt, nützen nichts mehr gegen die Ge¬
959 4161 1705 4207 walt der Fluten. Städte werden zerstört, Brücken ab¬
956 4196 1705 4240 gerissen, Felder überflutet. Und die Wogen des
956 4232 1657 4287 Stroms widerhallen vom Grollen einer Tragödie.\:p\
998 4278 1708 4328 \p\Kein Zuschauer, der diesen Film sah, konnte den
946 4328 1708 4355 ernsten Appell an das Gewissen überhören. Die Neger
959 4353 1705 4396 der ruinierten Baumwollfelder traten hier nicht als
956 4388 1702 4424 Schauspieler auf. Hungrig und vergrämt schleppten
956 4425 1700 4467 sie ihre Säcke durch die dürftigen Staudenreihen, um
950 4458 1703 4501 die Ernte einzusammeln, von deren Ertrag sie sich und
946 4488 1702 4528 ihre Kinder nicht mehr ernähren können. Neben ihnen
950 4525 1696 4569 arbeiten ihre Schicksalsgenossen, die man in den besse¬
956 4554 1703 4600 ren Kreisen in New York oder Washington so zynisch
959 4594 1708 4635 als "arme Weiße" oder "weißen Abschaum" bezeich¬
956 4632 1700 4660 net. Es geht ihnen nicht besser als den Schwarzen,
961 4656 1702 4702 sie sind das Opfer der gleichen Mentalität von Aus¬
958 4689 1705 4729 beutung und rücksichtsloser Gewinnsucht, von der die
959 4728 1630 4770 amerikanische Nation solange beherrscht war.\:p\
998 4781 1708 4822 \p\In Amerika beginnt man zu begreifen, daß dies
950 4811 1709 4857 die eigentliche amerikanische Tragödie ist; man be¬
956 4846 1708 4891 ginnt zu begreifen, daß diese Tragödie so lange dau¬
946 4878 1705 4919 ern wird, solange kein Weg gefunden wird. Die furcht¬
956 4910 1702 4961 baren Folgen der "Sünden der Väter" zu bekämpfen
1740 645 2499 686 und die Opfer dieser Folgen – den amerikanischen
1740 685 2475 730 Kulturboden und seine Bevölkerung – vor dem end¬
1740 718 2159 771 gültigen Untergang zu retten.\:p\
2072 764 2157 805 (Ende)
