4349 7220
670 4527 867 4606 Ukheidir
418 4569 1130 4639 Von Annemarie Schwarzenbach.
376 4625 1246 4676 \p\Wir waren am frühen Vormittag in der heiligen
321 4670 1246 4723 Stadt \g\Kerbala\:g\ — der Begräbnisstadt der Schiitten
321 4706 1218 4745 — eingetroffen und tranken im Hause des Mutasarrif
321 4741 1246 4792 Kaffee, die Gendarmen umstanden uns und berieten
319 4772 1221 4821 mit uns, ob es möglich sei, nach \g\Ukheidir\:g\ hinaus¬
316 4810 1246 4862 zufahren. Ukheidir ist ein Schloß, welches mitten in
319 4845 1246 4890 der Wüste liegt — und die Wüste ist um diese Jahres¬
316 4882 1246 4936 zeit eine unsichere Landstraße: ein Regenfall genügt,
316 4918 1218 4964 um den Sand in ein grundloses Element zu ver¬
321 4957 1218 4996 wandeln, und es ist dann nicht anders, als wenn man
316 4994 1246 5035 mit dem Wagen in einen Sumpf geraten wäre.
321 5028 1246 5071 Ukheidir ist etwa 40 Kilometer von Kerbela entfernt.
316 5063 1246 5108 Außerdem liegt es nicht an dem Karawanenweg, der
316 5094 1246 5143 von Kerbela zur Oase Shetâthe läuft, sondern abseits
312 5137 1247 5179 an einer wenig befahrenen Spur, und natürlich konnte
312 5167 1247 5212 niemand uns sagen, ob dieselbe augenblicklich trocken
316 5206 762 5260 und in gutem Zustand sei.\:p\
366 5219 1247 5293 \p\Der Mutasarrif war zu einer Kanal=Inspektion
312 5278 1221 5325 weggefahren. Wir sagte (sic!) seinen Leuten, daß wir zwi¬
316 5312 1246 5356 schen 3 Uhr und 5 Uhr zurück sein würden, und konn¬
312 5347 1218 5392 ten nun sicher sein, daß man uns, falls wir zur an¬
312 5379 1247 5431 gegebenen Zeit nicht einträfen, auf der Strecke nach
316 5425 1247 5465 Ukheidir suchen würde. Wir tankten an der Benzin¬
319 5455 1246 5499 pumpe Kerbelas, die am Rande der Stadt schon im
321 5488 1246 5532 Wüstensand steht, der Station der Zweigbahn Bagh¬
316 5520 1246 5564 dad—Kerbela benachbart. Denn Kerbela — mit dem
319 5563 1247 5618 fruchtbaren Hinterland von Hillah durch Gärten, Ka¬
319 5593 1246 5644 nalläufe und Dattelhaine verbunden, ist gegen Süden
319 5633 1221 5668 eine Dase welche ohne Uebergang an den Rand der
319 5666 1246 5711 Syrischen Wüste grenzt. Jenseits der Schienen la¬
316 5698 1246 5740 gerte eine Karawane, soeben hier eingetroffen, die
316 5747 1247 5782 Kamele trugen noch ihre Lasten, einige standen, ein
321 5773 1246 5816 Vorderbein gefesselt, und versuchten hilflos ein paar
321 5806 1246 5866 Schritte, bevor sie sich ergeben in die Knie nieder¬
319 5843 422 5892 ließen.\:p\
360 5871 1246 5923 \p\Wir folgten der Spur, welche zwischen unzähligen
312 5913 1247 5950 verstreuten Gräbern in die Wüste hinausläuft. Bald
312 5948 1247 5991 darauf kam uns auch ein Totentransport entgegen:
312 5985 1247 6021 ein offenes Auto, über dessen Türen die Leiche in
312 6019 1247 6070 einen Teppich gewickelt und auf ein schmales Brett
1254 4496 2178 4556 geschnallt, quer gelegt war und beiderseits beträchtlich
1260 4544 1466 4604 hinausragte.\:p\
1303 4570 2132 4629 \p\Das war, für diesmal, unsere letzte Begegnung.
1303 4613 2158 4653 Die Sonne hatte bereits ihren höchsten Stand er¬
1242 4649 2160 4691 reicht, obwohl der Himmel bedeckt war, blendete die
1242 4681 2178 4730 Wüste wie ein weißes Meer die Augen. Die Spur
1256 4718 2180 4765 war trocken und fest, aber das bleiche Licht machte es,
1242 4757 2178 4814 ähnlich wie manchmal auf Schneefeldern, unmöglich,
1260 4795 2178 4841 Senkungen des Bodens zu bemerken. Wir erreichten
1242 4829 2178 4865 nach einer halben Stunde den Kalksteinbruch, von
1242 4858 2178 4924 welchem vermutlich das Baumaterial von Ukheidir
1242 4898 1493 4951 geholt wurde.\:p\
1298 4913 2180 4982 \p\Unter uns lag der Salzsee, den die Araber Abu
1256 4968 2180 5011 Dibis nennen — der Seespiegel war bleifarbig und
1242 5004 2178 5046 regungslos aber die Ränder zeigten sanfte Färbungen
1242 5041 2178 5088 in blau und rötlich, und der ausgetrocknete Seegrund,
1242 5075 2178 5122 über welchen wir fuhren, war mit weißem Salz wie
1242 5103 2178 5143 mit Schnee bedeckt. Linkerhand lagen die einstigen
1242 5144 2178 5185 Uferberge — phantastisch zerklüftete Tafeln mit tiefen
1242 5177 2155 5214 Canons, sie schwebten wie Spiegelungen im gebroche¬
1254 5212 2178 5254 nen Licht des Horizonts, und es war unmöglich, unsere
1242 5249 2165 5295 Entfernung von ihnen auch nur annähernd zu schätzen.
1298 5281 2180 5328 Nach kurzer Zeit zeigte ein Wegweiser nach links,
1242 5326 2178 5372 und wir verließen die breite Karawanenstraße. Die
1260 5360 2178 5395 Spur nach Ukheidir war schon alt, man erkannte ein
1242 5385 2178 5437 schwach glänzendes Band, manchmal war es aber ganz
1242 5426 2178 5477 vom Sand zugeweht. Trotzdem verloren wir sie nur ein
1242 5459 2160 5500 einziges Mal nämlich, als sich der Fahrer eine Ziga¬
1242 5500 2178 5541 rette anzündete. Wir kehrten um und folgten unserer
1242 5531 2178 5573 eigenen Radspur bis dort, wo wir die andere Spur
1242 5567 2178 5611 verlassen hatten, und stellten fest, daß wir einen Halb¬
1242 5597 1654 5654 kreis beschrieben hatten.\:p\
1300 5637 2178 5677 \p\Man sah \g\Ukheidir\:g\ bald darauf am Horizont
1242 5680 2178 5723 auftauchen: das dunkle, lichtumflossene Quadrat seiner
1242 5714 2178 5751 Mauern, einsam im unendlichen Umkreis, bereitete
1242 5747 2178 5783 uns die gleiche Ueberraschung wie vor 20 Jahren Miß
1242 5780 2178 5817 Gertrude Bell, die es mit ihrer Karawane aufsuchte,
1242 5818 2178 5860 es photographierte und ganz allein die Pläne und
1251 5852 2180 5896 Grundrisse des Schlosses aufnahm. Kurz vor ihr, im
1242 5885 2178 5924 Jahre 1907 war der Franzose Massignon in Ukheidir
1242 5919 2178 5957 gewesen der seine Beobachtungen, nach einigen Vor¬
1242 5957 2178 5999 berichten, in den "Mémoires de l'Institut Français
1242 5985 2178 6031 d'Archéologie Orientale du Caire" veröffentlichte. 1910
1242 6022 2178 6089 besuchte dann Oskar Reuter mit einigen Mitgliedern
2174 4505 3118 4556 der deutschen Babylon=Expedition Ukheidir, ihre aus¬
2190 4543 3119 4588 führliche Publikation erschien als 20. Wissenschaft. Ver¬
2182 4577 2994 4621 öffentlichung der Deutschen Orient=Gesellschaft.\:p\
2236 4606 3119 4656 \p\Man sollte annehmen, daß ein Bauwerk von der
2175 4646 3119 4694 Größe und Eigenart Utheidirs längst die Aufmerksam¬
2175 4689 3118 4734 keit der Reisenden auf sich gezogen habe — aber Ger¬
2175 4716 3118 4769 trude Bell berichtet, daß vor ihr und Massignon nur
2175 4755 3118 4790 einem namenlosen Engländer der Ruhm der Ent¬
2175 4789 3118 4829 deckung Ukheidirs zukomme — Niebuhr erwähnt näm¬
2188 4823 3118 4863 lich im 2. Band seiner „Reisebeschreibungen" das Tage¬
2175 4858 3118 4903 buch dieses Unbekannten, der „von Haleb nach Basra ge¬
2175 4889 3119 4933 reist war,"— „44 Stunden den Südost nach Osten von
2175 4929 3119 4969 Hit, eine ganz verlassene Stadt in der Wüste, angetrof¬
2175 4967 3118 5003 fen habe, wovon die Mauer 50 Fuß hoch und 40 Fuß
2175 5003 3118 5046 dick war. Jede der vier Seiten hatte 700 Fuß, und in
2174 5035 3118 5082 der Mauer waren Türme. In dieser Stadt oder großem
2194 5063 3118 5108 Castell, findet man noch ein kleines Castell. Von eben
2174 5090 3118 5152 dieser verlassenen Stadt hörte ich nachher, daß sie von
2175 5126 3118 5175 den Arabern El Khader genannt werde, und nur zehn
2175 5172 3009 5212 bis zwölf Stunden von Meshed Ali entfernt sei."\:p\
2236 5200 3118 5252 \p\Tatsächlich umschließt die äußere Mauer vom Ukhei¬
2175 5232 3118 5285 dir, einen eingebauten, rechteckigen Palast die ganze,
2175 5269 3118 5319 riesige Anlage mit ihren zahlreichen Räumen und
2196 5308 3119 5343 Gängen konnte aber leicht von einem Unerfahrenen
2175 5341 3118 5379 für eine zerstörte Stadt gehalten werden. Dieser Eng¬
2175 5368 3118 5425 länder aus dem 18 Jahrhundert ist unseres Wissens
2175 5409 3118 5474 der erste Reisende der Neuzeit, welcher Ukheidir gesehen
2175 5449 3000 5488 und uns davon eine Nachricht hinterlassen hat.\:p\
2233 5475 3119 5526 \p\Als Miß Bell es besuchte, war es von Beduinen
2175 5520 3099 5557 bewohnt. Sie hielten sich in den Gemächern und Hal¬
2175 5551 3118 5597 len auf, die schon vor tausend Jahren den Beduinen
2175 5585 3118 5633 der syrischen Wüste Schutz und Zuflucht gewährt hat¬
2188 5619 3119 5667 ten, — denn Ukheidir ist seiner ganzen Anlage nach eine
2175 5643 3119 5696 „Fluchtburg", wie man sie aus sassanidischer und
2174 5690 3118 5734 islamisch=mittelalterlicher Zeit kennt: die äußeren
2175 5727 3118 5774 Mauern waren so weit angelegt daß man in Kriegs¬
2174 5764 3118 5812 zeiten die Nomaden der Umgebung im Schloß aufneh¬
2175 5798 3118 5840 men konnte, wo sie dann — zwischen Palast und
2175 5827 3118 5875 Mauerring — in den geräumigen Höfen ihre Zelte
2175 5857 3118 5908 aufschlugen. — Ukheidir ist, neben der parthischen
2175 5906 3117 5944 Festung Hatra, das schönste und eindrucksvollste Ge¬
2174 5930 3118 5983 bäude dieser Art, welches uns, in einem wunderbar
2175 5957 3118 6013 guten Erhaltungszustand, bekannt ist. Es besteht aus
2175 5999 3118 6038 einer äußeren quadratischen Mauer von 169 Metern
2175 6029 3118 6095 Seitenlänge, mit vier Toren, von denen das Nordtor
3114 4503 4038 4558 das bedeutendste ist, und insgesamt 44 Türmen. Die
3113 4562 4033 4599 Mauer ist zwei Stockwerke hoch und enthält im Ober¬
3125 4586 4039 4631 geschoß einen ringsum laufenden gedeckten Wehrgang.
3114 4611 4033 4676 Im Inneren dieses starken Mauerrings steht der recht¬
3114 4651 4038 4701 eckige Palast dessen nördliche Schmalseite mit der
3114 4691 4033 4737 Nordseite der Außenmauer zusammenfällt. Der Palast
3114 4730 4039 4770 zerfällt, nach orientalischer Gewohnheit, in zwei Teile,
3114 4762 4038 4817 das „Selamlik“ mit den Empfangsräumen, der großen
3114 4791 4033 4838 Halle, und den Wohnräumen der Männer, und der
3114 4828 4033 4877 „Harem" der Frauen. Der Grundriß des Palastes ist
3114 4869 4038 4909 einfach: ein gedeckter Korridor teilt den ganzen Bau
3114 4903 4044 4948 in zwei konzentrische Rechtecke, deren inneres Rechteck
3114 4936 4034 4980 den Ehrenhof und eine Gruppe von neutralen Räum¬
3114 4970 4038 5013 lichkeiten enthält, während das äußere Rechteck die ge¬
3114 5007 4038 5043 nannten Gebäudeteile, Selamlik und Harem, enthält
3114 5039 4036 5079 Der Harem umfaßt die hintere, südliche Hälfte, seine
3113 5071 4038 5122 Räume liegen also hufeisenförmig zwischen dem ge¬
3114 5107 4035 5157 deckten Korridor und der äußeren Palastmauer. Das
3114 5144 4033 5189 Selamlik, welches die nördliche Palasthälfte einnimmt,
3119 5175 4039 5222 enthält auch eine Moschee. Vorzüglich erhalten ist die
3114 5226 4038 5260 große Halle mit einem wunderbar gearbeiteten Tonnen¬
3113 5250 4038 5292 gewölbe. Sie liegt dem Nordtor vorgelagert und war
3114 5286 4038 5327 wohl der Schauplatz der Festlichkeiten und vor allem
3114 5322 4045 5358 der Mahlzeiten — denn ein Scheich der Wüste hat
3114 5354 4045 5399 immer eine große Zahl von Gefolgsleuten und Gästen,
3114 5384 4039 5429 die täglich bei ihm bewirtet werden. Der Scheich der
3114 5415 4033 5464 Roualla erzählte mir, daß selbst im Hofe seines Stadt¬
3118 5451 4045 5514 hauses in Damaskus täglich mehr als hundert Männer
3114 5484 3445 5546 zum Essen kämen!\:p\
3173 5515 4044 5570 \p\Wir wissen leider nicht, wer der Schloßherr von
3113 5558 4044 5601 Ukheidir war, noch, zu welcher Zeit der Palast erbaut
3113 5591 4045 5641 wurde. Die Möglichkeiten schwanken zwischen der sassa¬
3114 5628 4032 5672 nidisch=persischen, der frühislamischen, und der abbassi¬
3114 5658 4033 5716 dischen (mittelalterlich-islamischen) Periode. Man¬
3114 5700 4033 5739 ches spricht dafür, daß der Palast schon in vor¬
3113 5731 4033 5783 islamischer Zeit erbaut wurde: er zeigt starke Aehn¬
3114 5773 4039 5807 lichkeiten des Grundrisses mit anderen sassanidischen
3114 5796 4033 5849 Palästen, und die Technik des Gewölbebaues ist teil¬
3114 5844 4033 5885 weise die gleiche wie die der berühmten Ruine von
3114 5869 4039 5920 Ktesiphon. Miß Bell macht dagegen geltend, daß die
3113 5913 4033 5956 erste islamische Bauperiode in Mesopotamien noch
3113 5945 4044 5989 vollständig unter persischem Einfluß stand, und daß
3114 5979 4044 6018 wiederum einzelne Teile von Ukheidir, besonders die
3113 6016 4032 6057 offenene Kuppel des Nordtors, der sassanidischen
3113 6046 4038 6104 Architektur noch nicht vertraut waren. Weder die tech¬
283 4550 1208 4591 nischen Angaben der deutschen Publikation, noch die
271 4583 1207 4629 architektonischen und historischen Argumente von
279 4615 1206 4664 Gertrude Bell machen es wahrscheinlich, daß Ukheidir
283 4657 1207 4692 einer späteren islamischen Periode angehöre. Gehört
277 4689 1207 4728 er aber in die erste Periode des Islams, so schließt
283 4722 1207 4764 Miß Bell, so wäre der Palast „ein mesopotamischer
278 4757 1206 4804 Repräsentant der Gruppe von Lustpalästen, welche auf
271 4784 1207 4835 der syrischen Seite der Wüste von den omaijadischen
283 4830 1207 4869 Prinzen erbaut wurden". Miß Bell selbst hält aber
276 4861 1207 4899 diese Theorie für nicht sehr wahrscheinlich, weil Ukhei¬
279 4897 1206 4940 dir zu weit von den gewöhnlichen Residenzen der
279 4934 1206 4973 Omaijaden entfernt lag, um als Jagd= und Vergnü¬
276 4972 1207 5018 gungspalust in Frage zu kommen. Nur die Stadt
279 4998 1206 5039 Kufah, wenige Stunden von Ukheidir entfernt war
273 5038 1204 5081 während fünf Jahren die Residenz von Mohammeds
273 5073 1206 5107 unglücklichem Schwiegersohn Ali, bis er in der Moschee
277 5103 1207 5143 dieser Stadt ermordet wurde. Man mag Miß Bell
271 5141 1187 5180 darin recht geben, daß Ali während dieser unruhigen
271 5172 1207 5230 Jahre kaum Zeit gefunden habe, einen Palast wie
279 5205 1206 5260 Ukheidir zu erbauen — wenn es sich nämlich um einen
273 5240 621 5288 „Lustpalast" handelt. —\:p\
346 5261 1206 5320 \p\Ich halte es aber für wahrscheinlich, daß gerade in
277 5313 1207 5366 jener Zeit der ersten islamischen Kämpfe, die sich in
271 5346 1207 5386 der Gegend von Kerbela, Kufah, Nejaf abspielten,
273 5378 1206 5416 Ukheidir von der einen oder anderen Partei erbaut
273 5415 1206 5458 wurde: als starker Posten am Rand der Syrischen
273 5451 1206 5494 Wüste, in dem Oasengürtel, der ungefähr parallel zum
277 5486 1207 5532 Laufe des Euphrats bis südlich von Nejaf verläuft.\:p\
324 5521 1206 5558 \p\Als wir uns dem Schlosse näherten, sahen wir auch
273 5551 1187 5595 der Westseite ein Lager von schwarzen Beduinenzelten
271 5589 1187 5630 und nicht weit davon eine ansehnliche Kamelherde. Da
273 5622 1192 5663 die dunkle, turmgekrönte Mauer sich immer wieder
271 5658 1193 5697 magisch zu entfernen schien, bogen wir schließlich von
273 5690 1207 5742 der Spur ab und steuerten kurz entschlossen auf das
276 5730 1207 5771 Schloß zu. Die Folge war, daß wir sofort in eine
273 5757 1206 5798 Sanddüne gerieten und uns mit leer drehenden Rä¬
273 5792 1206 5847 dern darin festfuhren. Glücklicherweise zog dieses
270 5836 1207 5880 Schauspiel aber einige Beduinen an, sie näherten sich,
272 5866 1206 5914 ihre Gewehre in der Hand, mit lauten Begrüßungs¬
273 5900 1206 5948 worten, und drei von ihnen entschlossen sich, uns zu
273 5933 1206 5971 helfen — während die anderen ihre Röcke rafften, sich
271 5963 1207 6021 auf die Sandhügel ringsum setzten, und ernst unseren
271 6005 632 6048 Bemühungen folgten.\:p\
319 6021 1206 6089 \p\Als der Wagen wieder befreit auf festem Boden
272 6070 1206 6116 stand, luden uns die Beduinen in ihre Zelte zu einem
273 6105 1206 6152 Mahl ein; wir erklärten ihnen aber, daß wir zu un¬
1215 4560 2141 4597 serem Bedauern keine Zeit hätten — ein Grund, der
1215 4592 2141 4635 einem Araber allerdings nur als absurde Laune er¬
1214 4618 2141 4671 scheint. Sie fanden sich aber damit ab, und führten
1215 4663 2141 4700 uns in das Schloß, als dessen Herren und Besitzer sie
1215 4693 2141 4735 sich offenbar fühlten. Wir durchschritten den großen
1215 4728 2141 4770 Hof, in dessen Mitte ein alter, blinder Beduine saß und
1215 4763 2141 4810 eine Wasserpfeife rauchte; bewunderten die schönen
1215 4789 2141 4847 Kreuzgewölbe im mittleren Gebäudeteil, und die glatte,
1215 4833 2141 4880 vorzüglich erhaltene Tonnendecke der großen Halle.
1215 4863 2141 4916 Dann stiegen wir, immer von einer Gruppe laut er¬
1214 4906 2141 4954 klärender Beduinen begleitet, auf das Dach, und über¬
1215 4935 2141 4986 sahen nun den Grundriß des Palastes, die starke An¬
1214 4968 2141 5025 lage des Nordtors die blinden Arkaden und den Wehr¬
1215 5008 2141 5053 gang der Außenmauer und ihre Türme, Ringsum
1215 5037 2141 5094 breitete sich endlos flutende Wüste, Spiegelungen an
1215 5072 2142 5115 ihrem Rand, zu unseren Füßen lagen die flachen Zelte.
1215 5109 1953 5160 die Kamele und unser Auto wie Spielzeug.\:p\
1270 5147 2141 5197 \p\Wir rauchten noch unsere letzten Zigaretten mit
1214 5190 2141 5233 unseren Freunden und machten uns dann auf den
1215 5219 2141 5265 Rückweg. Ich saß diesmal am Steuer, einer der
1223 5250 2142 5300 Beduinen stellte sich auf das Trittbrett und führte
1215 5285 2123 5332 uns unter Umgehung der Sandbünen auf die Spur
1215 5328 2117 5366 zurück. Eine Stunde später tauchte vor uns der bläu¬
1215 5363 2123 5403 liche Rand der Palmen von Kerbela auf, darüber die
1215 5397 2141 5437 goldenen Kuppeln der Moscheen, welche das letzte Licht
1215 5435 2141 5474 auf ihren heiligen Häuptern sammelten. Gleich darauf
1215 5458 2142 5505 befanden wir uns, ernüchtert, in den lauten Straßen
1214 5491 2141 5550 der Stadt und vor dem Hause des Mutasarrif, unseres
1215 5534 1627 5581 besorgten Gastgebers. —\:p\
