3956 5669
892 1990 1610 2080 \f\Dschungel [von Eugen Früh]\:f\
621 2636 2298 2716 Begegnung mit dem
1132 2855 2502 2902 DSCHUNGEL
625 2915 2313 2991 VON ANNEMARIE CLARAC-SCHWARZENBACH + ZEICHNUNGEN VON EUGEN FRUH
386 2972 976 3062 Molanda en Mangala, Congo Belge.
214 3047 993 3098 \p\Nachdem ich sieben Tage lang auf einem klei¬
185 3087 993 3133 nen Flussdampfer den Kongo hinaufgefahren war,
185 3127 993 3173 glaubte ich, den afrikanischen Urwald schon
191 3169 993 3211 etwas zu kennen, und sein Anblick, der dem eines
191 3203 993 3251 tiefgrünen, wallenden Meeres gleicht, war mir
185 3238 993 3280 während dieser Zeit zu einer traumartigen Be¬
191 3270 993 3322 drückung geworden. Man musste, um den Wald
191 3318 993 3366 zu sehen, schon auf die Kapitänsbrücke hinauf¬
189 3352 974 3396 steigen, vom Ladedeck aus, wo auch die sechs
185 3396 970 3431 Passagiere untergebracht waren, sah man nur
197 3425 993 3476 Wände aus Bäumen und dichtem Gebüsch, und auf
187 3461 974 3509 kleinen Lichtungen die Dörfer der Eingeborenen
185 3499 993 3553 ihre Feuer, und von langsamen Ruderschlägen
189 3532 523 3599 getriebenen Pirogen.\:p\
214 3555 974 3625 \p\In Lisala, wo ich an Land ging, wohnte man
185 3620 965 3671 dann auf einer Anhöhe. Mit schönen, hohen Pal¬
189 3656 995 3702 men bestandene Wiesen täuschten ein Panorama
185 3696 965 3742 und ein wenig Bewegungsfreiheit vor. Aber in
191 3732 993 3780 Wirklichkeit war es damit nicht weit her, man
189 3771 995 3820 überschaute zwar die riesige, graue Fläche des
185 3809 993 3864 Stroms, aber dahinter, am anderen Ufer, begannen
185 3847 965 3893 wieder die gleichen, blaugrünen, von Dunst über¬
189 3893 995 3925 dachten Wellen des Waldes, den man auch im
189 3920 995 3967 Rücken hatte, und wenn man sich auf der Anhöhe
185 3960 993 4002 langsam im Kreis drehte, fand der Blick nirgends
197 3994 993 4042 Freiheit und nirgends einen Ruhepunkt. Man war
193 4040 995 4074 wie im Inneren einer Sternwarte gefangen, der
185 4072 965 4114 Horizont war in das Rund des Wald-Ozeans ge-
185 4101 993 4158 bannt als künstliche Grenze zwischen seinem Ge¬
197 4143 993 4193 woge und dem des Wolkenhimmels. Ich dachte,
191 4185 993 4231 dass man, um hier zu bestehen, wohl den Kampf
185 4218 993 4275 mit dem Wald aufnehmen müsste, sozusagen
191 4254 993 4321 einen Kampf mit den Elementen, einen ursprüng¬
193 4300 720 4340 lichen Kampf um die Existenz.\:p\
220 4317 995 4386 \p\Die Macht der Natur schien mir zu gross, diese
191 4384 993 4422 wuchernde Wildnis in der feuchten Fruchtbarkeit
193 4418 993 4460 und Tropenwärme des Aequators glich ja einer
199 4454 995 4508 Vorzeit unserer Erde, als sie noch nicht von Men¬
189 4502 965 4535 schen bewohnt war. Sich ihr überlassen, hiesse
193 4529 968 4575 in Pfahlwohnungen über Sümpfen zurückkehren
193 4565 974 4613 und in einen Dämmerzustand, worin man sich
191 4609 993 4653 nur noch gegen wilde Tiere und um ein bisschen
195 4642 993 4684 Nahrung wehren würde, — und ein solches Le¬
199 4680 974 4724 ben ist für uns Erben vieler Jahrhunderte nicht
199 4716 968 4764 genug. Wir sind die Kinder von Bauern, Pionieren,
193 4756 972 4798 Entdeckern und Kreuzfahrern, und wollen den
199 4798 974 4838 Stillstand nicht, der im Kreislauf der Erde, ihrer
191 4831 972 4877 Jahreszeiten und ihrer Geschöpfe vorgeschrieben
193 4873 972 4928 scheint, wir tragen einen Stachel in unserem
201 4905 993 4955 Fleisch, wir sind Sünder, die nach dem Apfel und
201 4947 993 4985 dem Gespräch mit der Schlange begehren. In den
206 4982 993 5024 Tropen wird es früh dunkel, und da es in Lisala
193 5016 993 5064 noch kein elektrisches Licht gab, waren die
199 5054 968 5102 Nächte lang und drückend. Da träumte ich manch¬
191 5087 993 5136 mal, man müsse Breschen schlagen, Lichtungen
199 5127 995 5169 weiten, und einen Weg durch den Urwald öffnen
199 5167 995 5215 bis an sein Ende, welches man nur vermuten kann,
199 5205 993 5253 wo aber weite Grasebenen voller Herden leicht¬
199 5241 995 5295 füssiger Tiere sich ausbreiten müssen und Ge¬
191 5276 756 5346 birge in blauer Ferne sich erheben.\:p\
1030 2987 1799 3047 \p\Die wenigen Weissen, die in dem Kongo-Posten
993 3033 1801 3085 für ein paar Jahre ansässig waren, hatten aber
993 3070 1799 3129 eine ganz andere Methode, sich gegen die Ueber¬
993 3112 1799 3169 macht des Dschungels zu wehren. Sie waren mei¬
993 3152 1773 3201 stens Beamte des Staats, die ungeduldig auf den
993 3196 1799 3247 Ablauf ihrer Dienstjahre warteten, wie auf das
993 3226 1771 3270 Ende einer Strafzeit, — oder Händler, die mög¬
993 3272 1778 3308 lichst schnell genug Geld verdienen wollten, um
993 3299 1799 3366 sich irgendwo ein angenehmères Leben leisten zu
1005 3337 1129 3389 können.\:p\
1039 3350 1771 3425 \p\Um die Nähe des tiefen, furchtbar fremden
993 3419 1799 3463 Urwalds nicht bemerken zu müssen, hielten sie
1005 3465 1801 3507 es wie der Vogel Strauss, sie überschritten
993 3484 1799 3543 selten die Schwelle ihrer Häuser und umgaben
1001 3524 1799 3587 ihre kleinen Gärten mit dichten Hecken. Mit der
1005 3562 1801 3625 Hilfe von Radios, Konservenbüchsen, Besuchen,
1001 3604 1799 3656 kleinen Zwisten unter Nachbarn und einer Reihe
993 3648 1799 3696 anderer zivilisierten Gewohnheiten richteten sie
997 3685 1404 3740 sich ein Leben ein, wie es
993 3719 1400 3782 für Weisse des 20. Jahr¬
993 3761 1402 3813 hunderts etwa normal er¬
993 3803 1396 3855 scheint, und da sie vom
1001 3845 1400 3887 Lärm und der Not des
993 3881 1400 3933 Krieges sehr weit ent¬
993 3908 1396 3971 fernt waren, konnte es
993 3960 1400 4015 ihnen beinahe entgehen,
993 3990 1400 4048 dass genau dieses zivili¬
993 4038 1400 4086 sierte Leben heute bloss¬
1003 4076 1400 4126 gestellt ist, keiner ern¬
991 4116 1400 4160 sten Prüfung mehr stand
993 4158 1400 4204 hält und zusammenstürzt
993 4191 1396 4248 wie ein morsches Ge¬
993 4225 1400 4281 bäude. Aber die konven¬
993 4267 1400 4321 tionellen Daseinsformen,
997 4309 1406 4361 derer sie sich bedienen,
993 4344 1396 4401 haben hier in Afrika kei¬
993 4384 1396 4441 nen rechten Inhalt, sie
993 4426 1404 4477 teilen nur den Tag ein
993 4464 1400 4517 und töten die Zeit, sie
1009 4498 1396 4548 entspringen nicht mehr
1005 4548 1406 4603 der Sehnsucht der Men¬
993 4577 1406 4636 schen und stillen sie
1009 4613 1406 4668 nicht. Sie sind nur dünne
991 4663 1404 4710 Schutzmauern gegen den
1005 4701 1402 4745 Strom unserer innersten
1005 4743 1412 4789 Begierden, übertünchen
1005 4775 1406 4829 nur unsere innerste Not,
1039 4817 1400 4871 — und so dämmern die
1005 4846 1450 4909 meisten Menschen nicht
993 4894 1412 4953 viel anders dahin, als
993 4932 1400 4985 wenn sie im Dschungel
993 4966 1406 5022 begraben lägen, und ver¬
993 5012 1368 5068 kommen unglücklich.\:p\
1035 5052 1406 5106 \p\Ich konnte bald nicht
993 5092 1412 5142 mehr anders, ich wollte
993 5125 1406 5178 in das Innere des afrika¬
993 5165 1404 5211 nischen Aequatorwaldes,
993 5207 1400 5262 den ich bisher nur wie
993 5243 1404 5297 ein Gemälde angeschaut
1003 5283 1404 5343 hatte. Ich wollte es er¬
1801 2970 2596 3045 proben, ob wir nur Bastarde dieser Erde sind,
1801 3033 2596 3081 die sich nur in einem kleinen, schwach verschanz¬
1801 3079 2596 3123 ten Fleck behaupten können, — oder ob wir nicht
1801 3117 2596 3171 bessere Widersacher sind, welche ausziehen, um,
1807 3165 2594 3222 was sie eigentlich lieben, zugleich zu erobern und
1801 3196 2011 3251 zu umarmen.\:p\
1830 3215 2596 3291 \p\Man kann aber auf einer solchen Fahrt wirklich
1801 3280 2596 3343 das Fürchten lernen, und es war doch noch nichts,
1801 3322 2596 3368 diese 250 Kilometer im Lieferwagen eines Händ¬
1803 3358 2594 3415 lers, der im Urwald die Dörfer besuchte, um
1801 3406 2596 3444 Arachide und Kopal einzukaufen, — am Ende
1801 3438 2596 3503 dieser Strecke würde ich auf einer Plantage von
1799 3480 2596 3528 Schweizern ein Haus und ein Bett finden, und
1799 3520 2596 3576 meine eigene Sprache reden können. Unterwegs
1801 3566 2596 3595 würde ich keinen besonderen Gefahren ausgesetzt
1801 3595 2596 3648 sein, ich würde in einem Dorf eine katholische
1799 3635 2596 3690 Mission finden, in einem anderen den kleinen
2579 1068 3364 1161 Negerladen eines Portugiesen, würde irgendwo
2586 1140 3364 1194 einen Lastwagen aus Lisala antreffen, der seit
2579 1184 3358 1238 einigen Tagen vermisst war und wahrscheinlich
2581 1221 3358 1278 eine Motorpanne hatte, und würde wahrscheinlich
2586 1261 3364 1318 dem einen oder anderen weissen Beamten be¬
2579 1301 3366 1352 gegnen, die mit der Reparatur der Wege beauf-
2581 1343 3364 1385 tragt waren. Und sollten wir einen Unfall haben
2588 1379 3362 1429 so gab es in mehreren Dörfern eine vom Staat für
2579 1415 3364 1478 die Reisenden instandgehaltene Hütte, und bei
2579 1457 3366 1507 den Eingeborenen Bananen, Maniokkuchen und
2588 1501 3362 1553 Eier. Die Weissen von Lisala warnten mich aller¬
2586 1545 3364 1591 dings, die Strasse sei nur ein durch den Dschun¬
2586 1574 3362 1635 gel geschlagener, etwas verbreiteter Negerpfad
2586 1624 3371 1664 die über Sümpfe und Weiher gelegten Brücken
2588 1656 3362 1708 aus Brettern würden oft einbrechen, nach einem
2586 1702 3373 1761 Regenfall sei die rote Erde glatt wie Eis, und die
2592 1746 3366 1790 Schwarzen würden immer noch gelegentlich einen
2586 1782 3379 1834 Fremden von hinten mit Lanzen erstechen und
2586 1822 3371 1864 aufessen. Aber obwohl dies alles richtig ist,
2586 1862 3371 1912 fürchtet man sich weniger davor als vor dem
2594 1899 3368 1952 Weg selbst, der unentrinnbar in das schweigende
2588 1946 3375 1990 Dunkel der Wildnis hineinläuft. Die Bäume schla¬
2588 1988 3358 2029 gen darüber zusammen, das Atmen wird schwer,
2592 2023 3368 2065 die feuchte Hitze saugt sich in den Poren fest,
2586 2057 3371 2120 scharfe Palmblätter und hängende Lianen ragen
2594 2099 3371 2145 verwirrend in den Pfad, Baumstämme versperren
2592 2134 3377 2191 ihn plötzlich, rote Terminenhügel erheben sich am
2592 2181 3371 2231 Rand, die farblose Luft legt sich wie Wasser vor
2592 2216 3371 2265 die Augen. Man fährt wie auf dem Meeresgrund,
2592 2250 3377 2311 und fährt immer weiter, Stunde um Stunde, ohne
2592 2296 3366 2342 dass je eine Welle von Wind oder Licht die dumpfe
2594 2328 3379 2378 Stille unterbricht, das sonst so erfrischende Grün
2598 2374 3377 2420 wird bedrückend, man möchte einen Streifen
2598 2409 3377 2456 Wüstenweisse sehen, einen Meeresarm, eine gelbe
2592 2456 3379 2504 Steppe, die Milchstrasse im Himmelszelt. Die
2592 2491 3377 2537 strohgedeckten Erdhütten der Schwarzen sind am
2586 2529 3371 2581 Rand des Pfades zwischen verkohlte Baum¬
2586 2569 3379 2619 strünke gebaut, die Männer liegen schläfrig auf
2586 2609 3377 2657 niedrigen Schragen, die Frauen hocken vor den
2592 2655 3375 2697 Feuern und tragen die Säuglinge vor die hängen-
2592 2688 3368 2741 den Brüste gebunden, die wilden Hunde mit Fle¬
2594 2726 3366 2777 dermausköpfen rennen blindlings unter unsere Rä¬
2592 2762 3375 2823 der, wir töten viele von ihnen. Der Schwarze am
2592 2812 3379 2856 Steuer jagt auch eine fliehende Gazelle, trifft sie
2590 2842 3368 2896 mit dem Vorderrad, steigt aus und wirft das ster¬
2598 2890 3377 2945 bende Tier wortlos hinten in den Wagen. Gegen
2600 2919 3379 2980 Abend setzt uns eine aus drei Pirogen zusam¬
2573 2968 3377 3031 mengesetzte Fähre über einen Fluss, die schwar¬
2600 3001 3377 3056 zen Ruderer kamen vom Tamtam einer Baum¬
2573 3039 3375 3100 trommel gerufen aus dem Waldinneren. Der Fluss
2573 3070 3375 3138 liegt wie ein Spiegel im Abend, glänzend, bewegt
2573 3119 3375 3184 vom Abbild schöner Wolken und vom sanften
2571 3159 3379 3205 Gleiten hauchdünner Pirogen, die von Neger¬
2598 3192 3375 3253 fischerinnen gesteuert werden. Dann beginnt der
2573 3230 3375 3287 Regen, der Himmel senkt sich schwarz herab, die
2573 3270 3381 3324 Bäume biegen sich unter den Stössen des heran¬
2573 3310 3371 3364 nahenden Tornados. Die Welt scheint nur noch
2573 3345 3375 3402 aus dem von der zusammengeballten Dunkelheit
2573 3383 3375 3450 eingeschlossenen, vom Sturm geschüttelten und
2573 3421 3375 3478 wie ein ausbrechender Vulkan sich aufbäumenden
2573 3463 3371 3520 Dschungel zu bestehen, die rote, durchnässte Erde
2573 3503 3377 3566 glänzt wie von Fackeln beschienen. Einen Augen¬
2573 3541 3371 3593 blick halten wir, dann packt der Schwarze das
2573 3578 3385 3635 Steuer und der Wagen rollt und wird hin- und
2573 3622 3377 3698 hergeworfen wie ein Schiff. Wir schauen so ge¬
2984 3654 3385 3704 spannt aus, dass wir
2982 3696 3379 3753 nicht einmal merken, wie
2980 3740 3385 3799 der Regen aufgehört hat,
2982 3776 3375 3845 so plötzlich wie er be¬
2984 3813 3379 3881 gann. Aber man ist aus
2980 3864 3379 3906 der Lähmung des langen
2987 3899 3379 3956 Tages erwacht, mit
2980 3933 3379 3994 durchnässten Schultern
2989 3981 3389 4038 erfrischten Augen atmet
2984 4025 3383 4078 man tief auf, der nächt¬
2989 4065 3383 4120 liche Urwald scheint sei¬
2989 4101 3392 4162 nen Schrecken verloren
2984 4139 3385 4202 zu haben. Und gleich
2991 4177 3387 4242 darauf lichtet er sich,
2984 4218 3392 4273 man sieht weithin ver¬
2991 4271 3389 4317 einzelte Stämme auf an¬
2989 4309 3389 4359 steigendem Land verteilt,
2991 4344 3387 4405 darüber ziehende Wol¬
2995 4386 3396 4443 ken, einen offenen, hohen
2991 4430 3398 4472 Himmel. Der Anblick ist
2995 4462 3396 4519 wunderbar, es ist, als sei
2991 4504 3387 4561 ein Sieg errungen wor¬
3003 4537 3396 4600 den, und man sei dabei
2991 4590 3392 4647 gewesen, und alle Fahnen
2991 4628 3400 4680 würden aufgezogen. Jetzt
2991 4670 3392 4720 schliessen sich stämmige
2991 4710 3398 4764 Palmen wie zu einer
2991 4739 3392 4798 Allee zusammen, vor
2995 4781 3396 4840 ein paar Hütten hocken
2991 4821 3398 4882 junge Neger am Feuer,
2995 4871 3392 4919 einer von ihnen springt
2991 4911 3398 4959 auf unser Trittbrett, um
3001 4955 3392 5010 uns den Weg zu zeigen:
2997 4985 3396 5047 wir haben den Ein¬
2991 5027 3392 5083 gang der Plantage er¬
2991 5066 3398 5125 reicht und rollen über
2991 5102 3398 5157 weiches, duftendes Gras
2989 5155 3398 5207 auf das von Sternen wie
2997 5188 3398 5247 von einem Funkenregen
2997 5226 3398 5291 erhellte Strohdach des
2997 5270 3270 5341 Hauses zu...\:p\
1437 4837 1456 4888 \f\Menschen im Dschungel [von Eugen Früh]\:f\
