3791 5669
165 1241 799 1337 Ist Roosevelt Diktator?
353 1328 830 1378 Cl. \g\New York\:g\, im November.
147 1372 876 1428 \p\Die Wiederwahl Franklin \g\D. Roosevelts\:g\ zum
129 1422 876 1469 Präsidenten der Vereinigten Staaten wurde von
114 1455 845 1503 den ausländischen Regierungen und von der Welt¬
120 1495 877 1546 presse mit einer begeisterten \g\Zustimmung\:g\ be¬
123 1532 877 1579 grüßt, die über das gewöhnliche Maß diplomatischer
120 1561 876 1610 Höflichkeit weit hinausging. Jede Regierung ver¬
120 1597 877 1644 stand es sonderbarerweise, in diesem überlegenen
120 1634 876 1672 Wahlsieg des demokratischen Präsidenten einen
123 1667 876 1709 Sieg ihrer eigenen Prinzipien zu erblicken. Sovjet¬
114 1702 851 1747 rußland argumentierte, daß ein Sieg der fort¬
123 1736 861 1781 schrittlicheren von den beiden kapitalistischen Par¬
117 1774 877 1814 teien Amerikas der nackten Reaktion unter einem
117 1813 876 1844 republikanischen Präsidenten vorzuziehen sei. Da¬
117 1836 877 1883 gegen erklärte die italienische Presse, das ameri¬
117 1871 876 1910 kanische Volk habe durch die Wahl vom 3. No¬
114 1905 876 1944 vember seine Zustimmung zu einer Regierung aus¬
126 1939 876 1989 gedrückt, die man in Europa als Diktatur bezeichnen
117 1974 876 2021 würde, und die die Konzentration der politischen
117 2008 876 2051 und wirtschaftlichen Macht in der Hand eines Man¬
116 2054 876 2091 nes zum Ziel habe. Aehnlich erblicken die offiziellen
114 2078 876 2114 Blätter des Dritten Reichs in der überwältigenden
126 2112 876 2153 Majorität für Roosevelt einen Triumph des Führer¬
113 2147 876 2198 prinzips über den flauen Liberalismus der alten
113 2190 854 2226 amerikanischen Demokratie. England hingegen
138 2213 875 2256 – und in noch stärkerem Maße Frankreich, – sehen
117 2245 876 2291 die Wahl Roosevelts als eine Kundgebung für die
126 2285 876 2325 \g\Demokratie\:g\ und als einen Beweis an, daß auch
117 2319 876 2362 heute noch ein großes Volk seine wirtschaftliche und
114 2353 876 2397 politische Freiheit gegenüber den Mächten der
123 2398 808 2443 Industrie und Hochfinanz behaupten könne.\:p\
138 2416 878 2462 \p\Man brauchte diese paradoxen Kommentare
114 2457 876 2496 offizieller Regierungsorgane und tendenziöser Par¬
114 2490 876 2537 teiblätter nicht weiter zu beachten, würde sich
117 2522 876 2568 nicht die gleiche Verwirrung der Begriffe in
114 2557 876 2612 Amerika selbst wiederholen. Die Republikanische
126 2595 876 2634 Partei, – die große konservative und kapitalistische
126 2624 876 2673 Partei Amerikas, – hat versucht, die "Rote Gefahr"
120 2658 876 2705 gegen Roosevelt auszuspielen, indem sie ihn kom¬
123 2701 877 2741 munistischer Tendenzen beschuldigte und den Be¬
119 2727 876 2775 weis erbringen wollte, daß sein Programm des
126 2768 877 2806 wirtschaftlichen Wiederaufbaus, das "New Deal",
120 2799 876 2835 nichts anderes als die Wirtschaftsdiktatur des
120 2832 876 2866 Staates und die Vernichtung der Privatinitiative
123 2866 877 2909 bedeute. Die große Masse des Volkes hat sich
123 2900 876 2944 trotzdem für Roosevelt erklärt, die Republikaner
119 2935 876 2977 haben eine Niederlage erlitten, die sie sogar als
123 2969 877 3013 Oppositionspartei im neuen Kongreß jedes wirk¬
123 3005 514 3054 samen Einflusses beraubt.\:p\
153 3024 877 3078 \p\Inzwischen wird die Frage der \g\Diktatur\:g\ in
123 3074 877 3118 Roosevelts eigenem Lager diskutiert, und Zweifel
123 3106 877 3148 und Befürchtungen werden unter seinen Wählern
120 3143 876 3183 laut, die ja keine einheitliche Masse darstellen,
129 3176 876 3223 sondern alle fortschrittlichen Parteien, Gruppen
120 3212 876 3252 und Individuen in sich begreifen, vom rechten,
120 3246 876 3285 bürgerlich-liberalen Flügel der Demokratischen
126 3280 876 3317 Partei bis zur extremen Linken, von den Pro¬
129 3315 876 3357 fessoren der Nationalökonomie, die Roosevelt vor
120 3348 876 3385 vier Jahren zusammen mit Bankiers und Industrie¬
126 3385 876 3424 führern als wirtschaftliche Berater herangezogen
126 3423 876 3456 hat, bis zu den mächtigen und radikal gesinnten
132 3453 876 3492 Arbeiterführern, die eine vermehrte Kontrolle der
135 3486 876 3525 Privatindustrie fordern, und die Organisation
120 3522 876 3563 der Gewerkschaften und die Gründung einer ge¬
129 3557 876 3610 einigten Bauern– und Arbeiter–Partei (Farmer¬
126 3589 487 3637 Labor–Party) anstreben.\:p\
156 3619 877 3671 \p\Die sozialistische und kommunistische Partei
129 3658 876 3705 Amerikas . haben bei den letzten Wahlen Verluste
129 3695 876 3739 erlitten, was sich aus der Tatsache erklärt, daß ein
873 1044 1657 1084 großer Teil ihrer Mitglieder das Parteiinteresse
878 1080 1657 1116 zurückstellten und ihre Stimmen auf Roosevelt
873 1114 1657 1158 vereinigten. Der auf diese Weise zustande ge¬
873 1150 1657 1187 kommenen \g\Einheitsfront\:g\ ist denn auch der
878 1183 1657 1222 zahlenmäßig überraschende Sieg der Demokraten
881 1218 1656 1262 zu verdanken, die Gefahr einer Reaktion scheint
873 1246 1657 1292 endgültig gebannt, Roosevelt befindet sich mit
873 1285 1657 1328 einer Majorität von elf Millionen Wählern in
881 1315 1656 1357 einer Position, die der des Jahres 1932 überlegen
887 1354 1636 1397 ist. Das "New Deal", ein Programm wirtschaft¬
873 1391 1657 1433 lichen und sozialen Fortschritts, das nicht nur
873 1424 1657 1462 materiell, sondern im moralischen Sinne eine
893 1452 1657 1494 Hoffnung für die Zukunft eines 120–Millionen–
873 1486 1657 1542 Volks ist, wird weitergeführt werden. Dabei darf
873 1519 1627 1567 man aber nicht vergessen, daß das "New Deal"
873 1566 1657 1593 kein festes und unabänderliches Programm, sondern
873 1597 1657 1645 eine Serie von Versuchen darstellt, und daß
873 1630 1657 1671 allein die Person Roosevelts darüber entscheidet,
872 1658 1657 1709 welcher Richtung es während der nächsten vier
887 1697 1186 1746 Jahre folgen wird.\:p\
914 1715 1648 1775 \p\Die Stimmen der reaktionären Opposition sind
873 1771 1638 1815 vorläufig zum Schweigen gebracht. Die Tatsache
873 1802 1642 1855 der unmittelbar nach der Wahl erfolgten \g\Lohn¬
873 1835 1642 1882 erhöhung\:g\ beweist aber, daß die Unternehmer¬
873 1872 1642 1916 kreise trotz der republikanischen Niederlage nicht
873 1907 1637 1955 pessimistisch in die Zukunft blicken, – und die
873 1944 1648 1991 amerikanische Handelskammer, die bisher das
873 1973 1642 2014 "New Deal" konsequent bekämpft hat, scheint jetzt
873 2011 1648 2060 entschlossen, Roosevelt zu unterstützen. Roosevelt
873 2042 1657 2080 spricht davon, auf einen Ausgleich des Budgets
873 2078 1657 2126 hinarbeiten zu wollen, – ein bisher ausschließlich
873 2115 1657 2161 von der republikanischen Parteipropaganda ver¬
873 2146 1657 2194 wendeter Programmpunkt. Man weiß ja, daß
890 2181 1656 2218 Präsident Roosevelt entschlossen ist, den Privat¬
873 2210 1657 2250 kapitalismus als die Basis der amerikanischen Wirt¬
873 2250 1657 2288 schaft zu retten. Er wünscht die Zusammenarbeit
873 2282 1657 2331 des Staates und der staatlichen Wirtschaftskon¬
873 2317 1657 2352 trolle mit der privaten Unternehmung, und er ist
873 2352 1657 2392 in seiner heutigen Position eher bereit, Konzessio¬
878 2389 1657 2426 nen auf diesem Gebiet zu machen, als vor dem
873 2420 1657 2458 3. November, als seine Wiederwahl von der
873 2458 1657 2499 Wählermasse der Linken abhing. Nun beginnen
873 2488 1657 2533 eben diese Parteien und Gruppen der Linken zu
873 2519 1657 2559 fürchten, daß Roosevelt, nachdem eine militante
873 2557 1639 2603 Haltung nicht mehr notwendig ist, Kompromisse
873 2595 1648 2636 an die Interessen der privaten Unternehmer
873 2626 1654 2663 machen und dadurch sein eigenes Fortschrittspro¬
873 2665 1655 2698 gramm vernachlässigen und gefährden könnte. Der
873 2691 1657 2738 privaten Unternehmung in Industrie und Wirt¬
873 2721 1657 2775 schaft freie Hand zu lassen, bedeutet ja in Amerika
873 2764 1657 2800 nicht freien Konkurrenzkampf, es bedeutet nur,
873 2799 1657 2838 daß die Kontrolle statt vom Staat, von einigen
873 2834 1657 2879 mächtigen Konzernen und Monopolindustrien aus¬
873 2863 1657 2910 geübt wird. Die große Auseinandersetzung, die
873 2900 1657 2942 sich in den Vereinigten Staaten während der
873 2933 1657 2978 nächsten vier Jahre abspielen wird, ist nicht die
873 2967 1657 3004 zwischen Liberalismus und Diktatur, demokra¬
884 3004 1656 3043 tischer Freiheit und Staatssozialismus, es handelt
873 3036 1657 3080 sich vielmehr darum, wer die Wirtschaft kontrol¬
873 3073 1657 3113 lieren, d. h. die Macht in Händen haben wird.
873 3113 1658 3147 Bisher haben die konservativen und liberalen
873 3138 1657 3178 Kreise Amerikas gefürchtet, daß die von Roosevelt
873 3172 1658 3218 angewendeten Methoden zum Staatssozialismus
873 3207 1657 3255 und, in letzter Konsequenz, zu einer Linksdiktatur
873 3243 1657 3284 führen werde. Seit dem 3. November hat sich die
873 3275 1657 3319 Lage etwas verändert. Viele, die für Roosevelt
873 3320 1657 3358 gestimmt haben, wünschen, daß er nicht von einer
872 3347 1657 3393 so überwältigenden Mehrheit gewählt worden
872 3379 1656 3423 wäre. Die darin ausgedrückte Besorgnis, Roosevelt
873 3416 1657 3456 könnte einen konservativeren Kurs einschlagen,
873 3456 1657 3493 wird von dem amerikanischen Sozialistenführer
873 3489 1657 3530 Norman \g\Thomas\:g\ genauer formuliert, wenn er
873 3520 1658 3572 sagt, die Linksparteien hätten es versäumt, als
873 3555 1645 3588 Gegenleistung für ihre Unterstützung bestimmte
890 3592 1657 3627 Garantien von Roosevelt zu fordern. Der Unter¬
873 3612 1657 3663 sekretär für Landwirtschaft und einer der ersten,
872 3654 1657 3705 von der Rechten am meisten gehaßten Berater
873 3697 1657 3742 Roosevelts, \g\R. G. Tugwell\:g\, hat unmittelbar
1655 1048 2405 1087 nach der Wahl auf die verzweifelte Lage der
1656 1078 2420 1115 bäuerlichen Pächter hingewiesen, seine wenige
1656 1111 2420 1157 Tage später erfolgte Demission hat nicht wenig zur
1656 1153 2420 1191 Beunruhigung der Bauern– und Arbeitergruppen
1656 1182 1848 1232 beigetragen.\:p\
1702 1214 2419 1258 \p\Man kann unter diesen Umständen sagen, daß
1656 1244 2420 1296 die Opposition seit dem 3. November nicht ver¬
1656 1287 2420 1323 nichtet ist, sondern ihr Lager gewechselt hat.
1656 1321 2420 1357 Arbeiterführer wie Norman Thomas und John
1679 1354 2419 1394 L. Lewis betonen die Notwendigkeit, daß alle
1656 1389 2420 1431 fortschrittlichen Elemente der Vereinigten Staaten
1656 1425 2420 1463 sich zusammenschließen müßten, nicht nur, um
1656 1454 2420 1505 ihr Programm, die Gründung einer \g\Farmer¬
1656 1492 2420 1529 Labor–Party\:g\, die Organisation der Massen¬
1669 1527 2419 1567 produktions–Industrien, die Verbesserung und
1656 1559 2420 1597 Durchführung des Gesetzes über die Sozialver¬
1656 1592 2421 1641 sicherung, nötigenfalls aus eigenen Kräften durch¬
1656 1630 2420 1673 zusetzen, sondern in erster Linie, um durch diese
1656 1673 2420 1702 geeinte Linksopposition auf den Präsidenten einen
1675 1701 2266 1747 genügenden Druck ausüben zu können.\:p\
2466 1044 3190 1085 \p\Roosevelt ist kein \g\Diktator\:g\. Es fehlen ihm
2438 1074 3189 1116 Neigung und Eigenschaften für diese Rolle. Man
2438 1112 3187 1157 hat ihm, im Gegenteil, häufig zum Vorwurf ge¬
2438 1145 3192 1184 macht, daß er beeinflußbar und von den Beratern
2438 1180 3192 1224 seiner näheren Umgebung abhängig sei. Bisher
2438 1222 3189 1256 hat er es verstanden, einer Radikalisierung der
2438 1253 3190 1296 Linken vorzubeugen, ihr gewissermaßen den Grund
2438 1285 3192 1327 unter den Füßen wegzunehmen, indem er Ver¬
2438 1321 3189 1360 ständnis für ihre Bedürfnisse und Forderungen
2438 1355 3192 1396 bewies und so viel tat, wie man unter den gegebe¬
2438 1395 3192 1430 nen Verhältnissen, d. h. ohne einen revolutionären
2438 1425 3190 1462 Umsturz, überhaupt für den sozialen Fortschritt tun
2437 1450 3195 1492 kann. Ob die vergangenen vier Jahre als eine Ver¬
2438 1490 3189 1537 sprechung für die Zukunft gelten dürfen, oder ob
2438 1532 3189 1570 er sich mit dem bereits Getanen zufrieden geben
2438 1566 3192 1599 und zu einem konservativen Optimismus über¬
2438 1593 3192 1638 gehen wird, hängt vermutlich allein von der Stärke
2438 1627 3198 1675 und Ueberzeugungskraft der neuen "Opposition
2438 1661 2660 1717 von Links" ab.\:p\
