9500 6340
1744 344 3886 617 Vorderasiatische Auto-Anekdoten
2315 596 3876 758 Im «Ford» von Zürich über Istanbul-Kabul nach
2315 753 2916 844 Bombay in Indien
3260 753 3886 854 Photos Annemarie Clark und Ella Maillart
2315 935 3866 1011 \p\Am 6. Juni 1939 kauften Ella Maillart und ich beim Bäcker in Simplon-
2320 1001 3881 1056 Dorf ein rundes, schwarzes Bauernbrot; das letzte Stück davon aßen wir
2315 1051 3881 1107 kurz vor der bulgarisch-türkischen Grenze. Unser grauer Ford mit der
2320 1097 3881 1157 Polizeinummer GR 2111 war neu und blitzsauber und rollte geduldig über
2320 1147 3866 1203 die nicht eben mustergültigen Balkanstraßen dem Bosporus und der mär¬
2320 1193 3866 1253 chenhaften Stadt Istanbul entgegen. In Kabul, der Hauptstadt Afghan¬
2320 1243 3881 1299 stans, trafen wir Ende August ein, gerade zur rechten Zeit, um am Radio
2315 1284 3881 1349 zu hören, wie in Europa der Krieg ausbrach. Wir hatten die letzten Wochen
2320 1339 3866 1400 damit verbracht, unseren Ford und uns selbst ungefährdet durch Afgha¬
2320 1385 3881 1445 nisch-Turkestan zu transportieren, durch Steppen und Halbwüsten in
2320 1425 3881 1491 fürchterlicher Sommerhitze, wo es noch keine richtige Straße und auch
2315 1481 3881 1541 keinerlei Nachrichten gab. Nachher dachten wir an jene Strapazen wie an
2320 1521 3881 1587 eine letzte Zeit paradiesischen Friedens zurück. Als ich dann, am Tag vor
2335 1577 3881 1637 Weihnachten, zwischen leicht verschneiten Bergketten dem Khyberpaß
2325 1617 3886 1683 entgegenfuhr und die Grenze zwischen Afghanistan und Britisch-Indien
2320 1678 3881 1733 erreichte, besah sich der englische Grenzbeamte meine Autopapiere, suchte
2315 1713 3881 1779 lange in seinen Büchern und fragte mich endlich: «Wann haben Sie den
2335 1769 3871 1824 Wagen hier hereingebracht?» — «Ich bin zum erstenmal am Khyber», ant¬
2325 1814 3866 1880 wortete ich. — «Ja, wie sind Sie dann überhaupt nach Afghanistan ge¬
2320 1860 3881 1920 kommen?» — «Auf dem Landweg, durch die Türkei, Persien, Turkestan
2320 1910 3881 1966 und über den Hindukusch.» Der Beamte sah ungläubig die Schweizer
2320 1956 3881 2016 Nummer des Wagens an und händigte mir dann resigniert einen Schein
2320 2016 3886 2077 aus, der mir erlaubte, über den Khyberpaß, Peshawar, Lahore, Delhi und
2320 2052 2997 2128 Indore nach Bombay zu fahren.\:p\
3472 2052 3831 2128 \p\Annemarie Clark.\:p\
2315 2123 3325 2289 De Zurich à Bombay (Indes)
2325 2153 3800 2390 via Constantinople-Kaboul sur une «Ford»
2370 2395 3881 2481 \p\Le 6 juin 1939, nous achetions, Mlle Ella Maillart et moi, un pain noir de
2325 2471 3886 2532 campagne à Simplon-Village. Nous en avons mangé le dernier morceau juste
2320 2522 3881 2582 avant la frontière turquo-bulgare. Notre Ford grise au numéro de contrôle
2325 2557 3886 2618 GR 2111, était neuve et étincelante de propreté. Elle roulait paisiblement le
2320 2613 3881 2673 long des routes balkaniques en direction du Bosphore et de Constantinople.
2335 2653 3881 2724 A la fin d'août, nous arrivions à Kaboul, capitale de l'Afghanistan, juste
2330 2714 3881 2769 assez tôt pour apprendre par la radio que la guerre avait éclaté en Europe.
2325 2759 3866 2820 Nous venions, pendant les semaines précédentes, de traverser non sans diffi¬
2325 2810 3886 2865 cultés les steppes et déserts du Turkestan afghanais par une chaleur torride.
2325 2850 3886 2911 Comme routes, nous n'avions que de mauvaises pistes et nous ne recevions
2325 2911 3886 2961 aucune nouvelle. Et pourtant, nous nous vîmes forcés de penser à toutes ces
2335 2956 3886 3017 péripéties comme à une dernière étape dans le paradis de la paix. Plus tard,
2325 3002 3886 3058 à la veille de Noël, alors que nous roulions vers le col du Khyber entre deux
2325 3052 3886 3108 chaînes de montagnes légèrement blanchies par les neiges, nous atteignîmes
2325 3098 3886 3154 la frontière des Indes britanniques. Là, un douanier anglais examina nos
2330 3148 3876 3209 papiers et ceux de la voiture, feuilleta longtemps ses registres et nous de¬
2325 3189 3886 3255 manda enfin: — Mais quand donc êtes-vous entré ici ? — Je passe le Khyber
2335 3234 3886 3305 pour la première fois, lui répondis-je. — Mais alors, par où êtes-vous entré
2325 3285 3886 3346 en Afghanistan ?, nous dit-il encore étonné. — Par la Turquie, la Perse, le
2325 3341 3886 3401 Turkestan et enfin, en passant l'Hindou-kouch. Le douanier regarda d'un air
2325 3386 3886 3447 incrédule le numéro suisse de notre voiture; puis sans plus tarder, il nous
2325 3437 3886 3502 tendit un visa qui nous permettait de passer le Khyber et de poursuivre notre
2325 3492 2739 3553 route vers Bombay.\:p\
253 1993 496 2023 \f\1. Begegnung auf der Route\:f\
541 2183 1683 2264 \fp\Begegnung auf der Route unterwegs zum Khyberpaß.
541 2244 1450 2335 Une rencontre sur la route du col Khyber.\:fp\
260 3767 617 3803 \f\2. Schiffsbrücke\:f\
546 3917 1880 4008 \fp\Schiffsbrücke über den Helmand bei Ghirischk in Afghanistan.
546 3987 1910 4068 Pont de bateau sur le Helmand près de Ghirischk en Afghanistan.\:fp\
210 5548 497 5582 \f\3. Schild am Khyberpass\:f\
541 5660 1829 5746 \fp\Am Khyberpaß: Karawanentiere nach rechts auf eine parallel
536 5716 1582 5792 zur asphaltierten Paßstraße geführte Nebenroute.
546 5761 1829 5847 Au Khyber, une flèche indique aux caravanes qu'une route
546 5827 1466 5908 spéciale leur est réservée pour passer le col.\:fp\
2458 5366 2767 5400 \f\4. Mechaniker und Lehrbub\:f\
2375 5498 4695 5564 \fp\Vierzehn Tage haben wir von Herat, der berühmten Timuridenstadt im Nordwesten Afghanistans, bis Mazar¬
2365 5554 4710 5620 i-Sherif, der Hauptstadt von Afghanisch-Turkestan, gebraucht. Die Reise auf dieser Straße des «Nordens» war eine
2365 5600 4710 5670 Fahrt über Karawanenpisten und Steilrampen, durch Flußbetten und Lößstaubwolken. In Mazar-i-Sherif fanden wir zum
2365 5650 4710 5731 erstenmal einen «Masteri», einen wirklichen Mechaniker, der mit seinem Lehrbuben unsere Maschine vom Lößstaub reinigte.
2375 5711 4710 5787 Quatorze jours de route nous conduisent de Hérat à Mazar-i-Sherif, capitale du Turkestan afghanais. Cette étape
2365 5766 4710 5842 se fait en grande partie sur des pistes à caravanes. A Mazar-i-Sherif, nous avons trouvé pour la première fois un
2365 5817 4644 5883 «mastéri», nom donné aux mécaniciens. Avec ses aides, il procéda à un nettoyage complet de notre voiture.\:fp\
4809 3267 5381 3297 \f\5. Anatolisches Hochland\:f\
4806 3634 6706 3709 \fp\Von Trabzon am Schwarzen Meer gelangt man über den Sianapaß auf das anatolische Hoch¬
4796 3689 6721 3760 land hinauf. Zum erstenmal öffnet sich vor uns ein Blick in die asiatische Weite. Hunderte
4801 3745 6721 3805 von Kilometer geht es jetzt geradeaus durch steinige Halbwüste. Man muß es riskieren
4796 3790 6716 3861 mit wenigstens 60 Kilometer Schnelligkeit zu fahren, dann spürt man die wellblechartig
4796 3841 5842 3901 Oberfläche der vorderasiatischen Straßen weniger.
4796 3881 6716 3972 De Trébizonde, au bord de la mer Noire, le col Siana nous conduit en Haute-Anatolie. Pour
4796 3962 6716 4013 la première fois, les vastes contrées asiatiques se présentent. Ce sont des steppes arides et pier¬
4796 4013 6716 4073 reuses, presque des déserts, qui s'étendent à perte de vue. Pour sentir le moins possible l'ondu¬
4796 4053 6423 4129 lation des routes de ce pays, il faut tenter de rouler au moins à 60 km. à l'heure.\:fp\
5852 4260 6062 4294 \f\6. Strasse des Nordens\:f\
6171 4190 6721 4275 \fp\Die Straße des «Nordens»,
6176 4270 6727 4331 die große direkte Route,
6171 4306 6721 4371 die von Herat nach Af¬
6176 4351 6727 4422 ghanisch-Turkestan führt.
6171 4397 6721 4478 Erst zum kleinen Teil ist
6171 4452 6721 4523 sie ausgebaut. Auf weite
6161 4503 6721 4574 Strecken ist sie einfach
6166 4538 6570 4619 eine Maultierpiste.
6171 4594 6721 4685 La grande voie de com¬
6171 4660 6721 4730 munication qui conduit de
6161 4710 6716 4786 Hérat au Turkestan afgha¬
6171 4771 6721 4821 nais. Ce n'est une route
6171 4806 6721 4877 qu'en de rares endroits et
6171 4862 6721 4938 sur de longues distances,
6161 4902 6590 4988 un chemin muletier.\:fp\
5856 5736 6004 5766 \f\7. Schlafen am Straßenrand\:f\
6171 5039 6721 5135 \fp\Es gibt noch nicht viele
6171 5104 6721 5180 Hotels in Afghanistan
6171 5150 6721 5226 und nicht jeden Abend
6171 5205 6721 5261 findet man ein Oasendorf
6171 5256 6711 5327 und einen gastfreundli¬
6171 5286 6721 5372 chen Garten. Dann schläft
6171 5352 6721 5413 man «am Straßenrand»
6171 5382 6721 5458 im Bett, das man mitführt,
6171 5448 6711 5509 und tut gut daran, das Mos¬
6171 5493 6721 5569 kitonetz nicht zu vergessen.
6171 5544 6721 5620 En Afghanistan, les hôtels
6171 5605 6721 5670 sont rares. Alors quand la
6171 5665 6721 5726 nuit approche, on monte
6171 5701 6721 5761 son lit au bord de la route
6171 5761 6711 5827 en veillant de ne pas omet¬
6171 5807 6575 5883 tre le moustiquaire.\:fp\
6914 5213 7126 5249 \f\8. Tankstelle Ghazni\:f\
6979 5352 7985 5413 \fp\In Ghazni gibt es sogar eine Tankstelle, denn
6979 5408 7985 5463 dieser Ort liegt an der großen Durchgangsstraße
6979 5453 7985 5509 Kabul—Kandahar. Die Afghanen lieben Blu¬
6979 5504 7985 5564 men und Vögel. Selbst der Tankwärter verzich¬
6979 5549 7656 5630 tet nicht auf seinen Vogelkäfig.
6979 5595 7985 5680 A Ghazni, on peut trouver un distributeur d'es¬
6979 5665 7985 5726 sence, car cet endroit se trouve sur la grande voie
6979 5716 7970 5776 qui relie Kaboul et Kandahar. Les Afghans ai¬
6979 5771 7975 5842 ment beaucoup les fleurs et les oiseaux. Le gara¬
6979 5817 7540 5893 giste possède aussi sa cage.\:fp\
8295 5210 8618 5243 \f\9. Korb frischgepflückter Trauben\:f\
8248 5357 9238 5418 \fp\Afghanische Gastfreundschaft. Der Bürgermei¬
8248 5413 9253 5468 ster des Dorfes Karokh läßt uns vor der Abreise
8248 5463 9238 5519 einen Korb frischgepflückter Trauben aufs Re¬
8248 5504 9253 5569 serverad binden und gibt uns einen Polizisten
8243 5559 8900 5630 als Schutz und Begleitung mit.
8253 5605 9258 5701 L'hospitalité des Afghans. Le syndic du village
8248 5670 9253 5726 de Karokh nous permet d'emporter une corbeille
8248 5726 9253 5781 de raisins qui viennent d'être cueillis. Il nous
8243 5766 9253 5857 laisse même comme escorte un de ses policiers.\:fp\
