3796 5669
138 1368 875 1450 Offener Himmel über Lissabon...
174 1449 872 1500 \p\Eine alte Dame, die mit dem abgelaufenen Paß
129 1494 876 1537 und verfallenen Bürgerrecht ihres Heimatlandes
129 1536 874 1575 ein ganzes Leben hinter sich zurückgelassen hat und
126 1572 875 1609 nun in einem Lissaboner Hotelzimmer darauf war¬
132 1605 872 1647 tet, daß ein Platz in einem Flugzeug, das nach
126 1644 878 1684 Amerika fliegt, frei wird, sagte kürzlich zu mir:
129 1681 890 1724 „Seit acht Tagen keine neuen Nachrichten! — Mein
138 1720 875 1762 Billett nach New York ist bezahlt; aber Tag für
128 1758 875 1803 Tag erklärt man auf dem Reisebureau, das nächste
129 1793 875 1839 Flugzeug sei voll besetzt! Seit drei Wochen! Bald
126 1835 872 1878 werde ich betteln müssen. Und denke dir, daß ich
126 1872 870 1912 noch vor kurzer Zeit, in Paris, glaubte: wenn ich
129 1906 890 1949 nur bis Lissabon gelangen kann, dort wird der
126 1939 436 1993 Himmel offen sein!"\:p\
174 1970 890 2026 \p\Der Himmel über \g\Lissabon\:g\ ist offen und
120 2024 876 2078 lieblich; mitten im Winter erhält er sein mildes
126 2057 875 2107 Licht, seine Weiche und seine ständige, flutende Be¬
120 2101 872 2146 wegtheit vom Ozean, so, wie die Geschichte der
126 2137 875 2178 Stadt und Portugals ihren Lebensatem und ihre
122 2177 875 2224 Kraft vom Ozean bezog. Portugal hat gegen Spa¬
123 2212 890 2251 nien in seinem Rücken gekämpft und hat von seiner
120 2243 872 2292 atlantischen Küste aus um die Gunst der Welt¬
120 2283 875 2331 meere gerungen. Die Portugiesen — Matrosen,
123 2329 872 2369 Kreuzfahrer, Katholiken und Entdecker, Segler und
123 2360 872 2401 Kaufleute — waren die Vorbereiter des Britischen
129 2397 875 2441 Imperiums, die Gründer des ersten Kolonialreichs
120 2427 872 2472 und eines „Commonwealth”, das für sie ein christ¬
120 2474 872 2511 liches war; sie lernten nie zu unterscheiden zwi¬
126 2499 890 2548 schen Kreuzzügen gegen die Mauren, Goldsuchern
126 2547 890 2594 und jesuitischen Missionaren und einem anderen,
123 2581 882 2618 weltumspannenden Reich der Völker, das wohl un¬
125 2613 633 2670 sere einzige Zukunftshoffnung ist.\:p\
168 2657 867 2709 \p\Ein Blick auf die Karte genügt, um Portugals’
114 2698 869 2755 Größe zu erklären: der Blick über den Atlantik
114 2741 890 2781 nach Amerika bedeutete nichts in den Zeiten vor
114 2780 866 2816 Columbus, und die Küste Brasiliens bedeutete der
114 2813 869 2858 Welt nichts vor dem Jahre 1500, als Cabral sie
117 2856 869 2899 entdeckte und für die portugiesische Krone in Besitz
117 2890 872 2931 nahm. Die Venezianer dachten schon im 15. Jahr¬
117 2925 872 2971 hundert daran, einen Kanal durch die Landenge
114 2964 869 3008 von Suez zu stechen; aber diese Idee bedeutete
120 3001 869 3044 nichts, bis die schöne Kaiserin Eugenie, im Jahre
120 3037 866 3089 1869, die Suezstraße eröffnete. Aber schon 1487
117 3078 872 3116 umsegelte der Portugiese Bartholomeus Diaz das
111 3105 891 3152 Kap der Guten Hoffnung, die Südspitze des riesi¬
114 3156 869 3191 gen afrikanischen Kontinents; 1498 landete ein
111 3188 870 3237 anderer Portugiese, Vasco da Gama, in Indien.
117 3227 869 3267 Und heute, nachdem der europäische Krieg den
108 3262 867 3304 Suez-Kanal verrammelt hat, sind europäische, mit
108 3304 869 3340 Indien und dem Fernen Osten handeltreibende
117 3338 872 3387 Firmen dankbar dafür, daß einige Frachtdampfer
108 3375 867 3418 von Lissabon aus ihre amerikanischen und asia¬
108 3405 867 3451 tischen Rohstoffbasen erreichen und an die Küste
111 3449 870 3496 Europas zurückkehren können. Die Schiffe zum Bei¬
114 3487 860 3528 spiel, die zur Deckung der schweizerischen Versor¬
108 3528 863 3572 gung von den schweizerischen Bundesbehörden ge¬
108 3562 872 3605 chartert wurden, müssen heute alle in Lissabon lan¬
108 3600 869 3645 den: hier entscheidet es sich, ob das Getreide aus
114 3635 869 3678 Südamerika — Weizen vom La Plata, Hafer und
111 3674 873 3722 Mais und Gerste aus Brasilien und Argentinien
111 3706 863 3750 — die Wolle aus Irland, die Baumwoll aus In¬
102 3746 863 3796 dien, unentbehrliche Rohstoffe aus den afrikani¬
105 3788 890 3830 schen Kolonien Portugals, Zucker, Kaffee, Kakao,
114 3820 863 3868 Seide, Glukose und Terpentinöl, teure Stückgüter,
102 3870 891 3898 wie Schreibmaschinen und Photomaterialien aus
108 3897 890 3935 Nordamerika, ob die für unser tägliches Brot und
108 3932 863 3979 für die Bedürfnisse unserer Wirtschaft unentbehr¬
102 3976 866 4011 lichen Güter die Schweiz erreichen werden. Von
115 4010 890 4048 Lissabon aus sind nur zwei Wege offen: der Weg
105 4048 864 4088 durch das Mittelmeer, vorbei an Gibraltar, nach
105 4085 890 4137 Genua, und der Landweg über Spanien und Teile
108 4123 287 4170 Frankreichs.\:p\
156 4159 891 4214 \p\Aber wer kontrolliert heute Spanien? Die spa¬
108 4201 863 4253 nische Verbotliste für Transitwaren entspricht eini¬
114 4243 873 4288 germaßen genau der Liste von Waren, für welche
108 4278 860 4325 vom britischen Ministerium für den Handelskrieg
102 4317 872 4370 keine Passierscheine nach Europa ausgestellt wer¬
108 4352 872 4393 den. Aber die Ladungen von Orangen, welche die
117 4392 861 4440 Schweiz im spanischen Valencia kaufte und die
114 4423 863 4469 aus unbekannten Gründen in Spanien stecken blie¬
108 4462 869 4509 ben, hat weder mit der berühmten „Spanischen
120 4506 869 4550 Liste" noch mit den britischen „Navicerts" etwas
111 4543 890 4583 zu tun. Und ebenso lag es nicht an England, daß
108 4578 863 4618 jene 75 Eisenbahnwagen voll Mais, welche im No¬
117 4622 861 4664 vember 1940 von Lissabon aus nach der Schweiz
111 4655 866 4703 abgingen, im Januar 1941 halb verfault wieder
111 4685 866 4731 an ihrem Ausgangspunkt eintrafen; denn jene
114 4727 863 4772 Maissendung besaß die britische Durchfahrterlaub¬
114 4768 863 4813 nis. Irgendeine andere Instanz also ließ den Mais
114 4807 867 4849 nicht nach der Schweiz durch, es sei denn, der
117 4841 891 4887 Transport scheiterte an jenem Mangel an spani-
113 4875 890 4933 schem Rollmaterial, der sich immer stärker spürbar
908 929 1657 974 macht. Schweizerische Firmen, zum Beispiel Pro¬
899 968 1659 1011 duzenten von teuren pharmazeutischen Produkten,
899 1006 1660 1063 würden heute bereit sein, irgendeinen Phantasie¬
917 1046 1657 1084 preis an irgendeine portugiesische oder spanische
899 1083 1660 1128 Transportfirma für Waggons zu bezahlen, wäh¬
908 1118 1660 1163 rend für Importwaren, die der Volksversorgung
914 1154 1658 1209 dienen, solche unerschwinglichen Transportpreise
899 1181 1150 1249 untragbar sind.\:p\
962 1240 1682 1288 \p\Der Hafen von Lissabon ist nicht dafür einge¬
911 1283 1657 1326 richtet, den „Welthandel“ Europas zu bewältigen.
914 1319 1654 1361 Nachdem beinahe die ganze europäische Küste des
923 1358 1654 1395 Atlantiks von Deutschland beherrscht wird und der
914 1389 1658 1434 Suezkanal nach Indien und dem Fernen Osten dem
914 1433 1654 1475 Europäischen Verkehr verschlossen ist, konzentriert
914 1465 1660 1515 sich an der portugiesischen Küste der gesamte Han¬
917 1503 1663 1546 del der neutralen Länder. Dank der modernen
917 1538 1657 1584 Hafenanlagen in Genua zum Beispiel kann die
914 1578 1651 1621 Getreidefracht eines Dampfers innerhalb von eini¬
914 1616 1683 1657 gen Stunden durch Saugrohre entleert werden; in
920 1651 1654 1692 Lissabon muß das gleiche Volumen an Getreide an
899 1690 1658 1735 Bord in Säcke gefüllt, dann in kleine portugie¬
914 1726 1654 1768 sische „Segel-Fragattas" verladen, an Land ge¬
913 1768 1658 1800 bracht und auf Camions in die Magazine trans¬
920 1800 1651 1840 portiert werden; dafür braucht man meistens bis
916 1837 1657 1879 zu vierzehn Tagen. Im ganzen Lissaboner Hafen
923 1875 1657 1919 existiert ein einziger moderner „Pier“ oder Quai;
899 1916 1648 1956 er wird von den einzigen, noch mit Amerika ver¬
914 1951 1660 2005 kehrenden Passagierdampfern der „American Ex¬
899 1975 1254 2036 port Lines" benützt.\:p\
962 2008 1654 2068 \p\Man darf nicht ungerecht sein, und Lisboa im
914 2061 1660 2119 kleinen Portugal mit Hafenanlagen, wie denen
914 2111 1683 2151 von Edingen oder Genua, Haisa oder Rotterdam
914 2140 1658 2186 vergleichen. Noch darf man die jetzt überfüllten
914 2175 1654 2223 Kaffees von Lissabon mit denen des alten Amster¬
899 2211 1683 2266 dam und Wien, seine Restaurants mit denen von
914 2253 1651 2296 Venedig, seine Hotelpreise mit denen von Lau¬
914 2286 1660 2328 sanne und Barcelona, seine Läden mit denen von
914 2327 1654 2369 Prag und Paris vergleichen. Aber wie sieht es
914 2362 1660 2399 heute aus in Paris, in Prag, Wien, Mailand und
917 2397 1657 2438 Amsterdam? Das in Schlaf gesunkene Küstenland
914 2434 1651 2481 Portugal, durch eine Reihe von relativ unerheb¬
908 2469 1657 2524 lichen Oliven- und Rebenhügeln von Europa ge¬
899 2508 1651 2550 trennt, durch die Kraft nationaler Tradition ge¬
899 2545 1683 2587 trennt von den Geschicken Spaniens, hat den Ueber¬
920 2584 1657 2630 gang von der Monarchie der Braganzas zur Repu¬
908 2621 1652 2669 blik erfahren; es lebt unter dem demokratischen
920 2658 1657 2705 jedoch autoritären und weisen Regime von Sala¬
914 2697 1658 2738 zar, den man keinen „Diktator", sondern eher ei¬
899 2734 1658 2766 nen „demokratischen Vermeider der Diktatur“, nen¬
911 2767 1652 2806 nen kann. Portugal wurde die seltene Gunst ge¬
917 2803 1657 2845 währt, die Früchte seiner Erneuerung reifen zu
905 2835 1658 2887 lassen. Inmitten des europäischen Geschickes und
917 2882 1657 2919 des zweiten Weltkrieges sind Salazar und seine
908 2915 1657 2957 junge Generation von Mitarbeitern noch am Werk.\:p\
956 2962 1655 3013 \p\Aber inzwischen wurde das altmodische Küsten¬
907 2997 1660 3053 städtchen Lissabon, die malerische Hauptstadt des
917 3039 1657 3078 „neuen Portugal”, plötzlich zu einer anderen Rolle
908 3075 1654 3116 berufen. Die Auswanderer des vom Krieg heim¬
899 3114 1658 3157 gesuchten Kontinentes sitzen in Lissabon und war¬
911 3152 1652 3196 ten darauf, bis sich ihnen die Tore Amerikas öff¬
908 3186 1652 3233 nen. In Lissabon werfen die Frachtschiffe Anker,
908 3224 1682 3269 die nach Südamerika, Australien oder rings um
902 3263 1666 3304 das Kap der Guten Hoffnung nach Kenya, der
908 3302 1667 3350 Südafrikanischen Union, Singapur und die beiden
908 3333 1660 3386 Indien gelangen sollen. Die Schweiz und andere
908 3373 1655 3417 innereuropäische Gebiete sind für ihre Versorgung
908 3413 1657 3451 abhängig von Lissabon. In Lissabon kreuzen sich
908 3448 1652 3486 wie zur Zeit Heinrichs des Seefahrers die Welt¬
908 3483 1654 3529 straßen von Osten und Westen. Die „merkwürdigste
911 3522 1660 3570 Kapitale der Welt" wurde diese Stadt kürzlich
908 3561 1657 3601 von einem englischen Journalisten genannt, der
908 3596 1660 3641 über die Nöte und die Intrigen berichtete, die sich
905 3633 1657 3673 heute in der portugiesischen Hauptstadt spinnen.
914 3671 1654 3712 Sie ist zu mehr berufen, als nur eine Vermittler¬
902 3708 1654 3749 rolle zu spielen für die Notdurft von gelähmten
908 3747 1654 3792 Kontinenten, von Intriganten und heimatlosen
899 3782 1683 3826 Flüchtlingen. Ueber Nacht zum Knotenpunkt des
920 3820 1621 3864 — allerdings ungemein zusammengeschrumpften —
899 3856 1660 3899 Welthandels- und Weltverkehrs geworden, ist Lis¬
899 3892 1658 3940 boa, über nationale Schranken und die Anonymi¬
908 3933 1657 3970 tät eines charmanten Namens hinaus, zu einem
902 3969 1682 4002 Symbol geworden: Es zeugt für die Kraft und
899 4004 1654 4054 den Willen einer unbesieglichen Menschheit, die
902 4043 1657 4088 träge Materie und den barbarischen Aberglauben
899 4089 1683 4124 an ihre brutale Macht zu überwinden und immer
905 4114 1660 4164 wieder jene Mächte der Venunft und des Geistes
899 4156 1658 4192 zum Triumph zu führen, die einst Amerika ent¬
908 4192 1667 4233 decht, die Landenge von Suez geöffnet und den
911 4230 1682 4288 Weg um das Kap der Guten Hoffnung gefunden
914 4265 1004 4316 haben.\:p\
1478 4266 1629 4316 A.C.-Sch.
