3827 5669
269 3798 705 3871 Baltisches Tagebuch.
465 3871 520 3903 III.
353 3904 623 3957 Neue Hauptstädte.
150 3943 890 3997 \p\Man hat seit der überraschenden Wiedergeburt der
117 3981 888 4020 Türkei, die von der Vorkriegsdiplomatie „der kranke
116 4012 888 4057 Mann am Bosporus“ genannt wurde, der neugewählten
120 4043 889 4087 Hauptstadt Ankara viel Aufmerksamkeit geschenkt [vgl. entsprechend Artikel von AS]: mitten
117 4076 888 4109 aus der Steppe Kleinasiens entwickelte sich da ein armes,
117 4109 888 4155 vergessenes anatolisches Dorf in wenig Jahren zur mo¬
117 4134 888 4170 dernen Kapitale mit Regierungs- und Verwaltungs¬
117 4179 888 4214 palästen, Kasernen, Schulen und Fabriken, in kürzester
117 4198 888 4248 Zeit waren die ausländischen Gesandtschaften gezwungen,
117 4226 889 4274 ihren Sitz vom ehrwürdig-bunten Istanbul hinauf in die
117 4256 888 4299 Hochebenen-Stadt zu verlegen, und alljährlich am 29. Ok¬
117 4294 888 4329 tober läßt Kemal Atatürk auf dem Paradefeld vor den
123 4323 888 4370 weißen Mauern Ankaras die neuen Kräfte des jungen
123 4349 815 4386 Staats in eindrucksvollem Aufmarsch erscheinen [dazu insbesondere smallform_?]. –
120 4377 889 4420 Aehnlich verwundert hat man im Nahen Osten seit dem
123 4410 888 4447 Weltkrieg ganz neue Städte gleichsam über Nacht aus dem
123 4444 889 4490 Boden schießen sehen, hat die rasche Entwicklung von Tel
123 4468 888 4518 Aviv verfolgt, hat miterlebt, wie neue arabische Herrscher
120 4498 890 4548 vom Beduinenzelt in einen modernen Königspalast
119 4534 294 4582 übersiedelten.\:p\
144 4557 889 4602 \p\Städte sind eigentlich ihrem Wesen und Wachstum
123 4599 888 4639 gemäß als sichtbare historische Zeichen, als Geschichtsträger
122 4630 888 4667 bestimmt, — wir besuchen Rom nicht um zufälliger
120 4665 890 4706 Schätze willen, die es bigt [recte: birgt], sondern als die Stadt der
132 4698 889 4736 Päpste und die erste Weltstadt eines europäischen Im¬
126 4729 889 4764 periums, das in seinen Gärten, Straßen, Plätzen und
129 4752 888 4791 Denkmälern ehrfürchtige Erinnerung weckt. Paris und
120 4783 889 4833 Wien, intensiver vielleicht noch Prag und Warschau, sind
125 4813 888 4855 solche Künder und Erwecker des geschichtlichen Bewußtseins.
126 4846 889 4887 Neue Städte hingegen wirken unnatürlich, weil das
128 4871 888 4919 Menschenwerk noch nicht gefestigt und geadelt ist, weil die
126 4907 889 4969 Steine noch nicht mit Moos bewachsen sind, weil man
885 3759 1665 3804 fürchtet, diese Gebäude und Straßenzüge könnten über
887 3789 1666 3840 Nacht einstürzen, wie sie über Nacht aufgerichtet wurden.\:p\
908 3822 1645 3859 \p\Komplizierter steht es mit alten Städten, die in einer
890 3857 1649 3906 veränderten Epoche eine neue Bestimmung erhielten, und
885 3889 1636 3937 es ist mehr als nur eine sprachliche Formalität, wenn die
887 3917 1666 3967 aus Weltkrieg und Revolution hervorgegangenen balti¬
885 3949 1666 3996 schen \g\Nationalstaaten\:g\ die Namen ihrer neuen Haupt¬
885 3979 1666 4024 städte umänderten, Kowno in Kaunas, Reval in Tallinn.
885 4010 1666 4048 Man wollte mit diesem äußeren Zeichen die historische
885 4048 1667 4086 Vergangenheit der deutschen Hansestadt Reval bannen,
884 4072 1666 4116 dem neuen Kaunas, das vorher eine russische Provinzial¬
885 4104 1639 4145 hauptstadt war, die Legitimität der Kapitale Litauen
885 4134 1666 4170 verleihen. Das Binnenstädtchen Kowno, der internationale
885 4166 1667 4205 Hafen Riga, die deutsche Hansestadt Reval und das dem
885 4200 1646 4240 skandinavischen Ufer zugewandte Helsingfors mochten
885 4223 1666 4276 vor zwanzig Jahren wenig Aehnlichkeiten aufweisen,
884 4251 1665 4301 vielmehr glich Helsingfors dem schwedischen Stockholm,
885 4283 1666 4330 und Reval dem deutschen Danzig. Heute aber sind sie
884 4315 1666 4348 verwandt trotz aller Verschiedenheit, die natürlich geblieben
890 4346 1666 4382 ist: vier Hauptstädte von vier Baltischen Staaten! Abseits
885 4379 1667 4415 von den großen Achsen der europäischen Politik, wenig
885 4406 1666 4441 beachtet seitdem man sicher war, daß die bolschewistische
885 4437 1666 4470 Revolution von den baltischen Ufern zurückgeebbt sei, sich
885 4468 1666 4505 selbst überlassen seit dem Abschluß und der Neuordnung
885 4499 1666 4533 durch die Friedensverträge, haben diese baltischen Länder
890 4531 1666 4568 sich in 17 oder 20 Jahren zu nationalen Einheiten ent¬
885 4559 1666 4597 wickelt. Sie haben sich auch schon nationalistisch und ein
885 4590 1666 4627 bißchen überheblich im Gefühl ihrer endlichen Befreiung
885 4619 1665 4659 gefestigt und abgeschlossen, untereinander aber trotz der
885 4652 1666 4684 Verschiedenheit ihrer mit liebender Sorge gepflegten
885 4680 1666 4718 Sprachen viel Verkehr gepflogen und sich über die wichtig¬
885 4713 1667 4750 sten Fragen der Wirtschaft und gemeinsamer Politik
884 4741 1654 4788 geeinigt. Ihre Studenten [vgl. smallform_?] — sie müssen, wenn sie sich
885 4769 1657 4811 treffen, deutsch sprechen, um sich zu verständigen! — haben
885 4801 1651 4847 schon 1920 eine gemeinsame Vertretung geschaffen, nach
885 4834 1650 4875 den Initialen ihrer Staaten „SELL“ genannt, — und in
885 4869 1667 4905 ihren Armeen und auf ihren Schiffen, in der neuen
885 4894 1666 4952 Bürgerschaft der Städte und beim neuen Stand der
1662 3747 2442 3795 selbständigen Kleinbauern herrscht in den vier Staaten
1663 3788 1977 3828 ein verwandter Geist.\:p\
1696 3810 2443 3866 \p\Wer jetzt dort ankommt, muß schon dankbar sein, daß
1663 3850 2443 3889 in den Staaten das Deutsche und neuerdings das Englische
1663 3877 2442 3918 neben so fremdartigen Idiomen wie lettisch oder estnisch
1663 3907 2442 3948 gepflegt oder neuerlernt wird. In \g\Kaunas\:g\ könnte man
1663 3945 2443 3983 sich mit russisch oder polnisch behelfen, — dort gab es
1663 3967 2442 4006 keine Deutsch-Balten, die litauischen Gutsbesitzer waren
1663 3998 2442 4036 ihrer Herkunft nach meistens Polen, und im Städtchen
1663 4037 2389 4071 Kowno saß eine russische Garnison und Beamtenschaft. –
1662 4061 2442 4109 Natürlich wird enorm gebaut, und nach modernsten Plänen
1677 4091 2419 4138 gibt es Ministerien und Kasernen, Schulen und Sport¬
1663 4120 2442 4163 plätze, Bahnhöfe und Postämter, und was alles noch zu
1663 4150 2442 4191 einer neugebackenen Kapitale gehört. Aber während manche
1681 4189 2442 4224 Straßen schon ganz großstädtisches, andere ein stark offi¬
1663 4214 2442 4255 zielles Gepräge tragen, braucht man nicht weit zu gehen,
1663 4247 2442 4278 um sich plötzlich wieder im alten russischen Kowno zu
1663 4278 2443 4319 befinden: breite Dorfstraßen, ungepflastert, mit hölzernen
1663 4306 2442 4357 Gehsteigen und einstöckigen „Datschen“-Häuschen an den
1662 4335 2442 4383 Seiten, eine alte Kirche mit grünem Zwiebeltürmchen,
1663 4367 2443 4406 ein paar Droschken mit hohem Kummetbogen und eis¬
1663 4396 2442 4433 grauen Kutschern: und am Abend begegnet man im
1663 4427 2442 4463 altmodisch geschmückten, hohen, kalten Festsaal des Hotels,
1663 4463 2443 4500 wo ein langes Buffet mit kalten Vorgerichten überladen
1662 4488 2419 4532 ist und eine Kapelle in roten Röcken militärisch zum Mal
1663 4516 2442 4558 aufspielt, der kleinstädtischen Atmosphäre einer russischen
1663 4559 2443 4589 Garnisonsstadt in der Zarenzeit. Draußen aber, in den
1663 4580 2443 4620 grünen Anlagen, spielen Kinder, sitzen junge Proletarier
1663 4607 2410 4647 lesend auf den Bänken, wiegen Mütter in bäurischen Kopf¬
1663 4643 2442 4678 tüchern ihre Säuglinge, promenieren Soldaten, — und
1663 4674 2443 4716 dieses Bild, das an die Kulturparks von Moskau und Baku
1663 4702 2417 4745 erinnert, findet man in Riga und in Tallinn wieder ...\:p\
1696 4731 2425 4777 \p\\g\Riga\:g\, die Hauptstadt Lettlands, ist reicher, groß¬
1663 4757 2425 4799 städtischer, internationaler als Kaunas. Man atmet die
1663 4788 2437 4831 Luft des Hafens, sieht die Flaggen fremder Länder, hört
1663 4822 2437 4867 vielerlei Zungen, — aber im Zentrum wird im gleichen
1663 4854 2442 4895 Stil und Ausmaß gebaut wie in Kaunas, und im Straßen¬
1663 4894 2443 4945 bild macht sich die gleiche eigenartige Mischung von neuen
2439 3741 3205 3787 Beamten, neuem Militär und einem beginnenden Bürger¬
2439 3773 3201 3814 tum und Proletariat bemerkbar, das noch bäurisch¬
2439 3807 3213 3844 ländliche Gesichtszüge trägt. Das Zentrum des neuen
2439 3836 3208 3870 nationalen Lebens ist — erfreuliche Feststellung! — die
2439 3867 3201 3900 Universität, in der eine selbstbewußte Jugend fleißig und
2439 3901 3204 3932 begierig lernt, um sich auf die vielen Aufgaben vorzu¬
2439 3928 3205 3965 bereiten, die ihr das im Aufbau begriffene Land bietet.
2439 3957 3210 3992 Die Väter waren noch Bauern, die Großväter vielleicht
2439 3992 3209 4026 Leibeigene auf einem baltischen Gut, — die Söhne aber
2442 4020 3214 4061 werden Techniker u. Ingenieure, Lehrer u. Offiziere sein!\:p\
2471 4050 3211 4091 \p\Von Riga nach \g\Tallinn\:g\ sind es nur etwa 16 Stunden
2439 4057 3201 4118 Fahrt: aber welcher Unterschied zwischen den zwei Haupt¬
2439 4111 3201 4145 städten der Letten und der Esten! Reval war einst eine
2439 4138 3210 4181 starke Hansestadt, Rathaus und Kirchen und der auf dem
2439 4173 3211 4222 grünen Domberg prächtig gelegene Dom sind deutsch,
2439 4201 3210 4239 voll von Zeugnissen der städtischen Geschichte mit ihren
2439 4234 3210 4277 Gilden und ihren streng gehüteten Vorrechten, ihrer
2439 4270 3214 4316 politischen Weisheit und kaufmännischen Monopolstellung.
2439 4301 3210 4344 Aber heute sind das nur noch Erinnerungen, und im neuen
2439 4326 3210 4360 Tallinn (der Name bedeutet „Dänenburg“ und erinnert
2439 4356 3210 4397 an die Gründung der Stadt durch den Dänenkönig Wal¬
2439 4385 3209 4424 demar) hat wie in Riga eine neue, vom Land gekommene,
2439 4426 3211 4466 gesunde und fähige Generation ihren Einzug gehalten.
2439 4450 3207 4486 Im übrigen orientiert man sich hier nach dem stamm¬
2454 4484 3211 4518 verwandten Finnland, — und in den hellen, kühlen
2439 4506 3213 4552 Sommernächten mag die eigenartige Mischung von
2439 4540 3208 4573 schlanken, alten Kirchtürmen, lauschigen Gassen und
2439 4570 3207 4615 Plätzen mit modernen Fassaden großer Kaufhäuser und
2454 4601 3208 4640 Banken und neuen Kirchen auch ein wenig an \g\Helsinki\:g\
2439 4634 3210 4672 gemahnen, dessen moderne Architektur berühmt ist und
2439 4671 3220 4713 sich kühn und stilvoll einfügt in das schöne Gemälde einer
2457 4695 3216 4734 Bucht und Meer beherrschenden nordischen Hauptstadt ...\:p\
2830 4724 3180 4769 \g\Dr. Annemarie Clark\:g\.
