4215 7078
629 4654 850 4734 Kurdistan
348 4722 1138 4770 Von Annemarie \g\Clarac-Schwarzenbach\:g\
334 4764 1201 4819 \p\Einer der sechzig Bände von Karl May nannte sich
286 4805 1201 4850 „Durchs wilde Kurdistan“. Der Autor hatte jenes
282 4845 1201 4880 Land nie gesehen, so wenig als die Savannen Nord¬
280 4875 1201 4924 amerikas, und er kannte die wilden Kurden so wenig
280 4916 1201 4954 wie den großen Häuptling Winnetou, den wir als
282 4950 1172 4995 Kinder alle so geliebt haben. Karl May „bezwang"
282 4983 1201 5021 Kurdistan natürlich zu Pferd, mit der Flinte über dem
286 5019 1201 5057 Rücken und dem Dolch im breiten Gürtel. Die neue
289 5055 1202 5101 Straße, die man heute mit dem Auto benützen kann,
280 5083 1194 5131 ist eben erst fertig geworden. Man nennt sie „Straße
291 5126 1182 5164 von Ravandouz“, nach einem der Dörfer, die sie berührt
315 5160 1201 5199 – und sie gleicht, in ihren besten Strecken, durchaus
282 5196 1201 5230 einer unserer mittleren Alpenstraßen. Brücken aller¬
282 5230 1201 5268 dings sind immer noch selten, und im Winter und
282 5266 1201 5310 Frühjahr muß man auf allerhand Ueberraschungen
282 5299 1201 5340 gefaßt sein — schon gleich hinter \g\Mossul\:g\, 50 Kilo¬
282 5336 1201 5383 meter davon entfernt, kann die Reise scheitern: Dort
280 5363 1201 5410 gilt es nämlich, den \g\Zab\:g\ zu durchqueren, einen breiten
282 5406 1201 5446 Fluß, der nach einigen Regengüssen ein vierarmiges
280 5440 1201 5478 Bett mit seinen Wassermassen füllt. Ueber den Haupt¬
280 5473 1201 5521 arm, der in der Mitte liegt, wird man in einer primi¬
280 5509 1201 5546 tiven Fähre befördert. Schon bei gewöhnlichen Ver¬
282 5542 1201 5587 hältnissen ist es nicht einfach, den Wagen über zwei
286 5579 1201 5629 schmale Bretter von der Sandbank aus auf den hohen,
280 5616 1185 5656 schwankenden Kahn zu befördern. Drüben muß er
280 5652 1134 5689 dann rückwärts wieder hinuntergeschafft werden –
286 5682 1201 5722 und die Bretter stehen so steil, daß man es nicht ver¬
280 5717 1201 5769 hindern kann, daß das Ende des Wagens aufsitzt. Und
286 5758 847 5801 nun erst bei hohem Wasserstand!\:p\
336 5769 1202 5832 \p\Wir sind, im Mai, schon im ersten Arm liegen ge¬
282 5828 1201 5868 blieben, und während wir auf die Sandbank wateten,
282 5861 1201 5898 um Leute zu holen, stieg das Wasser zusehends und
276 5892 1201 5934 lief in das Innere des Wagens. Der halbe Motor
280 5931 1201 5978 stand unter Wasser. Die Beduinen, die am Zab wohn¬
282 5963 1201 6006 ten, verdienen als Lotsen nicht schlecht. Sie haben
282 5998 1201 6036 Uebung, sie kennen die Untiefen und sandigen Stellen,
286 6035 1201 6075 und unter lautem Geschrei, die Hemden bis zum Gür¬
286 6070 1201 6115 tel hochgerollt, springen sie in den Fluß, zu zehn oder
282 6104 1201 6157 mehr, um sich der blockierten Wagen zu bemächtigen.
1217 4661 2119 4707 Aber trotz ihrer Zahl, trotz ihrer Umsicht und Er¬
1217 4701 2133 4738 fahrung, haben wir drei volle Stunden damit zuge¬
1213 4735 2133 4777 bracht, zwei Wagen ans andere Ufer zu schaffen! Die
1198 4773 2135 4811 Bevölkerung der nächsten Ortschaften spricht bereits
1198 4810 2119 4846 türkisch und bald auch kurdisch. Ueberhaupt kann man
1197 4839 2124 4886 immer wieder feststellen, daß unbekümmert um die
1197 4873 2119 4916 neuen Staatengrenzen im ganzen nördlichen Gebirgs¬
1198 4915 2125 4961 rand von Kleinasien bis hinauf zum Kaukasus, im
1211 4944 2119 4984 nördlichen Irak so gut wie in Nordpersien vom Kaspi¬
1197 4974 2135 5037 schen Meer bis hinein nach Kurdistan, die türkische
1198 5017 2135 5067 Sprache vorherrscht, während Arabisch und Persisch
1198 5047 1881 5093 die \g\amtlich\:g\ benützten Sprachen sind.\:p\
1259 5085 2133 5132 \p\Hinter dem gefährlichen Zab breitet sich eine ein¬
1198 5111 2135 5162 förmige Ebene aus, die erst bei \g\Erbil\:g\ endet. Hier
1198 5162 2119 5204 hat, im Jahre 331, die berühmte Schlacht von Arbela
1198 5197 2135 5238 stattgefunden — man nennt sie auch die „von Gauga¬
1198 5226 2117 5269 mela“, die Alexander den endgültigen Sieg über den
1198 5263 2135 5310 Perserkönig Dareios Kodomannos eintrug. Vom
1198 5302 2136 5344 alten Arbela ist ein mächtiger, ebenmäßiger Teil
1198 5337 2117 5388 übriggeblieben, ein Ruinenhügel wie derjenige der
1198 5371 2135 5407 Zitadelle von Aleppo. Man sieht ihn von weitem
1198 5406 2111 5450 auftauchen: mauergekrönt, umgeben von den niedri¬
1198 5442 2135 5469 gen Quartieren der neuen Stadt Erbil. Vor der
1198 5473 2135 5520 Stadt, mitten im leeren Feld, steht ein großer, zerbro¬
1198 5512 2135 5542 chener Turm, der vielleicht zu einer ehemaligen Be¬
1198 5541 2135 5587 festigung gehört hat. Der Anblick von Erbil gehört
1198 5581 2135 5620 zu den erstaunlichsten, deren ich mich entsinnen kann.\:p\
1267 5609 2133 5660 \p\Dahinter beginnt \g\Kurdistan\:g\: und trotz des
1206 5655 2133 5699 leichteren Zugangs und einer teilweise asphaltierten
1198 5699 2132 5747 Straße, behält der Titel Karl Mays seine Aktualität.
1198 5719 2135 5770 Es ist ein wildes Land, und ein unbekanntes Land.
1213 5762 2133 5803 Noch immer liegt es außerhalb der großen Verkehrs¬
1198 5796 2135 5842 wege des Orients — weit entfernt von den schönen
1198 5821 2135 5870 Straßen Syriens und den vielbefahrenen Wüsten¬
1198 5868 2135 5912 routen, die von Damaskus und Aleppo aus nach
1198 5892 2135 5934 Baghdad führen. Der Weg nach Persien hält sich an
1198 5935 2133 5980 die alte Heerstraße: Khanikin, Kermanschah, Hamadan,
1198 5972 2135 6014 Teheran. Und auch die alte Karawanenroute, die
1198 6003 2065 6045 Persien mit Rußland verband, berührte Täbris –
1197 6010 2133 6090 damals größer und bedeutender als Teheran — ließ
1197 6085 2135 6127 aber Kurdistan seitab liegen, und seine Berge unbe¬
1198 6099 1322 6157 helligt.\:p\
2196 4673 3070 4708 \p\Jetzt gibt es die Straße — und man begegnet
2130 4680 3070 4755 Lastwagen, die sie benützen, um Täbris oder Urmia
2130 4741 3070 4790 zu erreichen. Die Zahl der Reisenden, die auf diesen
2130 4777 2819 4816 Umweg verschlagen werden, ist klein ...\:p\
2196 4806 3070 4884 \p\Und doch lohnt sich die Mühe reichlich! Man findet
2130 4863 3070 4914 eine großartige, unberührte, romantische Landschaft,
2130 4908 3070 4942 die manchmal an die Pyrenäen erinnert, an die grü¬
2130 4936 3070 4993 nen Weideflächen der baskischen Provinzen, an die
2130 4971 3070 5016 schmalen Klüfte und Engpässe zwischen Roncevalles
2130 5009 3070 5052 und der kleinen Republik Andorra, manchmal an die
2143 5050 3070 5086 großen Alpenstraßen im Wallis, manchmal an die
2142 5080 3070 5131 kahlen Höhenzüge Anatoliens. Und dann wieder ist
2130 5096 3070 5157 alles anders, ein neues, fremdes, wunderbares Ge¬
2130 5152 3070 5196 birge, mit neuen Farben, neuen Formen, neuen
2130 5180 2738 5244 Pflanzen, Bäumen und Gesteinen.\:p\
2203 5231 3070 5290 \p\Die Strecke teilte sich in eine Folge von Pässen,
2130 5280 3070 5321 die einen Höhenzug überwanden, und Täler, in denen
2130 5314 3053 5358 die Dörfer in reichem Grün versteckt lagen. Gärten,
2155 5351 3070 5384 Baumgruppen, kleine Felder umgaben sie, und fette
2130 5378 3070 5420 Weiden, die den kleinen Flüssen folgten. Die Dörfer
2130 5421 3038 5468 erinnerten an die Gebirgsdörfer Kleinasiens: wäh¬
2151 5447 3070 5498 rend unten in der Ebene die Beduinen ihre Hütten
2130 5485 3070 5535 in der Form von Zelten errichten, teilweise, beson¬
2130 5522 3070 5574 ders in Syrien, aus Strohmatten, — während die
2130 5558 3070 5598 größeren Dörfer aus Häusern mit Innenhöfen, und
2130 5596 3070 5632 streng verschlossenen Gassen bestehen — sah man hier
2130 5629 3070 5666 wieder die einfache Front mit einem von dünnen
2130 5662 3053 5699 Holzsäulen getragenen Vordach und der fensterlosen
2130 5697 3070 5748 Rückseite, und fand diese Häuser wieder in Terrassen
2129 5723 3044 5784 übereinander angelegt, den ansteigenden Hügeln fol¬
2130 5762 3047 5817 gend. Doch, je höher wir stiegen, um so seltener wur¬
2130 5801 3070 5854 den die Dörfer. Wir kamen in die Gebiete der No¬
2130 5836 3070 5876 maden. Kurdische Nomaden trifft man im ganzen
2130 5872 3070 5904 Vorderen Orient. Man erkennt besonders leicht die
2130 5902 3070 5940 Frauen: sie sind groß und schön gebaut, sie haben
2130 5938 3070 5980 männliche, herbe Gesichter, und tragen meistens auffal¬
2130 5973 3070 6022 lend große Turbane und lange enge Röcke, die den
2137 6007 3072 6053 altpersischen Leibröcken gleichen. Sie fallen durch ihre
2130 6038 3070 6084 stolze und anmutige Haltung auf, die sie selbst als
2130 6071 3070 6114 bettelnde Zigeuner noch bewahren. „Zigeuner“ sind
2130 6109 3072 6168 sie in der Türkei, wo man sie, in den anatolischen
3067 4663 3988 4715 Steppen, als arme Nomaden findet, auch in den
3067 4709 3988 4751 Außenquartieren und auf den Burghügeln von An¬
3067 4746 3993 4787 kara. In Baghdad sind die Kurden meistens „Ha¬
3076 4781 3991 4823 mals“, Lastträger, die man unter unmäßige Lasten,
3080 4814 3991 4855 Säcke, Kisten, Möbelstücke gebückt durch die Straßen
3067 4853 3988 4892 rennen sieht. Und in Persien findet man oft depor¬
3067 4885 3992 4930 tierte Kurden aus aufständischen Dörfern. Ueberall
3067 4921 3992 4958 kennt man sie als arme, meistens nomadisierende
3067 4949 3992 5006 Leute, und überall findet der Ausdruck von den „stol¬
3067 4989 3992 5041 zen und räuberischen Kurden“ seine Bestätigung.
3067 5026 3992 5061 Rassenforscher streiten sich darüber, ob die Kurden
3067 5060 3992 5096 indogermanischen Ursprungs, und damit von den
3066 5088 3992 5140 anderen Gebirgsvölkern Vorderasiens, den Arme¬
3067 5126 3992 5164 niern, Kaldäern, Assyrern, grundsätzlich zu unterschei¬
3067 5159 3992 5201 den seien. Neue anthropologische Messungen haben
3074 5199 3991 5236 diese Annahme nicht bestätigt. Sicher ist, daß sich die
3080 5230 3991 5282 Kurden wenig vermischen, und daß sie ein Volk von
3067 5268 3994 5309 besonderen Charaktereigenschaften, besonderen kriege¬
3067 5298 3992 5345 rischen Tugenden sind. In der Türkei und in Persien
3067 5338 3992 5382 hat man sie entwaffnet — aber nach welchem Wider¬
3086 5373 3988 5409 stand! In Irak begegnet man ihnen noch in ihren
3067 5394 3993 5448 Dörfern, in ihrer Heimat, auf ihren alten Nomaden¬
3067 5443 3992 5486 wegen, sie tragen dort ihre alte Tracht, den langen
3067 5474 3992 5513 Leibrock, den breiten Gurt, den großen, schweren
3086 5508 3991 5554 Turban, und sie gehen bewaffnet, mit Gewehr und
3067 5548 3992 5593 Patronentaschen, breiten Dolchen und krummen Tür¬
3067 5580 3992 5629 kensäbeln. Ihr Anblick ist mehr romantisch als ver¬
3067 5610 3992 5653 trauenerweckend —, aber man braucht sie, im Augen¬
3067 5646 3988 5694 blick, nicht zu fürchten. Sie haben auf das Räuber¬
3067 5688 3992 5735 handwerk verzichtet und begnügen sich mit ihren
3085 5714 3352 5767 Stammesfehden.\:p\
3127 5762 3991 5808 \p\Sie sind heute noch berühmte Pferdezüchter. Als
3067 5790 3992 5846 wir in das Gebiet der Alpweiden kamen, fanden wir
3067 5839 3988 5883 überall in den grünen Talflächen ihre Lager, Zelte,
3067 5875 3992 5917 Teppichballen und Feuerstellen, in der Nähe der wei¬
3067 5907 3992 5953 denden Herden. Die Pferdezucht, auch die arabische,
3067 5939 3992 5986 ist sonst fast überall im Niedergang begriffen. Hier,
3067 5981 3991 6025 in den kurdischen Gebirgen, wo das Auto nicht
3067 6005 3988 6068 brauchbar ist und wo keine Mandatmacht die Noma¬
3067 6043 3992 6086 den zur Seßhaftigkeit zwingt — hier züchtet man
3067 6084 3992 6129 immer noch die gleichen, schönen, zähen Pferde und
3067 6109 3744 6167 verwendet sie nach alter wilder Art ...\:p\
