3775 5669
944 1909 1723 2051 Reisen mit Geld
392 2084 2313 2245 \p\Ein Vorurteil — nennen wir es gleich so — lau¬
295 2199 2326 2362 tet, daß man in der Schweiz nur mit Geld reisen
293 2316 2329 2469 könne, mit viel Geld sogar — und man möchte sich
295 2436 2308 2581 wundern, daß ein Land, welches vorab vom Frem¬
290 2532 2313 2688 denverkehr lebt, nach Ansicht der Fremden sich
285 2639 2313 2815 einen so kostspieligen Ruf leisten kann. Es sei vor¬
300 2784 2313 2909 weggenommen, daß ein öffentlich als reich bekann¬
295 2868 2313 3023 ter Mann Ursache haben wird, jedes Land sehr
282 2988 2306 3141 teuer zu finden — und daß ein armer Mann wie¬
282 3100 2313 3253 derum auch in den teuersten Ländern Mittel und
295 3202 2306 3367 Wege findet ... kurzum, es verhält sich mit die¬
272 3306 2313 3482 sem Ruf wie mit jedem anderen, seine Geltung ist
285 3423 2296 3581 relativ. Womit die (relative) „Teuerkeit“ der Schweiz
270 3530 2308 3695 natürlich nicht bestritten werden soll, wenigstens
282 3672 2308 3823 wenn man als Maßstab die Orte von Montreux bis\:p\\fml\
1448 1486 3472 1608 \p\\fml\St. Moritz nimmt — die allerdings nicht nur den
1443 1580 3477 1720 teuren, sondern auch den luxuriösen Vorstellungen
1443 1702 3470 1829 alle Ehre machen. Muß man doch das Geforderte
1458 1803 3487 1971 mit dem Gebotenen vergleichen, und da stellt sich
1463 1930 3485 2059 dann heraus, daß die Schweizer jedem das Seine
1453 2032 3477 2181 zukommen lassen - weil sie nämlich zum „Nep¬
1463 2133 3492 2308 pen“ überhaupt kein Talent haben. Alles vollzieht
1466 2252 3485 2387 sich ordentlich, gelassen und „nach Tarif“, und wer
1466 2376 3477 2516 viel Geld in der Tasche hat, kann es ohne Ärger
1458 2478 3477 2607 loswerden. Zum Beispiel in den obengenannten Or¬
1466 2587 3490 2732 ten und einigen anderen von internationalem Klang,
1466 2706 3492 2838 welche — wie man zu sagen pflegt — teuer gedacht
1466 2815 3480 2962 sind, oder etwa durch die modernste und tempera¬
1466 2919 3485 3069 mentvollste Schweizerreise: einen Alpen- und Matter¬
1476 3051 1849 3196 hornflug.\:p\
1560 3127 3497 3274 \p\\g\Diesen\:g\ Vorwurf könnte man den Schweizern
1466 3262 3495 3386 angesichts langer Krisenjahre allenfalls machen: daß
1471 3350 3485 3510 sie manches zu luxuriös ausgedacht haben, die Ho¬
1484 3470 3487 3619 tels zu teuer erbaut, die Sportplätze zu großartig,
1476 3594 3495 3731 die Bergbahnen zu voreilig angelegt. — Aber, \g\etwas\:g\
1489 3690 3394 3817 müssen die reichen Leute ja für ihr Geld haben
1489 3807 3492 3946 und es ist hinlänglich bekannt, daß es zwei Kate¬
1499 3919 3508 4068 gorien von teuer Reisenden gibt: die ersten, die es
1491 4022 3508 4175 nicht besser verstehen, die zweiten, die gern viel
1494 4134 3513 4281 bezahlen wollen, sei es aus Prinzip, aus Gewohnheit
1501 4241 3518 4408 oder aus Prestigegründen. Und die teure Schweiz
1507 4357 3515 4509 gehörte von jeher zu den Reiseländern jener „obe¬
1494 4471 3513 4634 ren Zehntausend“, die immer noch eine internatio¬
1507 4575 3541 4733 nale Clique von erheblicher Solidarität bilden und\:p\\fml\
284 539 2352 706 \p\\fml\sich in regelmäßigem Ablauf in den verschiedenen
287 677 2358 834 fashionablen, d. h. von ihnen gebilligten Bade- und
289 795 2339 933 Kurorten oder Sportzentren der Welt wiederfinden.
281 901 2352 1045 Die Kurliste des Lido im Sommer gleicht der von
289 1003 2344 1164 St. Moritz im Winter, und wer es unternehmen
284 1136 2352 1256 würde, einen dieser Plätze oder einen von ähnlichem
284 1245 2344 1373 „Rang" einem breiteren Publikum zu eröffnen, der
281 1357 2313 1495 würde zweifellos in kurzer Zeit jene „erste Klasse"
289 1464 2334 1594 der Fremden daraus vertreiben und den Charakter
281 1592 2331 1717 des Ortes vollständig verändern. Auch diese Moden
289 1696 2334 1839 wechseln rasch — und wie überall gibt es auch in
271 1805 2331 1943 der Schweiz eine Anzahl von stillgewordenen Plätzen,
268 1920 2339 2068 die oft genug einen ganz besonderen Zauber haben,
279 2032 2337 2180 eine Idyllik des Alterns, ein Rückblicken auf die Ver¬
284 2152 2331 2264 gangenheit, und — nicht selten — ein Neuentdeckt¬
284 2272 2326 2407 werden unter anderen Aspekten. Wer aber an die be¬
271 2391 2331 2498 sagten mondänen Plätze fährt, darf von ihnen nichts
268 2488 2326 2628 Unbilliges verlangen — denn jeder Ort hat seinen
284 2592 2329 2735 Stil —, es frägt sich nur (und wir verneinen es
258 2717 2329 2866 gleich), ob die offiziellen Ranglisten in jedem Falle
260 2834 2331 2962 gültig sind und ob man nur nach ihren Vorschrif¬
260 2941 2326 3079 ten sein Geld ausgeben darf. — Es ließe sich doch
260 3056 2316 3189 denken, daß ein Mensch zwar mit viel Geld be¬
245 3155 2316 3308 haftet ist, aber den Stil der luxuriösen, für ihn be¬
266 3280 2326 3407 stimmten Orte einfach nicht liebt. Gewiß, es heißt:
258 3384 2321 3532 für Geld sei alles zu haben, aber das ist ein banales
266 3506 2321 3652 Sprüchlein, dem keiner glaubt. Immerhin mag es
253 3603 2324 3741 für den Reisenden zutreffender sein, weil sein Geld
245 3730 2342 3874 ihm erlaubt, seiner Phantasie die Zügel schießen zu\:p\\fml\
1359 1523 3388 1642 \p\\fml\lassen — während der Mann mit der leeren Tasche
1376 1639 3388 1766 die gleiche Gabe höchst konkret anwenden muß, um
1364 1743 3375 1890 sich nur die notwendige Bewegungsfreiheit zu wah¬
1359 1872 3360 2009 ren. Überdies gibt es außer Golf noch einige Sport¬
1359 1973 3380 2100 arten, die ohne Geld — mindestens für den Anfän¬
1376 2080 3388 2221 ger — kaum durchführbar sind: vor allem die Berg¬
1381 2191 3383 2317 steigerei im Hochgebirge, sommers und winters,
1376 2315 3388 2441 denn Führer sind teuer, und wer kein Geld hat, sie
1359 2424 3378 2540 zu bezahlen, der muß schon Glück haben oder allen¬
1376 2512 3378 2649 falls freundliche Mitmenschen — wer aber reich ist,
1381 2639 3365 2791 den bringen die Zermatter Führer auch aufs Matter¬
1359 2748 3370 2882 horn, „koste es, was es wolle" — auch eine Ameri¬
1364 2849 3372 2983 kanerin mit Regenschirm sollen sie schon hinauf¬
1381 2970 3383 3125 gebracht haben — und dazu bei Gewitter. Also so¬
1381 3092 3385 3223 gar sportliche Sensationen lassen sich gelegentlich
1371 3190 3400 3304 erkaufen und bar bezahlen. Wer aber im Auto reist
1376 3309 3398 3426 und einmal irgendwo in gebirgigen und einsamen
1371 3408 3388 3567 Gegenden eine Panne hatte, der weiß sich auch über
1376 3517 3388 3656 den Segen zu freuen, der ihm dazu verhilft, ein paar
1371 3628 3395 3775 brave Maultiere aus dem Tal heraufkommen zu
1389 3757 1723 3886 lassen ...\:p\
1478 3853 3388 3985 \p\Faulheit gehört im Märchen zum Begriff des rei¬
1371 3954 3395 4073 chen Mannes, da aber heutzutage die Fettleibigkeit
1371 4078 3395 4212 nicht mehr dazu zählt, mußten schon die Bergbahnen
1376 4187 3413 4309 erfunden werden, um dem Reichen zu seinem Recht
1371 4291 3388 4433 zu verhelfen. Denn täglich zehnmal mit der Cor¬
1381 4410 3370 4546 viglia- oder fünfmal mit der Parsennbahn hinauf
1381 4501 3403 4660 und auf Skiern wieder herabzukommen, erfordert
1371 4622 3398 4782 schon wieder einen gewissen Grad der Wohlhaben¬\:p\\fml\
1279 1610 2321 1718 \p\\fml\heit. Man sieht: was für
1286 1720 2324 1833 Geld zu haben ist, läßt
1271 1851 2324 1946 sich auch in der Schweiz
1273 1951 2303 2069 leicht anwenden und aus¬
1271 2057 2311 2193 findig machen; bei wirk¬
1273 2164 2313 2290 lichen Schwierigkeiten ist
1273 2283 2321 2419 der einzige Ärger, daß man
1279 2416 2318 2524 sich die kameradschaftliche
1273 2501 2303 2632 Hilfeleistung der Mitmen¬
1279 2624 2321 2734 schen kaufen kann, und
1268 2737 2306 2860 daß daher die Anbiede¬
1268 2850 2295 2983 rung mit den „Einheimi¬
1263 2955 2303 3078 schen" nie so ganz echt,
1256 3066 2295 3220 sondern immer ein unge¬
1266 3179 2223 3307 rechtfertigter Luxus ist –
1263 3297 2303 3430 denn auch Luxus gehört
1261 3425 2303 3543 zu den relativen Begrif¬
1263 3525 2303 3654 fen. Was aber den dicken
1263 3615 2303 3749 Geldbeutel anbetrifft, so
241 3720 2303 3885 kann, was dem einen begehrenswert erscheint, dem\:p\\fml\
425 1495 713 1525 \f\Karikaturistische Zeichnung einer Seilgruppe am Steilhang von Tomamichl (ohne Bildungerschrift\:f\
1364 1505 3385 1665 \p\\fml\anderen zur Last werden, und unser junger Nabob
1359 1634 3378 1738 aus U.S.A. hatte nicht so unrecht, als er seufzend
1359 1736 3388 1877 die echten, schweren Schweizer „Fünfliber“ in die
1374 1842 3378 1981 Westentasche schob und dazu bemerkte: „Aouh,
1359 1956 2735 2100 dieses Geld, man hat zuviel davon!"\:p\
