4007 5669
1997 2874 3022 3035 Wallis im Automobil
1548 3061 3560 3227 \p\Das Wallis ist eine Landschaft, die erobert sein
1469 3185 3558 3363 will: so ausschließlich wird es von seinen Bergen be¬
1461 3305 3555 3463 herrscht, und so abweisend umschließen sie als
1458 3434 3552 3576 starre Grenzwälle das Talsystem. Bis vor kurzer
1448 3526 3555 3671 Zeit versuchte niemand, im Wallis ein Gebiet für
1456 3642 3573 3794 den Wintersport zu entdecken: die Talsohle liegt tief
1448 3768 3555 3920 und ist viel zu flach, die Hänge wiederum sind zu\:p\\fml\
356 574 2354 694 \p\\fml\steil. Heute revidiert man diese Ansicht: Mindestens
361 699 2340 828 schwärmen gute Skiläufer von den ungeheuren Ab¬
361 815 2347 925 fahrten von Zermatt, wo vor zwei Jahren bereits
368 907 2330 1034 Frühlingsskirennen stattgefunden haben. Montana-
368 1017 2330 1161 Vermala macht Propaganda für die Wintersaison.
361 1134 2340 1266 In Crans gründete kein geringerer als Furrer eine
356 1253 1651 1345 Skischule nach Arlberger Muster.\:p\
440 1343 2340 1454 \p\Mit dem Automobilismus verhält es sich ähnlich:
361 1454 2340 1566 wer die Karten des Automobilführers aufschlägt,
356 1561 2342 1671 läßt sich leicht abschrecken, weil in die großen
361 1678 2347 1805 grauen Flächen der Gebirge kaum da und dort ein
356 1778 2342 1890 vereinzeltes, kurz abbrechendes rotes Sträßchen ein¬
361 1892 2340 1999 gezeichnet ist. Und man kennt nur die üblichsten
361 1996 2347 2113 Strecken: Grimsel, Furka, Simplon- und die breite
356 2101 2342 2218 Talstraße mit ihren Pappelalleen. Wie gesagt, auch
361 2210 2335 2330 diese Ansichten müssen revidiert werden. Das Wallis
343 2320 2330 2446 ist ein noch unerschlossenes Land für den Automo¬
361 2434 2340 2538 bilfahrer, aber es hat schon heute ausgezeichnete
356 2533 2332 2670 Möglichkeiten und einzigartige Routen. Es ist ver¬
356 2643 2342 2792 nünftig, sich vorher über einige Verkehrsregeln zu
361 2757 2322 2892 orientieren, die für die Pässe und Bergstraßen, ins¬
343 2867 2332 3001 besondere \g\Bergpost\:g\straßen gelten. Einmal: Auf
361 2974 2335 3108 der Strecke Grimselhospiz—Gletsch—Furka—Realp
356 3080 2320 3195 und auf den Bergstraßen von Orsières bis Cham¬
373 3180 2335 3329 pex, von Sion (Sitten) nach Les Haudères, und
361 3297 2335 3416 Siders (Sierre) nach Ayer (Val d’Anniviers) weichen
356 3404 2330 3506 die Schweizerischen Postautomobile immer berg¬
361 3506 2327 3622 wärts aus. Das oberste Stück des Großen St. Bern¬
356 3620 2260 3764 hard — zwischen Cantine de Proz und Hospiz –\:p\\fml\
1562 608 3650 749 \p\\fml\darf von 11.45 bis 12.30 nur aufwärts befahren
1567 723 3642 862 werden, von 15.00 bis 15.45 nur abwärts. Außer¬
1562 838 3644 1006 dem ist die Straße von Les Valettes bis Champex
1572 959 3644 1116 Einbahnstraße. Die Fahrzeiten wechseln, man er¬
1567 1061 3652 1213 fährt sie durch Tafeln, die an der Straße angebracht
1562 1174 3639 1347 sind. Wer seinen Wagen durch den Simplon
1562 1286 3634 1454 oder Lötschberg verladen will, sollte Sonntage ver¬
1546 1412 3629 1577 meiden: Werktags nämlich bezahlt man die ge¬
1567 1527 3637 1677 wöhnliche Frachtguttaxe, an Sonn- und Feier¬
1548 1656 3647 1800 tagen hingegen kostet es durch den Lötschberg die
1554 1758 3639 1892 erheblich teurere Eilguttaxe, durch den Simplon
1548 1873 3639 2030 werden Automobile an diesen Tagen nur als „Ex¬
1554 1983 2371 2122 preßgut“ befördert.\:p\
1638 2096 3629 2243 \p\Der meist befahrene Paß nach Italien ist wahr¬
1548 2209 3621 2355 scheinlich der \g\Simplon\:g\. Die Straße vom \g\Gro¬
1543 2332 3623 2473 ßen St. Bernhard\:g\ ist weniger gut und viel länger,
1535 2431 3629 2596 aber Postautomobile und Car Alpins von erheblichen
1535 2547 3618 2693 Ausmaßen können sie immerhin ohne Schwierig¬
1535 2662 3634 2809 keiten befahren. Von Martigny aus gibt es jetzt
1543 2782 3631 2940 eine Straße von großem landschaftlichem Reiz: Sie
1522 2900 3605 3039 zweigt in Les Valettes von der Paßstraße des Gro¬
1535 3010 3629 3178 ßen St. Bernhard ab und führt in äußerst steilen
1533 3128 3616 3283 und engen Kehren nach dem neuerdings frequen¬
1541 3236 3629 3385 tierten \g\Lac Champex\:g\. Ebenso steil ist die andere
1525 3346 3610 3503 Seite, nach Orsières hinunter. Aber die Anstrengung
1522 3461 3610 3618 lohnt sich. Man hat den schönsten Blick auf die
1525 3582 3629 3726 ausgebreiteten Hänge und Täler von d’Entremont
1527 3692 3629 3857 und Ferret und weit hinten auf die weißen Spitzen
1530 3802 2589 3946 am Großen St. Bernhard.\:p\
444 550 2397 708 \p\Endlich ist Martigny Ausgangspunkt der Straße
355 677 2387 799 nach \g\Chamonix\:g\ — und für die berühmte Fahrt,
368 781 2397 900 die man „Tour du Mont Blanc nennt. Man fährt
360 893 2392 1009 über Chamonix und den Kleinen St. Bernhard nach
355 1004 2387 1131 Aosta und von dort über den Großen St. Bernhard
360 1108 2392 1263 nach Martigny zurück. Wer 360 Kilometer lang
360 1228 2387 1354 großartige Landschaften und die wechselreiche Fülle
360 1342 2374 1474 der Ausblicke auf Eismeere und Drei- und Vier¬
345 1448 2379 1600 tausender erträgt, der kommt dabei auf seine Kosten.\:p\
500 1745 2267 1879 [head]Der Simplon und der Große St. Bernhard
439 1900 2379 2034 \p\Paßfahrten gehören zu den schönsten unter den
350 1996 2376 2138 unzähligen romantischen Möglichkeiten des Auto¬
345 2120 2371 2260 mobils. Paßwanderungen sind von gewissen Ge¬
345 2222 2379 2371 sichtspunkten aus noch romantischer, vermitteln in¬
345 2333 2374 2486 timere Kenntnisse und — sagen wir — realistischere
350 2440 2389 2584 Eindrücke. Sie kosten weniger Geld und sehr viel
345 2554 2374 2688 mehr Zeit. Die Paßfahrt im Auto ist ein Eindruck
345 2666 2379 2813 im großen, von wunderbarer Totalität und daher
355 2772 2382 2917 ungemein befriedigend. Die Pässe gehören zu den
350 2899 2376 3031 sprechenden Zeugen der Menschheitsgeschichte, und
345 3000 2359 3109 zu ihren sichtbar zweckbewußten, und dabei immer
355 3099 2369 3236 von schicksalhaftem Schauer berührten Werken.
345 3216 2374 3345 Denn immer ist es ein Wagnis und ein großartig
345 3328 2359 3475 ungewisses Unternehmen, Schranken zu durchbre¬
345 3447 2359 3569 chen, welche die Natur zwischen Länder und Men¬
345 3548 2374 3662 schen gelegt hat, und immer ist es ein leichtes und
345 3665 2374 3815 berechtigtes Siegergefühl, einen Paß zu überschrei¬\:p\\fml\
1562 579 3674 745 \p\\fml\ten und von der Höhe hinab das „gelobte Land“ zu
1554 708 1967 827 erblicken.\:p\
1646 824 3661 972 \p\Jeder Paß hat seine eigene Landschaft, aber jenen
1567 940 3658 1088 „schicksalhaften Schauer“ besitzen am meisten die
1572 1046 3642 1196 großen Straßen des Simplon und des Großen
1567 1156 3656 1293 St. Bernhard. Der \g\Simplon\:g\ beginnt in Brig, in der
1554 1277 3666 1417 Ebene — denn im Wallis ist die milde, bewohnte
1572 1393 3650 1520 Talsohle eine Art von Tiefland. Man steigt durch
1562 1507 3650 1630 die enge Gasse empor, vorbei an der festungsähn¬
1567 1620 3635 1770 lichen Front des Stockalperpalastes und an den hel¬
1554 1744 3664 1865 len getünchten Gebäuden des Klosterhofs, zwischen
1578 1844 3645 1978 Wiesen und niederen Steinmäuerchen. Das ist der
1554 1965 3627 2110 Anfang, dann kommt der Wald, und nach den er¬
1562 2067 3653 2228 sten großen Kehren der frische Hauch aus den Ber¬
1562 2191 3653 2320 gen. Und nun beginnt der Anstieg den großen
1554 2305 3645 2449 Hängen entlang, wobei sich das Panorama immer
1554 2420 3650 2560 staunenswerter eröffnet: Kulisse hinter Kulisse,
1562 2539 3635 2684 graue Silhouetten unzähliger Gipfel. Die Napo¬
1559 2652 3645 2784 leonsbrücke führt auf die andere Seite der breiten
1554 2771 3645 2916 Schlucht, und nun sieht man auf die lange Straße
1543 2868 3650 3005 zurück, die als weiße Linie in geduldigem allmähli¬
1549 3000 3640 3118 chem Ansteigen den Hang durchschneidet — die un¬
1543 3100 3635 3258 aufhaltsam emporsteigt bis zu den kargeren Regio¬
1543 3218 3648 3353 nen, wo Schneefelder den Blick begrenzen und
1543 3334 3648 3471 mächtige Geröllhalden bis zu unseren Füßen vor¬
1562 3477 3645 3608 dringen wie Zungen von Giganten. Der Simplon hat
1543 3566 3650 3677 seine visionärste Stunde am Abend: und es braucht
1554 3674 3640 3816 schon ein Maß von Unempfindlichkeit und Un¬
1554 3798 3650 3919 erschrockenheit, um dem eisigen Anhauch oben zu\:p\\fml\
345 562 2318 700 \p\\fml\begegnen, und dem plötzlichen Ergrauen aller Far¬
345 672 2320 785 ben, wenn die Sonne verschwindet. Der Wind, zwi¬
338 780 2315 885 schen den dunklen Häuptern geboren, fährt kni¬
345 890 2332 1008 sternd durch die trockenen Erikasträucher, Nebel
350 1002 2322 1110 kriechen wie weiße Scharen aus der jenseitigen
345 1100 2330 1245 Tiefe, verhüllen das Hospiz und überfliegen unheim¬
350 1218 2328 1322 lich lautlos und geschwind die obersten Kuppen.
342 1328 2342 1455 Und dann kommt sehr rasch die Dunkelheit und
338 1430 2328 1550 rückt die Landschaft in noch unbemessenere Ab¬
350 1545 2350 1672 geschiedenheit. Man sieht den Fuß der Berge nicht
345 1652 2200 1785 mehr: dadurch wird ihre Größe unvorstellbar –
350 1755 2335 1888 und unter ihnen liegt eine ebenso unvorstellbare
345 1868 2342 2008 Tiefe. Die Lichtkegel des Wagens gleiten langsam
345 1972 2345 2115 voran, während man sich, verloren auf der großen
355 2078 2332 2220 Heerstraße, dieser Tiefe nähert. Dann erscheinen
345 2188 2345 2300 die Lichter von Brig, die Straße senkt sich rascher,
338 2320 2348 2465 und die mildere Luft des Tales legt sich um uns
355 2412 972 2548 wie eine Decke.\:p\
432 2525 2342 2652 \p\Man ist übereingekommen, den Simplon eine der
355 2625 2332 2770 großartigsten Paßstraßen zu nennen und die
350 2732 2328 2872 Simplonbahn mit ihren Schnellzügen zwischen Ita¬
345 2845 2332 2980 lien und Paris würde schon allein genügen, um sei¬
345 2960 2332 3065 nen alten Rang zu erhalten und neuen Ruhm hinzu¬
335 3065 2328 3190 zufügen. Wichtiger ist es, für den \g\Großen
345 3175 2332 3298 St. Bernhard\:g\ einzutreten, der — aus undefinier¬
345 3280 2330 3415 baren Gründen — als langweilig, unschön, nicht loh¬
332 3385 2342 3530 nend verschrien ist. Als ob es überhaupt langweilige
345 3498 2332 3650 Landschaften im objektiven Sinne gäbe, und vollends
350 3608 900 3738 in den Alpen!\:p\
1579 600 3575 749 \p\Nein, der Große St. Bernhard ist lediglich ein
1477 715 3567 841 Opfer der Mode, deren Gesetze bekanntlich nicht
1477 838 3543 945 einsichtig sind, und die man deshalb auch keines¬
1482 935 3562 1079 falls befolgen sollte. Im frühen Mittelalter war die¬
1464 1040 3559 1205 ser Paß überhaupt der wichtigste Übergang zwischen
1472 1160 3564 1294 Deutschland und Italien — neben Septimer und
1461 1275 3548 1432 Brenner. 80 Kilometer sind es von Martigny bis
1461 1401 3543 1548 Aosta — 46 von Martigny bis zum Hospiz. Ge¬
1477 1506 3556 1637 waltige Strecken. Harmlos der Anfang: durch die
1469 1626 3551 1765 Reben und bewaldeten Hügel des Entremonttales,
1469 1728 3551 1901 Übermaß von Grün im Sommer, goldene Färbung
1464 1846 3525 1993 im Herbst. Schluchten, wie die Romantiker sie mal¬
1472 1964 3541 2103 ten, mit der rauschenden Drance in der Tiefe. Or¬
1453 2082 3538 2236 sières ist das erste größere Dorf am Endpunkt der
1477 2197 3543 2333 Bahn von Martigny — die einmal hätte sollen
1459 2302 3535 2430 St. Bernhardbahn werden, und nun dem kleinen Lo¬
1459 2414 3551 2545 kalverkehr dient und die Reisenden den Postautos
1453 2538 3538 2674 abgibt. Nach Orsières führen auch die vielen
1459 2653 3527 2794 Straßen, die als helle Schlangenlinien über die stei¬
1438 2781 3538 2904 len grünen Hänge laufen und die schwarzen Dörfer
1446 2873 3527 3019 erreichen: Reppaz und Comeire und Champdonne.\:p\
1542 3004 3548 3140 \p\Orsières ist alt, seine steinernen Häuser haben die
1453 3103 3533 3255 Farbe der Felsen, sein Kirchturm ist einer der älte¬
1440 3218 3538 3362 sten des Landes. Und hier stoßen wir schon auf
1446 3334 3527 3470 die Spuren der Sarazenen — denn dieser Turm war
1430 3449 3533 3593 zugleich Festungsturm und diente zur Verteidigung
1448 3562 2739 3708 gegen die wilden Eindringlinge.\:p\
1535 3674 3525 3808 \p\Hinter Orsières beginnen die Alpweiden, die Ka¬
1453 3784 3538 3954 pellen von St. Laurent und St. Etienne stehen fromm\:p\\fml\
379 551 2373 670 \p\\fml\an der Straße, zwischen ihnen das Dorf Liddes,
374 678 2373 818 steile Dorfstraße, fast zu eng für die großen Auto¬
374 3250 2373 3407 mobile — eine uralte Kirche ein wenig abseits. Der
386 3380 2373 3512 Pfarrer von Liddes besitzt eine Sammlung von rö¬
374 3492 2373 3607 mischen und keltischen Münzen, um die man ihn
386 3602 2373 3744 beneiden könnte. Die Schulkinder finden die sel¬\:p\\fml\
1208 3006 1494 3036 \f\Zeichnung der Dorfkirche von Liddes von Tomamichl\:f\
1513 573 3649 733 \p\\fml\tenen und kostbaren Stücke auf den Feldern und
1537 706 3665 850 tragen sie ihm ins Haus. \g\Bourg-St.-Pierre\:g\ ist
1518 818 3660 964 ein historischer Ort. Man weiß, daß Napoleon dort
1542 940 3652 1076 gefrühstückt hat, ein muffiges Stübchen im ersten
1542 1044 3649 1201 Stock des kleinen Hotels „du déjeuner de Napo-
1532 1169 3663 1287 léon Ier“ bewahrt pietätvoll sein Andenken. Und
1518 1279 3649 1441 die Besucher tragen sich in ein großes Buch ein,
1524 1388 3644 1550 nachdem sie Tisch und Stuhl bewundert haben und
1532 1510 3649 1660 den Stich an der Wand, der den Herrscher auf
1524 1625 3633 1782 einem Schlachtroß im Galopp zwischen unwahr¬
1524 1747 3639 1862 scheinlichen Bergen zeigt. Das Original wurde frag¬
1532 1859 3639 2008 los in Paris gemalt, und der Künstler dürfte den
1532 1974 2850 2126 St. Bernhard nie gesehen haben.\:p\
1614 2083 3639 2232 \p\Die durchreisenden Fremden, die das historische
1518 2214 3633 2357 Frühstückszimmer besichtigen, wissen meistens nicht,
1518 2328 3628 2477 daß Bourg-St.-Pierre noch andere historische Reich¬
1532 2432 3615 2589 tümer von seltenerem dokumentarischem Wert be¬
1518 2555 3647 2677 sitzt. Ob allerdings die kleine alte Drancebrücke
1532 2666 3639 2829 wirklich von Karl dem Großen gebaut wurde, ist
1505 2781 3633 2933 fraglich — aber der römische Meilenstein in der
1518 2898 3639 3055 Kirchhofmauer ist echt, und ebenso die steinerne
1505 3023 3633 3170 Kirchenschwelle, die eine schwer leserliche Inschrift
1518 3135 3620 3276 über das Erscheinen der Sarazenen in den Alpen ent-
1502 3260 3300 3394 hält — und das ist ein kostbares Zeugnis.\:p\
1609 3362 3633 3482 \p\Hinter Bourg-St.-Pierre beginnt endlich die wahre
1505 3482 3620 3628 Paßlandschaft, großartig und öde. Zwischen den
1505 3596 3609 3721 gelben Felsen weiden die kleinen schwarzen Wa¬
1518 3719 3607 3876 liser Kühe, am Abend treibt man sie im Tal zu¬
1505 3833 3620 4009 sammen, bei der Cantine de Proz, bei den letzten,\:p\\fml\
432 595 2430 705 \p\\fml\furchtbar einsamen Sennhütten. Dann ist das Tal
428 710 2428 822 zu Ende, und der Weg scheint mitten in das Herz
428 815 2425 930 der Berge zu führen und sich darin zu verlieren. Es
432 930 2422 1060 geht steil bergan, man liest auf einem nach links
428 1032 2400 1168 weisenden Täfelchen den Namen „Combe des Morts“,
428 1138 2425 1250 und nun erinnert man sich an die alten Geschichten
432 1252 2422 1385 von den verirrten Reisenden, die in der schauerlichen
432 1352 2410 1472 Einöde umkamen oder noch in letzter Minute von
432 1468 2410 1575 den Mönchen vom St. Bernhard und ihren Hunden
428 1580 2415 1720 aufgefunden wurden. — Die steilen Gipfel weichen
432 1688 2418 1830 ein wenig zurück, auf der höchsten Stelle des Pas¬
415 1798 2412 1945 ses liegt, grau zwischen grauem Gestein, das ehr-
428 1910 2425 2018 würdige Hospiz. Man erkennt sein Alter: Die
432 2018 2405 2162 Hospizgebäude stammen aus dem sechzehnten Jahr¬
422 2132 2410 2245 hundert, aber das erste Hospiz wurde schon im
415 2230 2425 2370 elften Jahrhundert von dem frommen savoyischen
428 2350 2415 2492 Edelmann Bernhard von Menthon gegründet. Päpste
428 2458 2415 2600 und Kaiser und viele Fürsten haben es seither reich
422 2558 2428 2672 beschenkt, und Peter von Savoyen, der mit dem
428 2668 2405 2805 Bischof von Sitten sein Leben lang in Streit lag,
415 2788 2412 2898 hat in seinem Testament den Mönchen vom St. Bern¬
428 2898 2415 3012 hard ein Haus in London vermacht. Und die
428 2995 2412 3122 Mönche hausen nun seit fast 2000 [eigentlich 1000, wie in der Ausgabe handschriftlich von unbekannt vermerkt] Jahren in der
415 3108 2412 3262 unwirtlichen Einsamkeit. Es sind Augustiner, und
422 3212 1790 3332 ihr Mutterkloster steht in Martigny.\:p\
500 3325 2398 3432 \p\Man wirft dem St. Bernhard seinen übertriebe¬
410 3435 2410 3555 nen, wild-pathetischen Ruf vor — das Stilfser Joch
402 3540 2400 3655 ist höher, seine Kurven für den Autofahrer gefähr¬
415 3658 2410 3828 licher — und im Winter kann der Fußgänger\:p\\fml\
1475 650 3589 798 \p\\fml\schließlich auf jedem Paß im Schnee erfrieren.
1482 761 3570 906 Sind es nur die Mönche und die Bernhardiner¬
1482 880 3583 1031 hunde mit dem Weinfäßchen am Halsband, denen
1482 988 3581 1126 die Paßlegende zu verdanken ist? Aber man ver¬
1482 1105 3581 1231 gißt, daß das Hospiz immerhin auf einer Höhe von
1482 1223 3581 1350 beinahe 2500 Metern liegt, und man weiß nicht, daß
1496 1337 3581 1464 das Klima am Großen St. Bernhard ganz besonders
1464 1451 3581 1586 rauh ist, selbst für seine Höhenlage: denn die mitt¬
1477 1572 3589 1723 lere Julitemperatur beträgt hier etwa 6 Grad, und
1488 1678 3581 1800 während des ganzen Jahres zählt man nur zehn
1475 1797 3573 1950 einwandfrei helle Tage. Dazu kommt die schon
1477 1905 3581 2059 erwähnte Länge der Straße — welche Strecken für
1482 2029 3567 2177 den Fußgänger, den armen Pilger, den Wander¬
1469 2148 3575 2262 burschen, den italienischen Arbeiter! Die Mönche
1475 2257 3575 2397 haben 60 Gastbetten und einen großen Speisesaal,
1477 2365 3575 2500 wo man nach alter Tradition Reis und Pflaumen
1477 2487 3589 2629 zu essen bekommt. Ein gedeckter Gang führt in
1477 2595 3570 2732 das Hotel hinüber. Seitdem es dieses Hotel gibt,
1469 2711 3575 2846 nehmen die Mönche im Sommer nur die bedürftigen
1488 2833 3573 2973 Wanderer auf. Im Winter ist das Hotel geschlos¬
1469 2944 3581 3092 sen — und wie in alten Zeiten genießt jeder die
1475 3063 3575 3182 Gastfreundschaft der Mönche. Auch die Hunde
1482 3179 3567 3293 sind noch da: kurzhaarig, braungefleckt, mit stäm¬
1469 3295 3573 3417 migen Beinen. Sie sehen aus wie große unbehol¬
1477 3409 3567 3557 fene Spielzeuge, stehen geduldig, gelangweilt, treuen
1475 3509 3567 3676 Blicks hinter ihrer hohen Umzäunung. Im sieb¬
1464 3636 3581 3779 zehnten Jahrhundert hat man sie hier herauf ge¬
1477 3760 3589 3887 bracht — unbekannte Rasse, die man auf der ita¬
1482 3861 3607 4025 lienischen Seite des Passes, in der Gegend von\:p\\fml\
396 577 2380 722 \p\\fml\Aosta fand. Vielleicht sind sie römischer Abkunft.
386 695 2385 812 Jahrhundertelange Erziehung hat sie zu der vor¬
386 805 2385 948 trefflichen Rasse ausgebildet, die alle für ihren
391 908 2382 1046 schweren Beruf erforderlichen Qualitäten besaß:
386 1016 2380 1151 einen vorzüglichen Ortssinn, ein fast unglaubliches
396 1126 2380 1264 Witterungsvermögen, Selbständigkeit und Ausdauer.
386 1244 2377 1347 Der berühmteste unter den Bernhardinern ist jener
386 1339 2385 1484 Barry, der von 1800 bis 1814 gelebt und nicht
386 1462 2392 1602 weniger als vierzig Menschen gerettet hat. Sein
386 1557 2385 1708 Andenken steht in hohen Ehren. Heute haben die
391 1675 2382 1788 Hunde nicht mehr soviel zu tun, und die Mönche
386 1785 2397 1918 haben Skilaufen gelernt. Sie haben so wenig zu
386 1893 2392 2029 tun, daß eine Gruppe von ihnen nach dem Tibet
384 2001 2377 2109 ausgewandert ist, um ein ähnliches Hospiz zu er¬
379 2101 2149 2272 richten, wie es der Große St. Bernhard hat.\:p\
