4294 7183
350 4491 991 4576 Amerika heute und gestern
334 4568 1015 4624 Von Annemarie \g\Clark\:g\-Schwarzenbach
273 4613 1129 4669 \p\In den Schießbuden der New Yorker Weltaus¬
223 4654 1130 4699 stellung kann man neuerdings mit kleinen Maschinen¬
217 4695 1130 4735 gewehren auf die Wachsfiguren europäischer Größen
219 4728 1130 4769 zielen, und gewinnt, wenn man trifft, einen Woll¬
219 4760 1082 4797 bären, eine Porzellanvase, oder fünf Cents in bar.\:p\
268 4792 1130 4833 \p\Jden Abend findet in der Weltausstellung ein sehr
217 4821 1130 4872 schönes, ja prachtvolles Feuerwerk auf einem Teich
213 4864 1119 4902 zwischen dem luxuriösen französischen Terrassen¬
217 4896 1130 4933 restaurant und dem stillen, weißen, der modernen
217 4933 1130 4971 Kunst Polens gewidmeten Pavillon statt. Nicht weit
213 4969 1117 5002 davon stehen die Gebäude Finnlands, Norwegens, der
213 4998 1130 5051 Tschechoslowakei, und der vielbesuchte Pavillon der
217 5037 1113 5074 Schweiz, auf dem die Fahnen wehen – ein Alphorn¬
217 5068 1130 5113 bläser in schwarzer Sammetweste bläst, es klingt so
211 5102 1130 5153 heimatlich und so traurig wie zu Straßburg auf der
212 5146 1130 5189 Schanz. – Das Feuerwerk dauert etwa zehn Minuten.
216 5174 1130 5213 Die eigens dazu komponierte Musik wird von mäch¬
207 5209 1130 5251 tigen, versteckten Orgeln gespielt, und erinnert manch¬
213 5250 1130 5289 mal an den Feuerzauber, manchmal mehr an Gersywin,
206 5284 1130 5327 manchmal an religiöse Negergesänge, und endet mit der
201 5320 1130 5363 amerikanischen Nationalhymne. In diesem Augenblick
207 5349 1104 5394 richten sich die innen von den Farben des Regen¬
201 5383 1111 5430 bogens zauberhaft erleuchteten Wassergarben zu im¬
217 5427 1130 5464 menser Höhe auf, sie vermischen sich mit dem brütenden
201 5459 1130 5496 immer etwas unheimlichen, von Rauch und Meeres¬
213 5492 1130 5536 dunst und Nebel belasteten Nachthimmel der Stadt[.]
207 5527 1129 5567 New York, sie sprühen und gleißen und sind wie eine
213 5566 1113 5604 Wand von Feuer und Wasser, und sinken in sich zu¬
211 5598 1125 5645 sammen und lassen keinen Rauch, keine Asche zurück.
211 5638 1130 5674 Das Publikum steht auf, während die Nationalhymne
205 5672 1111 5711 gespielt wird – die Damen und Herren in ihren
205 5701 1130 5741 kleinen Gefährten auf Gummirädern, die in Khaki uni¬
211 5738 1132 5778 formierten Knaben, junge Arbeitslose, welche diese
211 5778 1116 5817 Wagen schieben wie chinesische Kulis, und die vielen
201 5811 1130 5845 abendlichen Fußgänger – sie summen die Hymne,
205 5844 1130 5881 oder sind still beeindruckt und erfreut, und gehen auf
204 5880 1130 5921 den asphaltierten Wegen zurück zur "Weißen Straße"
205 5918 1130 5956 des Vergnügungsviertels. Dort kostet es fünfzehn
201 5954 1130 5991 Cents, den großen Panda, genannt Pandora, zu sehen,
241 5990 1108 6029 – natürlich glaubte ich, es handle sich um einen Tanz¬
201 6022 1130 6081 bären oder dressierten Affen, aber beileibe nicht – es
1152 4478 2066 4530 war der echte Panda, jenes seltene, vor drei Jahren
1154 4518 2066 4552 von einem Forscher aus den Hügeln Westchinas mitge¬
1158 4552 2058 4595 brachte Geschöpf, schwarz und weiß und sehr hübsch
1152 4584 2031 4624 gezeichnet, das damals – ich erinnere mich daran –
1142 4620 2066 4665 in allen Zeitungen abgebildet war, wie es unschuldig
1142 4659 2066 4698 und furchtsam auf dem Arm seines glücklichen Jägers
1141 4697 2066 4735 saß. "Pandora" ist inzwischen groß geworden, – lebt
1141 4732 2066 4772 von Fruchtsäften, Mehl und Mais – wird alle sechs
1154 4760 2066 4807 Stunden gefüttert – und hat eine Trommel zum
1140 4807 2066 4854 Spielen in seinem gleichmäßig temperierten Glaskäfig
1140 4829 1564 4892 auf der Weltausstellung.\:p\ [space]
1206 4845 2066 4922 \p\Es war gerade Mitternacht, als ich "Pandora" be¬
1140 4912 2066 4959 suchte. Er lag auf dem Rücken, heftig atmend, offenbar
1140 4948 2066 4985 nach Luft ringend, wie irgendein durstiger Hund.
1158 4978 2066 5033 Dann spielte er – er lief wie ein Verzweifelnder auf
1139 5014 2067 5062 und ab, den kahlen Baumstamm auf- und abwärts,
1152 5049 2067 5093 hin und her über die Trommel, sein Spielzeug, und
1139 5087 2067 5132 leckte dann stumpfsinnig seine Maisschüssel aus. Ich
1138 5122 2067 5165 dachte an die halbtoten Tanzbären von Zigeunern, die
1138 5163 2066 5206 ich in einem jugoslawischen Dorf gesehen hatte – und
1138 5200 2067 5233 an die verglasten, dennoch verzweifelten und rastlos
1138 5225 2066 5267 suchenden Augen der Patienten in einem Pariser Ho¬
1136 5259 2066 5312 spital für Geisteskranke. Der Arzt erklärte mir damals,
1136 5303 2066 5346 es seien alles Kriegsverletzte, junge Soldaten, und es
1136 5332 1860 5378 war im Jahre 1929, und ich war ein Kind.\:p\ [space]
1188 5365 2066 5415 \p\Am Ausgang des Käfigs des Pandas sah ich ein
1148 5400 2066 5457 Schild der New Yorker Gesellschaft der Tierfreunde.
1134 5449 2066 5490 „Nachdem du den elektrischen Fisch und die Pinguine,
1134 5486 2066 5526 und, vor allem, die „Pandora" gesehen hast – willst
1134 5515 2066 5570 du nicht unserer Gesellschaft beitreten, deinen Beitrag
1134 5544 1892 5607 zahlen? Es kostet nur einen Dollar jährlich."\:p\ [space]
1188 5573 2066 5647 \p\Aber ich dachte immer noch an das Feuerwerk.
1133 5605 2067 5669 Wenn man gerade die Kriegsüberschriften der Abend¬
1133 5670 2067 5704 zeitungen gelesen hatte, dann konnte man die Feuer¬
1133 5703 2067 5769 garben und den Feuerregen der dramatischen, eigens
1133 5738 1854 5778 dazu komponierten Musik schlecht ertragen.\:p\ [space]
1194 5766 2048 5826 \p\Ich möchte nicht ungerecht sein. Ich bin soeben erst
1132 5814 2060 5861 aus der Schweiz gekommen, und aus Indien, aus den
1130 5861 2048 5898 von gewaltigen asiatischen Schneestürmen heimgesuchten
1130 5887 2066 5932 Hochebenen Afghanistans – was weiß ich von Ame¬
1130 5925 2066 5962 rika? – Welches Verständnis verlange ich von diesen
1130 5950 1374 6003 Amerikanern? –\:p\ [space]
1184 5965 2042 6037 \p\Und möchte es doch in wenig Worte zusammen¬
1129 6021 2066 6078 fassen, was sich hier gründlich \g\verändert\:g\ hat, seit
2080 4486 3002 4545 den letzten drei Jahren, seit den fünf Wochen seit
2080 4517 2793 4565 meiner neuerlichen Ankunft in New York.\:p\
2136 4551 3001 4605 \p\Im April sagten wohlinformierte Leute: Roosevelt,
2082 4596 3001 4632 der zum dritten Mal für die Präsidentschaft der Ver¬
2079 4630 3001 4677 einigten Staaten kandidieren wolle, werde bis zum
2078 4659 2997 4710 letzten Augenblick, bis der Wahltermin im November
2078 4702 3000 4745 vorüber sei, für die „amerikanische Isolation“ einstehen,
2076 4738 3000 4783 und sich jedem Rüstungsprogramm, jeder amerikani¬
2075 4776 3000 4809 schen Einmischung in den europäischen Konflikt ent¬
2075 4804 3000 4852 gegenstellen. – Inzwischen hat der greise Marschall
2092 4842 3001 4881 Pétain um einen Waffenstillstand gebeten, die Flücht¬
2074 4882 3000 4923 linge stauen sich auf den Straßen Europas – und
2074 4915 3000 4956 trotzdem, gestern erst, und gerade heute, verlangt nicht
2073 4952 2998 4988 nur Roosevelt offen, daß Amerika sich rüste – sondern
2073 4984 2998 5019 auch zum Beispiel Willkie, sein republikanischer Gegen¬
2072 5016 3000 5063 kandidat, weiß in seinen täglichen Propagandareden
2072 5054 2981 5097 nichts Besseres zu tun, als gegen Roosevelt zu polemi¬
2070 5091 3000 5137 sieren: dieser Roosevelt, dieser Erfinder des „New
2070 5127 2979 5172 Deal“, dieser Reformprediger, habe nur das Geld der
2069 5162 2997 5203 Steuerzahler ausgegeben, und nichts für die \g\natio¬
2068 5194 2997 5234 nale Verteidigung\:g\ getan. Die nationale Vertei¬
2067 5224 2997 5271 digung! – Früher – als ich 1938 zum letzten Mal in
2068 5264 2997 5309 den Vereinigten Staaten war, hörte ich von so maß¬
2068 5305 2996 5342 gebender Seite wie der berühmtesten Journalistin
2073 5328 2996 5377 Amerikas, Dorothy Thompson, Präsident Roosevelt
2076 5368 2996 5409 greife durch sein Steuersystem in die altüberlieferten
2066 5408 2996 5458 amerikanischen Freiheiten ein, und sei ein Kandidat
2064 5437 2996 5479 der Diktatur. Inzwischen war Dorothy Thompson im
2064 5476 2995 5519 Balkan, in der Türkei, in der Schweiz, in Paris, und
2063 5507 2979 5554 ist nun wieder in New York eingetroffen. Ihr letzter
2063 5546 2976 5587 Artikel, aus Paris, war in Amerika eine Sensation.
2069 5575 2986 5627 Denn diese alte konservative republikanische Gegnerin
2062 5614 2994 5657 Roosevelts trat offen für seine Präsidentschaftskandi¬
2061 5656 2995 5692 datur ein. Er sei der weitblickendste amerikanische Po¬
2061 5672 2994 5728 litiker gewesen, schrieb sie – und man möge angesichts
2060 5723 2995 5776 größerer Gefahren den Vereinigten Staaten heute
2069 5751 2689 5806 wenigstens den Wahlkampf ersparen.\:p\
2118 5768 2994 5838 \p\Dorothy Thompson nannte in einem spätern Artikel
2058 5799 2994 5880 mehrmals die Schweiz. Die Schweiz, diese älteste und
2058 5849 2994 5910 beste Demokratie Europas, sagte sie, habe Mittel und
2057 5887 2994 5943 Wege gefunden, um die Kommunistische Partei zu ver¬
2056 5931 2994 5986 bieten, und durch simple Gesetze die Propagandierung
2055 5961 2682 6022 des Antisemitismus zu unterbinden.\:p\
2122 5996 2994 6040 \p\Es klang beinahe zu gut, um wahr zu sein. Am
2055 6038 2992 6093 folgenden Tag setzte mir ein Sekretär des Schweizer
3022 4496 3931 4546 Konsulats in New York die kleinen sachlichen Fehler
3023 4535 3931 4574 auseinander, die Miß Thompson unterlaufen seien.
3022 4566 3928 4614 Und eine Zeitung in Washington forderte mich auf,
3021 4599 3931 4646 einen Artikel über das Schweizer Milizsystem zu
3020 4633 3176 4683 schreiben.\:p\ [space]
3069 4671 3931 4717 \p\Ich verehre den Scharfsinn von Dorothy Thompson.
3020 4696 3934 4759 Ich glaube an das erwachte amerikanische National¬
3020 4741 3928 4788 gefühl, und traue der Jugend Amerikas starke, er¬
3019 4782 3930 4825 neuernde, zukunftsträchtige Kräfte zu. Früher, im
3017 4820 3934 4863 Jahre 1938, schöpfte ich selbst daraus Kräfte und Hoff¬
3017 4852 3931 4898 nungen. Damals sagten mir meine jungen amerikani¬
3016 4885 3934 4925 schen Freunde, daß sie sich weißgott nicht für dieses ver¬
3015 4919 3934 4968 altete und sieche Europa interessierten. Heute sagen sie
3015 4962 3925 4996 mir – jawohl, die gleichen jungen Leute – daß sie
3014 4990 3923 5038 mit einer amerikanischen Rotkreuz-Ambulanz nach
3014 5027 3925 5070 Frankreich gehen wollten, daß sie sich um ein Visum
3021 5060 3925 5103 für Finnland bemühten, und nun baldigst nach Süd¬
3013 5099 3782 5155 frankreich gehen wollten. – Mögen sie gehen.\:p\
3069 5116 3922 5172 \p\Vielleicht ist dieses Land, Amerika, das Zukunfts¬
3011 5169 3928 5206 land für uns. Während ich die Ueberschriften der ame¬
3010 5206 3924 5247 rikanischen Zeitungen lese, feiert unten, im Parterre
3010 5238 3926 5280 des „Country Club“, ein junges Paar aus Lowell
3008 5277 3925 5320 Massachusetts seine Hochzeit. Die Jazzmusik stört mich
3009 5313 3925 5358 natürlich beim Schreiben. Aber ginge ich jetzt an die
3008 5344 3919 5387 Treppe, riefe ich jetzt hinunter: „Ich bitte um Ruhe,
3008 5382 3922 5420 bin aus der Schweiz, und möchte nur meinen Artikel
3008 5412 3919 5458 schreiben,“ – die jungen, gesunden, festfreudigen und
3007 5444 3913 5501 jazzgewohnten Amerikaner würden mich erstaunt an¬
3007 5480 3567 5533 sehen. Und ich gebe ihnen Recht.\:p\
