3500 4850
2372 181 3270 296 Molanda, Ende Juli 1941
635 333 1865 453 Annemarie Clarac-Schwarzenbach:
1399 484 3101 628 Die Niederlagen [hs:](Titel viellecht änden ?)
979 700 3077 838 Morgen in aller Frühe geht ein Bote nach dem nächsten
536 828 3211 984 Posten am Kongo-Fluss ab, der 250 Kilometer von der Plantage entfernt
547 974 3176 1129 ist, und wo im Postbureau vielleicht Briefe und sogar Telegramme und
547 1126 3176 1269 Zeitungen für uns liegen. Da dort die Flussdampfer, und alle vierzehn
547 1271 3316 1433 Tage sogar Flugzeuge landen, können wir Post nach Leopoldville schicken,
536 1413 3136 1566 und von dort in alle Welt. Aber obwohl wegen der grossen Entfernung
536 1565 3124 1700 nur zweimal im Monat ein Mann nach L. geschickt werden kann, und ich
542 1708 3200 1852 Zeit genug hatte, meine Post fertig zu machen, habe ich jetzt doch nur
536 1850 3241 1997 Weniges bereit, und seit heute früh bin ich mehrere Stunden vor meiner
536 1996 3235 2131 Maschine gesessen, vor weissen Blättern, und habe keine Zeile geschrie¬
542 2140 3060 2278 ben. Es gibt doch viele Freunde, denen ich eine Nachricht schicken
536 2280 3235 2429 möchte. Ich möchte sie wissen lassen, dass es mir gut geht, wie ich hier
524 2420 3054 2575 lebe, und dass ich sie nicht vergesse. Ich möchte ihnen von meinen
524 2565 3159 2721 Plänen berichten, möchte ihnen etwas über Afrika erzählen, und möchte
536 2711 3276 2867 sie bitten, manchmal an mich zu denken. Ich möchte ihnen versichern, dass
536 2851 3072 3006 ich bald zurückkommen werde, – wann weiss ich nicht, und auch nicht,
530 2997 3083 3141 wohin, denn es hangt nicht von mir ab und meinen Wünschen und Ent-
530 3142 3182 3292 schlüssen, sondern vom Krieg. Ich bin hier weit vom Krieg entfernt, und
530 3288 3229 3444 sehr weit von allem, was ich bisher gekannt habe. Wenn ich zu schreiben
530 3428 3305 3584 versuche, ist es, als müsse ich mich einer Fremdsprache bedienen. Und doch
524 3574 3217 3729 habe ich in letzter Zeit manchmal während der Nacht lange Manuskripte
507 3725 3101 3863 geschrieben, und sogar Verse. Aber was ich schrieb, war mir fremd, und
524 3859 3136 4009 wenn ich es am nächsten Tag las, erkannte ich es nicht mehr. Manchmal
507 4011 3217 4161 gefiel es mir doch, dann setzte ich meinen Namen darunter und schickte
518 4157 3176 4301 es fort. Es beruhigte mich, eine vertraute Adresse schreiben zu können
1581 219 2377 328 –2– (Die Niederlagen)
523 504 3272 619 und den Umschlag der Post zu übergeben, dann hatte ich nichts mehr [add inline: damit]
523 644 3086 770 zu tun, und in ein paar Monaten würde irgendwo ein Mensch, der mich
523 807 3104 915 gern hat, nicht daran zweifeln, dass ich es sei, der diese Seiten ge¬
534 934 3226 1066 schrieben habe, er würde die Handschrift erkennen, vielleicht sogar den
534 1080 3197 1206 Stil des Manuskripts, und er würde es lesen und behalten oder drucken
529 1231 3034 1345 lassen, nach seinem Gutdünken, – und sicher würde er besser darüber
529 1370 3150 1496 Bescheid wissen als ich. Inzwischen würde ich weiter gelebt haben, so
529 1543 3174 1623 wie heute, allein, im Urwald, auf der Plantage, auf dem Fluss, vielleicht
529 1692 3174 1766 wieder in einer anderen Stadt, vielleicht mit [add above: neuen] Freunden, die ich früher
529 1806 2761 1927 nicht gekannt habe, und die [add abvoe: mich] so annehmen, wie ich heute bin.
523 1940 3255 2072 [p] –Am frühen morgen [sic] hörte ich wie gewöhnlich den Wagen, schluckte schnell
517 2085 3220 2223 den Kaffee, den der boy mir in einer Thermosflasche gebracht hatte, und
511 2237 3150 2357 lief mit dem Tropenhelm unterm Arm hinaus. Der Wagen hielt schon vor
511 2376 3185 2502 meinem Haus, und wir fuhren in die Palmerei, wo die Schwarzen schon an
517 2521 3104 2659 der Arbeit waren. Sie schneiden das Gras zwischen den Palmenreihen,
517 2667 3168 2787 oder hacken die unteren Palmaste ab, oder sammeln die Palmfrüchte, die
517 2812 3115 2938 am Mittag in die Oelfabrik unten am Fluss [siehe Foto] gebracht, und am gleichen
517 2957 3208 3072 Tag gepresst werden müssen, damit das Oel nicht sauer wird. Die Schwar¬
517 3103 3220 3223 zen arbeiten nicht gern, und man muss sie immer beaufsichtigen, was auf
511 3242 3232 3363 einer Plantage von 1200 Hektaren nicht leicht ist. Der junge Agent, ein
505 3388 3133 3514 Schweizer wie der Besitzer, war mit seiner Mannschaft weit draussen,
529 3533 3290 3653 etwa beim sechsten Kilometer, und frühstückte gerade. Sein Motorrad läuft
511 3678 3284 3804 nicht, er bleibt darum den ganzen Tag draussen und geht erst um fünf Uhr
517 3824 3214 3944 nach Hause. Seine Frau ist vor einem Jahr aus der Schweiz gekommen und
517 3969 3214 4078 hat jetzt ein kleines Kind. Wir gingen noch zu den Kranken, die ein ei¬
505 4120 3040 4235 genes Terrain mit grossen Erdhütten haben, und von fünf schwarzen
1516 274 2345 396 –3– (Die Niederlagen)
589 502 3028 611 Wärtern gepflegt werden. Ein junger Mensch mit Lungenentzündung
600 648 3162 763 schien fast bewusstlos, und sein Vater war gekommen, um ihn in sein
583 787 3109 910 Dorf zu holen. Wahrscheinlich wird der Kranke den Transport nicht
600 933 3197 1056 aushalten, aber der Vater behauptet, sein Sohn sei verzaubert, und er
600 1080 3267 1200 müsse ihm den bösen Zauber austreiben lassen, dagegen kann man nichts
595 1226 3308 1340 sagen, denn sonst wurde die Plantage schuld sein, wenn der Mann stirbt [siehe Brief an McCullers].
612 1366 3173 1486 Wir fuhren dann zurück, und beim Frühstuck besprachen wir, dass ich
600 1505 3133 1627 auf der Plantage bleiben dürfe, und hier arbeiten könne, falls ich
606 1651 3308 1773 aus irgendeinem Grund den Kongo nicht verlassen sollte, und das weiss
595 1803 3185 1918 man heutzutage nie. Nur müsste ich dann die Lingala-Sprache lernen,
600 1943 3162 2058 welche sowohl die Gombe wie die Gwaka verstehen, – aber es ist eine
606 2088 3173 2199 senr primitive Sprache, und man kommt mit wenigen Worten aus. Wegen
606 2228 3290 2345 des Klimas hätte ich auch keine Angst, und das Leben auf der Plantage
606 2369 3249 2490 ist besser als manches andere, das ich gekannt habe. Obwohl ich nicht
612 2509 3214 2636 die Absicht hatte, im Kongo zu bleiben, und über die nächste Zukunft
618 2661 3249 2781 nichts weiss, hat es mich doch beruhigt, zu wissen, dass man mich hier
618 2807 3144 2927 behalten würde. Diese Plantage gehört Schweizern, die vor fünfzehn
630 2953 3220 3073 Jahren angekommen sind und mitten im Dschungel angefangen haben, zu
630 3099 3220 3219 roden, zu pflanzen, Neger als Arbeiter heranzuziehen, und ihr Haus zu
635 3238 3185 3366 bauen. Und jetzt findet man hier mitten im Urwald weite, mit Palmen
635 3384 3220 3511 und Kaffesträuchern bepflanzte Landflächen, am Fluss eine Oelfabrik
641 3524 3214 3651 und die Ziegelei, oben auf dem Hügel Gemüsegärten, Beete mit wunder¬
647 3676 3138 3797 baren Blumen und grossen Blutenbüschen, Papeias, Zitronen, Orangen,
630 3816 3162 3943 Tomaten, Bananen, Brotfrüchten und Ananas. Es gibt Ziegen, und sogar
647 3955 3243 4089 zwei kleine Kinder [gemeit sind weisse Kinder, Kinder der einheimischen Bevölkerung gibt es gemäß den Fotografien wesentlich mehr] und ein Kalb, und zwei Pferde aus dem Tschad, die
635 4107 3308 4229 hier allerdings nicht recht gedeihen wollen. Am Abend, bevor es dunkel
1555 418 1689 456 –4–
666 569 3299 736 wird, geht oft ein frischer Wind und rauscht leise in den Palmbäumen
585 710 3293 876 um das Haus. Man kann vom Hügel, auf dem es steht, weit über den kleinen
573 858 3118 1015 Fluss und das dunkle Meer des Waldes hinweg blicken bis zu einem
579 992 3241 1167 blauen Hügelstreifen, den wir den Jura nennen, und der Himmel ist hoch
585 1137 3276 1321 und frei, und oft voller wehender gelber Wolken. Am frühen Morgen hängt
579 1289 3229 1455 oft Nebel zwischen den Palmenreihen, und man muss erst gegen acht Uhr
561 1423 3246 1601 den Tropenhelm tragen, wenn die Sonne anfängt, mit dem noch dampfenden
585 1570 3235 1742 Grün zu spielen. Jetzt ist es fünf Uhr abends, der boy wird mir gleich
561 1716 3328 1894 mein Badewasser bringen, draussen höre ich die Vögel, die nach der Tages¬
561 1856 3211 2034 hitze erwachen und sich freuen. Es wird ein klarer, schöner Abend, und
567 2003 3299 2186 wenn ich nachher zum Haus hinübergehe, wird die ganze Pflanzung wie mit
549 2149 3200 2327 Gold übergossen sein. Ja, diese Plantage ist jetzt, nach vielen Jahren
555 2289 3188 2467 harter Arbeit, ein Stück wirklicher, bewohnbarer Erde, so wie wir Men¬
549 2436 3264 2618 schen sie zum Leben brauchen, und der dunkle Urwald ringsum hat seinen
538 2571 2767 2735 Schrecken verloren. Ich weiss ja nicht immer, was ich zum [Zeilenabstand im Typoskript hat vermutlich technische Gründe]
637 2898 3241 3023 Schrecken verloren, der besonders uns Weisse sonst erstickt und uns
643 3038 3200 3158 so entsetzliche Niederlagen bereitet. Denn er lehrt uns, die dumpfe
637 3178 3206 3310 Macht der Natur zu fürchten, und unsere eigene Nichtigkeit, bis wir
643 3319 3246 3456 zuletzt das Leben selbst fürchten, und uns nicht mehr wehren, und um
661 3465 3311 3602 nichts mehr kämpfen, und dann ist man schon besiegt. Hier aber, auf der
649 3611 3334 3749 Pflanzung, hat man jeden Tag Hoffnung, und misst sich jeden Tag am Mut,
649 3752 3235 3883 den man in sich sammelt, um ein ziemlich hartes Dasein zu bestehen.
631 3892 3375 4029 Man würde sich schämen, zu verkommen, während die Palmbäume[add inline: früchte] nur gedeihen
649 4044 3317 4164 und die Häuser nur stehen und die Brunnen nur singen durch der Hände
631 4191 3217 4316 Arbeit. – Und wenn ich auch nichts weiss als dass ich heute lebe, es
649 4331 3340 4456 wird doch genügen, dass ich das Haupt hebe und die Sprache wiederfinde
637 4449 3282 4543 [hs: ]und mich an alles erinnere, das ich liebe u. was mich mit Stolz und
661 4572 1339 4654 Freude erfüllt. –
2386 4618 3270 4726 A. Clarac-Schwarzenbach
