3880 5669
1108 674 1654 830 Neuenburg
449 832 2389 980 \p\Für Neuenburg müßte wahrlich eine Lanze ge¬
368 944 2394 1092 brochen werden, erfreut es sich doch des mäßigen
360 1062 2387 1172 Rufs einer Kleinstadt mit vielen Mädchenpensio¬
373 1177 2404 1317 naten, an einem See gelegen, der nicht besonders
355 1284 2397 1409 berühmt ist. Und mögen auch die „Pensionnats de
368 1396 2394 1511 demoiselles“, in beträchtlicher Anzahl vorhanden
355 1498 2407 1618 sein, so schließt das doch die mannigfaltigsten ver¬
355 1616 2407 1769 borgenen Vorzüge nicht aus. Man erinnere sich:
368 1725 2394 1871 Neuenburg ist unbestritten die Stadt mit der glück¬
368 1845 2407 1983 lichen Geschichte. Eine wohlgesinnte, zufriedene
355 1960 2387 2090 und heitere Bürgerschaft verrät sich in der ange¬
355 2068 2394 2182 nehm harmonischen Architektur der Wohnhäuser,
355 2190 2397 2290 im deutlichen Sinn für angemessenen Zierat. Dazu
355 2279 2394 2433 kommt, im Straßenbild Neuenburgs, der Einfluß
368 2407 2394 2522 eines besonderen Baumaterials: eines ockergelben,
373 2514 2392 2627 warmen Jurakalks, der immer aussieht, als werde
368 2634 2177 2741 er von der Sonne beschienen und durchwärmt.\:p\
452 2741 2389 2882 \p\Es gibt genug Gründe, um Neuenburg davor
355 2849 2394 2992 zu bewahren, ein ausgesprochener Fremdenort zu
373 2963 2392 3094 werden. Die Stadt wird eine Schulstadt bleiben,
373 3073 2392 3191 und darin liegt auch, heute, ein Teil ihrer Vorzüge.
368 3188 2394 3326 Die Jugend herrscht hier vor. Schüler und Stu¬
368 3295 2397 3433 denten füllen die Straßen, die Cafés, die Sport¬
378 3413 2397 3535 plätze. Und die Straßen erinner zuweilen an das
378 3525 2397 3663 Quartier Latin in Paris: so viele Buchhandlungen,
355 3625 2407 3770 und alle Auslagen mit Schulbüchern angefüllt: la-
373 3737 2392 3910 teinische Klassiker, Wörterbücher, Grammatiken.\:p\\fml\
1457 604 3523 736 \p\\fml\Der Beginn des Semesters, „Rentrée des Classes“, ist
1454 700 3504 837 das große Ereignis der Stadt. Und welche Rück¬
1454 813 3517 932 sichtnahme auf diese lernende Jugend! Zur Zeit der
1464 925 3515 1074 Prüfungen weiß jeder Friseur genau Bescheid, be¬
1464 1038 3520 1185 glückwünscht die Erfolgreichen, tröstet die Pech¬
1454 1144 3517 1265 vögel. Schüler bekommen ermäßigte Bahnbillette
1454 1265 3507 1402 und Spezialpreise in den Restaurants. Und natürlich
1441 1384 3507 1500 auf den Sportplätzen: der Golfplatz befindet sich,
1454 1490 3525 1637 leicht erreichbar, in Pierre-à-Bot, die Tennisplätze
1449 1606 3515 1748 hauptsächlich im Vallon des Cadolles. Es gibt zahl¬
1441 1715 3517 1870 reiche Badeanstalten und Strandbäder in Colombier
1459 1831 3502 1981 und La Tène. La Tène ist bekanntlich eine sehr be¬
1459 1942 3510 2061 rühmte Fundstelle für die Periode der jüngeren
1441 2051 3517 2205 Eisenzeit (etwa 500 v. Chr.), die man deshalb La¬
1464 2174 2123 2301 Tène-Zeit nennt.\:p\
1542 2288 3502 2394 \p\Man behauptet, daß in Neuenburg ein besonders
1454 2389 3504 2539 reines Französisch gesprochen werde. Eine These,
1441 2502 3507 2642 die jedenfalls die Deutschschweizer veranlaßt, ihre
1441 2624 3517 2763 Töchter hierher zu schicken. Neuenburg hat auch
1454 2740 3525 2846 ein recht bekanntes Konservatorium und eine höhere
1441 2841 3507 2996 Mädchenschule. Die jungen Männer hingegen kom¬
1438 2962 3517 3107 men meistens hierher, um die Handelsschule zu
1449 3065 3507 3187 besuchen, oder eine der zahlreichen Berufsschulen
1568 3182 3507 3306 für Uhrenmacher, Landwirte und Hoteliers. Die
1464 3303 3515 3445 Universität von Neuenburg (die Schweiz hat vier
1441 3411 3504 3538 Millionen Einwohner und sieben Universitäten!) be¬
1449 3541 3507 3670 sitzt zwar keine medizinische Fakultät, dafür aber
1454 3639 3497 3786 seit dem Jahre 1731 einen Lehrstuhl für Philo¬
1441 3765 1748 3889 sophie.\:p\
499 601 2433 748 \p\Das Schloß Neuenburg steht nicht außerhalb oder
415 718 2436 835 am Rand der Stadt, gleicht in keiner Weise einer
402 830 2441 965 Festung zur Bedrohung oder Verteidigung — es ist
410 944 2433 1056 nicht einmal vornehm distanziert, sondern steht auf
415 1054 2436 1191 einem Hügel inmitten der Stadt, neben der schönen
420 1158 2428 1298 Stiftskirche, im gleichen warmgelben Material er¬
410 1265 2433 1407 baut wie die Bürgerhäuser. Und doch hat es einen
415 1382 2428 1507 äußerst feudalen Charakter; es wirkt höfisch-fest¬
420 1491 1283 1624 lich, sehr französisch.\:p\
517 1596 2436 1715 \p\In den Räumen des Schlosses haben heute die
415 1713 2423 1868 Behörden des Kantons Neuenburg ihre Büros ein¬
420 1822 2433 1955 gerichtet. Jenseits davon, auf hoher Terrasse, steht
415 1932 2436 2084 die \g\Eglise Collégiale\:g\, die wie das Schloß
415 2039 2436 2166 einen einheitlich befriedigenden Eindruck macht,
415 2145 2441 2275 selbst wenn man weiß, daß die beiden gelben Türme
410 2270 2453 2392 neu sind, während das Chor aus romanischer Zeit
402 2377 2436 2492 stammt. In diesem Chor befindet sich auch eines
420 2492 2423 2637 der größten gotischen Grabmäler der Schweiz: das-
433 2598 2433 2733 jenige der Grafen von Neuenburg, im vierzehnten
415 2705 2436 2838 Jahrhundert begonnen, mit mächtigen Standbildern
433 2815 2433 2947 betender Ritter, die – obwohl im einzelnen ohne
402 2927 2433 3097 auffallende Qualität – eine recht monumentale
428 3049 1194 3184 Wirkung erreichen.\:p\
517 3143 2441 3286 \p\An der Rue de la Collégiale stehen unter hohen
402 3265 2428 3403 alten Bäumen die bescheidenen und fast ländlichen
415 3375 2441 3510 Häuser, die früher von den Domherren bewohnt
415 3484 2428 3622 wurden. Diesem ländlichen Stil wird man in Neuen¬
415 3596 2436 3741 burg häufig begegnen. Denn hier sind Stadt und
415 3711 2436 3876 Land keineswegs so streng geschieden wie in Genf,\:p\\fml\
1458 570 3538 708 \p\\fml\und selbst die reinsten städtischen Fassaden — etwa
1448 687 3520 820 in der Rue du Pommier die Häuser der de Pury,
1466 797 3533 932 de Meuron und de Pierre — haben nicht annähernd
1458 917 3531 1068 die strenge Verschlossenheit der Rue des Granges.\:p\
1549 1049 3531 1159 \p\Eine andere Eigenart Neuenburgs: die vornehmen
1471 1146 3531 1281 Quartiere schließen sich nicht von denen der Hand¬
1453 1255 3533 1396 werker und Kleinbürger ab. Genau wie Stadt und
1471 1370 3531 1510 Land, gehen auch die Stände ineinander über oder
1466 1484 3533 1591 entwickeln sich doch friedlich nebeneinander. Das
1466 1599 3525 1745 hat wieder seine historischen Gründe: die patrizi¬
1453 1705 3538 1846 schen Familien von Neuenburg sind bodenständig,
1458 1830 3531 1948 sie stammen aus der Gegend, wie der Bauer und
1453 1942 3533 2057 der Landadlige, sie drängen sich nicht — wie die
1458 2060 3520 2185 eingewanderten Genfer Familien — der einheimi¬
1458 2156 3525 2307 schen Bevölkerung auf. Die Pourtalès zwar sind
1458 2270 3531 2416 Franzosen — aber sie sind ein Ausnahmefall. So
1448 2393 3531 2533 erklärt sich, daß in Neuenburg ein eigener Stil ent¬
1442 2507 3531 2640 stehen konnte: der einer heiteren, offenen Urbanität
1453 2617 2578 2755 mit maßvoller Ornamentik.\:p\
