3709 5669
128 749 3200 913 BEI STUDENTEN IN VIER LÄNDERN
113 978 728 1057 DEUTSCHE UNTERWEGS
160 1050 880 1104 \p\In Danzig hatte ich erlebt, wie die Studenten der
118 1101 890 1140 dortigen Technischen Hochschule von der National¬
118 1138 890 1181 sozialistischen Partei erfaßt, straff organisiert und mit
118 1180 890 1232 Ausnahme einer sehr kleinen oppositionellen Gruppe
122 1211 888 1262 begeisterte Mitglieder oder Mitgänger der NSDAP.
122 1253 865 1302 sind. Obwohl ich über die Beschränktheit und Eng¬
118 1292 872 1339 herzigkeit ihrer Programme, die dürftige Einseitigkeit
121 1334 865 1380 ihrer Interessen und den Mangel an jeder geistig
118 1374 890 1417 orientierten und kritischen Diskussion entsetzt war,
122 1409 870 1461 sagte ich mir doch, daß die Hitlerbewegung für sie
122 1446 870 1488 einen revolutionären Inhalt haben müsse. Als ich
124 1483 862 1535 daher, zwei Wochen später, in der Eisenbahn vor
122 1521 865 1572 dem estnischen Städtchen Petseri nach der Universi¬
123 1561 890 1608 tätsstadt Tartu eine Gruppe von \g\Danziger und
113 1603 869 1650 deutschen Studenten\:g\ traf, setzte ich mich zu
118 1636 863 1683 ihnen und sagte mir, daß junge Menschen, welchen
118 1675 890 1729 Land und politischen System sie auch angehören,
116 1715 847 1758 eines gewissen Idealismus fähig und außerdem ge¬
122 1758 871 1806 wohnt seien, ihren Verstand zu brauchen, um ihre
111 1792 855 1841 Ueberzeugungen und ihre Taten zu rechtfertigen. –
116 1837 871 1873 Die Studenten— es waren neun junge Männer und
113 1868 866 1909 zwei Mädchen — fragten mich, welchen Eindruck mir
116 1908 862 1951 die baltischen Völker machten. Ich sagte, daß die
116 1943 862 1985 Ersten [ev. fälschlich für Esten?] mir besonders gut gefielen, daß aber überall
113 1981 862 2045 gerade die jungen Leute, die "erste Generation"
116 2019 862 2073 dieser durch den Weltkrieg selbständig gewordene
113 2068 891 2110 Nationen, mir durch ihre Wißbegier, ihren Fleiß,
113 2095 862 2148 ihren offenen, selbstsicheren Geist einen sehr gute
116 2136 888 2183 Eindruck gemacht hätten. Störend, wenn auch histo¬
116 2174 862 2225 risch begreiflich, sei nur der ungeheuer starke Na¬
116 2213 859 2259 tionalismus, der sich oft bis zur Fremdenfeindschaft
113 2252 890 2291 und nationalen Ueberheblichkeit steigere. Aber das
116 2292 859 2341 sei eine Kinderkrankheit, die ich auch bei den Na¬
113 2327 890 2388 tionalstaaten im Osten, bei den Türken und Persern,
113 2368 350 2421 gefunden hätte.\:p\
154 2396 865 2449 \p\»Diese Kinderkrankheit wird man ihnen bald wie
113 2448 891 2494 der austreiben«, antworfete man mir — »und die
116 2477 888 2538 Fremdenfeindschaft, von der Sie sprechen, richtet sich
113 2520 866 2565 ausschließlich gegen die Deutschen, weil die Deut¬
118 2558 869 2600 schen ihnen in jeder Hinsicht überlegen sind, weil
107 2598 890 2651 diese Länder durch die deutsche Kultur und durch
101 2640 866 2680 deutsche Arbeit erschlossen wurden, und diese pri¬
113 2678 890 2718 mitiven Bauernvölker genau wissen, daß eines Tages
107 2715 890 2750 die gerechte deutsche Sache hier wieder siegen wird.«\:p\
154 2753 888 2794 \p\»Nafürlich ist das Baltikum zuerst durch den
107 2786 890 2833 Deutschen Orden kolonisiert und durch deutsche
113 2828 890 2882 Hanse-Kaufleute erschlossen worden«, sagte ich, »das
116 2865 888 2914 wird auch von den lettischen und estnischen Natio¬
113 2909 890 2965 nalisten gar nicht bestritten. Aber unter Ihnen gibt
113 2940 890 2991 es sicher Kenner der Geschichte, und Sie werden
113 2982 890 3037 nicht leugnen, daß, so tragisch das auch sein mag,
113 3023 890 3073 die historische Rolle des Deutschtums im Baltikum be¬
113 3061 890 3108 endet ist, und daß die jungen baltischen Nationen
107 3098 890 3140 sich überraschend gut und schnell entwickeln und ihre
116 3132 754 3176 Geschicke zukünftig selbst leiten werden.«\:p\
154 3170 888 3222 \p\»Und was soll aus den Deutsch-Balten hier
116 3214 254 3258 werden?«\:p\
164 3235 888 3307 \p\»Sie müssen entweder das Land verlassen oder
113 3283 891 3351 sich als loyale Minorität in den neuen Staat fügen —
903 987 1671 1046 genau wie die Russen, die Juden und andere Minori¬
885 1038 1001 1086 täten.«\:p\
943 1065 1671 1126 \p\»Das sind ja sonderbare Ansichten«, sagte mein
885 1109 1671 1174 Nachbar aufgebracht. »Sie können einen Deutschen
885 1154 1671 1202 doch nicht mit so minderwertigen Elementen wie
885 1191 1671 1238 Russen und Juden auf eine Stufe stellen. Der Deutsche
885 1218 1671 1283 ist durch seine geistige und charakterliche Ueber¬
900 1265 1672 1323 legenheit — die Sie doch wohl nicht in Frage stellen
907 1312 1672 1356 — dazu bestimmt und berechtigt, diese von ihm mit
901 1344 1672 1388 der Waffe eroberten und geistig durchdrungenen
885 1380 1671 1427 Länder zu beherrschen. Und unsere Aufgabe während
901 1421 1672 1474 dieser Ferienreise ist es, Kontakt mit unsern baltischen
901 1459 1672 1515 Volksgenossen zu suchen und jeden einzelnen von
894 1496 1671 1547 ihnen im Widerstand und im Ausharren zu bestärken.«\:p\
936 1544 1671 1591 \p\»Sie werden sich damit bei den Esten nicht beliebt
885 1578 1671 1616 machen — und tun, meines Erachtens, auch Ihren
901 1615 1672 1650 deutschen Brüdern, die in diesem Lande leben müs¬
898 1652 1651 1698 sen, keinen Gefallen«, sagte ich, aber sie erwiderten
885 1688 1644 1741 mir, daß sie auf die Sympathien dieser neuen Völker
898 1730 1204 1772 verzichten könnten.\:p\
949 1765 1656 1817 \p\Unsere nächtliche Fahrt dauerte vier Stunden, und
903 1805 1671 1853 ich hatte Gelegenheit genug, festzustellen, daß diese
894 1843 1671 1885 elf Studenten, die von ganz verschiedener Herkunft
901 1878 1672 1930 waren und nur zum kleinen Teil aus Danzig stammten,
903 1920 1671 1965 wirklich geistig »gleichgeschaltet« waren. Ich fragte
898 1961 1671 2011 sie, ob sie die Einordnung der deutschen Studenten¬
898 1994 1671 2036 schaft in die Parteiorganisationen, die Ausschaltung
903 2036 1671 2081 jeder Opposition, das Fehlen jeder kritischen Dis¬
885 2072 1671 2127 kussion nicht als ungeistig, als eine Verarmung des
903 2112 1671 2154 geistigen Lebens bedauerten. Es fand sich ein Junge,
885 2146 1671 2202 der darauf einging: »Kritik wird bei uns als schädlich
898 2184 1671 2232 empfunden«, sagte er, »man \g\will\:g\ bei uns die Jugend
898 2227 1671 2275 einseitig, d. h. zu einer völkischen Einheit erziehen.“
885 2257 1671 2316 Aber den Begriff »völkische können Sie als Ausländer
894 2298 1671 2350 nicht verstehen, ebensowenig wie den mystischen Be¬
885 2340 1671 2390 griff des Führers und des Gehorsams.« — Ich mußte
894 2376 1671 2422 mich damit abfinden, daß ich noch viele Begriffe
898 2414 1671 2472 dieser neuen deutschen Jugend nicht verstand, und
885 2448 1650 2509 daß die Unterhaltungen mit diesen Studenten mich
885 2491 1296 2551 mit Besorgnis erfüllten ...\:p\
885 2550 1296 2640 BEI DEN ESTEN
930 2624 1672 2693 \p\In \g\Tartu\:g\, dem »Heidelberg des Baltikums«, fand
885 2669 1671 2729 ich dann eine ganz anders geartete Studentenschaft:
885 2716 1671 2768 die akademische Jugend des neuen \g\Estland\:g\. An
885 2752 1671 2790 dieser Landesuniversität mit ihren schönen klassizi¬
885 2790 1671 2828 stischen Gebäuden, in diesem »heimeligen« Städt¬
885 2826 1671 2874 chen mit seinem grünen Domberg, seinen alten Kir¬
885 2866 1639 2916 chen, seinem trägen kleinen Fluß und den winkligen
885 2902 1671 2960 Gassen, lustigen Kaffeehäusern, gemütlichen Kellern
885 2933 1671 2997 und stilvollen Häusern der Korporationen finden sich
885 2982 1635 3024 die Söhne von Bauern, von städtischen Gewerbe¬
885 3024 1671 3072 treibenden, Holzhändlern, Fischern und Seeleuten zu¬
885 3055 1639 3095 sammen: eine erste Generation von »Gebildeten"
885 3098 1671 3154 Söhnen eines Volkes, das erst durch den Weltkrieg
888 3134 1671 3180 vom zaristischen Regime, erst durch einen doppelten
885 3174 1641 3220 Freiheitskampf gegen die eindringenden Bolsche¬
888 3219 1648 3254 wisten und gegen die deutschen Okkupationsarmeen
884 3249 1671 3298 und »Landeswehren« der baltischen Grundbesitzer
885 3292 1671 3341 seine nationale Selbständigkeit erhalten hat. Aber wie
1668 987 2446 1045 berechtigt der Anspruch auf Selbstregierung, wie reif
1673 1038 2446 1079 die Stunde für die Befreiung der Esten war, das merkt
1668 1073 2446 1131 man, wenn man sich mit diesen neugebackenen Stu¬
1668 1117 2421 1159 denten, diesen zukünftigen Landwirten, Lehrern ode
1668 1154 2429 1201 Offizieren unterhält. Nichts deutet darauf hin, daß
1668 1189 2424 1237 man es mit Söhnen oder Enkeln von Leibeigenen zu
1668 1231 2435 1284 tun hat. Sie sind von einem starken Nationalbewußtsein
1668 1272 2446 1313 erfüllt, aber der Stolz wird gemildert durch das ver¬
1668 1305 2446 1345 nünftige Bewußtsein, noch sehr viel lernen zu müssen.
1668 1346 2446 1389 Das eigentlich politische Interesse ist gering, aber in
1668 1388 2446 1428 den Korporationen erzieht man sich gegenseitig zu
1668 1421 2446 1471 guten Staatsbürgern. Und schon scheint der Haß gegen
1668 1462 2446 1505 die deutschen Bedrücker und die Furcht vor dem
1668 1497 2446 1544 mächtigen russischen Nachbarstaat im Schwinden:
1668 1540 2446 1580 beiden Minoritäten hat man Kulturautonomie zuge¬
1668 1575 2446 1628 billigt, und die deutschen und russischen Studenten
1668 1603 2446 1670 haben ihre eigenen, voll anerkannten Korporationen.\:p\
1671 1686 2137 1769 DIE SCHWEDEN
1719 1762 2426 1812 \p\Das studentische Leben in Tartu gleicht ein wenig
1668 1807 2424 1845 dem, wie ich es in der alten schwedischen Universität
1668 1845 2446 1889 \g\Upsala\:g\ kennengelernt hafte. Damals schienen mir
1668 1882 2404 1930 die schwedischen Studenten eine sehr lebenslustig
1668 1923 2446 1963 und unbeschwerte Gesellschaft — beschwert nur von
1668 1954 2446 1995 ihren Examen, die allerdings viel schwieriger sind als
1668 1993 2424 2044 bei uns. Unbeschwert hingegen von Politik, wirt¬
1668 2033 2427 2081 schaftlichen Nöten, sozialen Problemen — all den
1668 2076 2429 2129 Sorgen, welche die Jugend der großen europäischen
1668 2112 2446 2156 Länder und Amerikas beschäftigen und in Atem
1668 2152 2446 2194 halten. Jetzt, nach Schweden zurückgekehrt, traf ich
1668 2188 2446 2230 einen jungen Studenten der Nationalökonomie, Nils
1668 2228 2446 2278 Kellgren, dessen Interesse für die großen Fragen un¬
1668 2275 2425 2318 serer Zeit sich angenehm von der fast peinlich wir¬
1668 2306 2410 2347 kenden Unberührtheit vieler seiner Landsleute unter¬
1668 2342 2446 2389 scheidet, und der offenbar einen neuen Typus des
1668 2382 2446 2425 schwedischen Studenten vertritt, nämlich die jungen
1668 2422 1983 2480 Sozialdemokraten.\:p\
1719 2472 2410 2520 \p\»Ein großer Teil unserer Studenten ist national ge¬
1671 2500 2407 2549 sinnt«, erklärte mir Nils, »die Nationalsozialisten –
1671 2545 2415 2588 auch das gibt es — sind ja eigentlich gar nicht natio¬
1671 2587 2446 2636 nal, sondern blicken nur nach Deutschland und im¬
1668 2623 2446 2665 portieren von dort fremdes Propagandagut. Genau
1668 2659 2446 2714 das wirft man überall den Kommunisten vor und
1668 2699 2418 2739 fürchtet sie deswegen — aber die 'Nazi' will man
1668 2735 2412 2785 nicht ernst nehmen und belächelt gutmütig ihre 'Tor¬
1668 2778 2446 2822 heiten'. Es wäre besser, wenn man sie ein bißchen
1668 2818 2418 2858 mehr fürchten würde. Mit unsern Nationalisten ist es
1673 2852 2446 2886 anders: sie sind reaktionär, weil sie die Söhne einer
1668 2890 2415 2940 bürgerlichen Schicht sind, die bisher bei uns ein Mo¬
1668 2936 2418 2975 nopol der gebildeten Berufe besah. Jetzt haben wir
1671 2967 2446 3004 eine sozialdemokratische Regierung und eine echte
1668 3008 2415 3049 Demokratie, in der sich die Klassen vermischen und
1677 3047 2415 3088 die Stände auflösen. Die jungen Reaktionäre an un¬
1668 3078 2406 3126 sern Universitäten verteidigen ganz einfach ihre ver¬
1668 3121 2446 3173 meintlichen Rechte gegen die neuen Ansprüche des
1683 3157 2050 3213 gebildeten Proletariats.«\:p\
1713 3192 2410 3262 \p\Auf meine Frage, ob dieser Kampf sehr scharf ge¬
1668 3248 2446 3296 führt werde, erhielt ich die Antwort: »Wir kennen
1668 3287 2446 3335 keinen wirklichen sozialen Kampf, und es gibt bei uns
2442 980 3203 1040 keine unferdrückte und kaum eine wirklich arme Be¬
2442 1034 3209 1089 völkerungsschicht. Das spürt man natürlich auch bei
2441 1074 2764 1130 der Studentenschaft.«\:p\
2442 1146 3170 1214 IN MOSKAU UND LENINGRAD
2498 1218 3203 1288 \p\So entfernt der Vergleich auch sein mag, ich hörte
2442 1274 3197 1315 ähnliche Aeußerungen von einigen russischen Stu¬
2442 1311 3197 1363 denten, die ich vor kurzer Zeit in Moskau und Lenin¬
2442 1352 3207 1393 grad traf. Einer von ihnen, Student am Moskauer
2441 1391 3203 1441 Konservatorium, sprach fließend deutsch und gab mir
2442 1426 3207 1472 in mehreren langen Unterhaltungen Auskunft über
2442 1472 3198 1511 sein Leben und das seiner Kameraden. In der Sowjet¬
2442 1504 3207 1543 union werden die Studenten der höheren Lehranstal¬
2442 1544 3203 1579 ten vom Staat bezahlt, das heißt, sie erhalten eine
2442 1575 3209 1621 kleine Rente von etwa 150 Rubel monatlich, die ihnen
2441 1620 3207 1659 gekürzt oder entzogen wird, wenn sie beim Semester¬
2447 1657 3197 1698 abschluß ihr Examen nicht bestehen. Bei einem zwei¬
2453 1693 3200 1742 ten Mißerfolg rät man ihnen, die Hochschule zu ver¬
2456 1735 3210 1780 lassen und lieber einen praktischen Beruf zu wählen.\:p\
2494 1776 3207 1832 \p\»Das ist ein gutes System«, sagte mir Gog und
2442 1834 3209 1874 fügte mit ruhigem Stolz hinzu: »ich bin immer der
2456 1868 3207 1908 Beste meiner Klasse und bekomme deshalb eine
2442 1899 3203 1950 Extraprämie. Außerdem spiele ich abends im Orchester
2442 1935 3203 1980 der Oper und verdiene 650 Rubel, so daß ich für
2456 1980 3212 2031 meine Mutter und meine beiden Geschwister sorgen
2456 2022 2554 2071 kann.«\:p\
2494 2039 3203 2118 \p\Als ich ihn fragte, ob sich die starke Ungleichheit
2442 2103 3202 2148 der Gehälter nicht bereits wieder als soziale Un¬
2442 2139 3213 2185 gerechtigkeit auswirke, versicherte er mir — und des
2442 2179 3209 2216 ist eine verbreitete und typische Meinung der jungen
2442 2217 3207 2254 Rußen —, daß »Geld keine Rolle spiele«. Wenn je¬
2456 2256 3204 2298 mand wenig verdiene, so müsse er auch weniger für
2453 2290 3200 2341 seine Wohnung zahlen und habe größere Erleichte¬
2442 2327 3207 2369 rungen für die Erziehung seiner Kinder, für die Be¬
2442 2365 3203 2417 nützung von Spitälern und anderer sozialer Einrich¬
2446 2411 2562 2460 tungen.\:p\
2498 2437 3188 2501 \p\Dieses Verhältnis — oder mangelnde Verhältnis-
2453 2490 3203 2533 zum Geld als Gegenwert materieller Existenzmittel
2456 2530 3206 2572 schien mir zuerst unglaubwürdig, bis ich es bei allen
2447 2572 3209 2609 meinen jungen Freunden bestätigt fand. Sie wissen,
2442 2606 3209 2655 daß für sie gesorgt wird, sie glauben, daß die Reich¬
2442 2643 3213 2688 tümer der riesigen Sowjetunion ihnen allen gehören
2442 2680 3213 2731 und ausreichen, um jedem eine angemessene Existenz
2449 2723 3209 2767 zu sichern, und vor allem: sie kennen die Furcht vor
2453 2756 3203 2800 der Arbeitslosigkeit nicht, diesem größten Uebel un¬
2442 2792 3213 2840 seres Zeitalters. Jeder dieser Studenten arbeitet und
2442 2832 3207 2869 lernt mit großem Eifer, ihr Ehrgeiz wird ständig an¬
2462 2869 3200 2916 getrieben, aber es ist ein erstaunlich idealistischer
2448 2914 3206 2961 Ehrgeiz: sie wollen die besten Künstler, die besten
2462 2948 3204 2993 Sportsleute, die besten Techniker werden, ohne daß
2441 2988 3195 3037 dahinter der Antrieb der Konkurrenz und des Brot¬
2447 3027 3203 3063 neides steht. Und so wächst eine junge Generation
2447 3063 3212 3106 heran, die uns einen ungebrochenen Optimismus
2447 3102 3200 3144 voraus hat. Ihre sorgenlose Gelassenheit und ihr
2442 3139 3203 3181 naiver Stolz über alles, was bei ihnen schon erreicht
2447 3176 3209 3218 wurde und noch verwirklicht werden soll, wirkt auf
2447 3214 3197 3256 uns skeptische Mitteleuropäer fast bestürzend, aber
2442 3254 3207 3310 an ihrer gläubigen Aufrichtigkeit kann nicht gezweifelt
2442 3289 2574 3342 werden.\:p\
2865 3296 3178 3344 Dr. Annemarie Clark.
