3720 5440
241 1059 851 1141 Der Belgische Kongo
334 1125 746 1212 und der Krieg
179 1200 968 1254 \p\Der Belgische Kongo ist seit der deutschen
125 1245 955 1293 Okkupation Belgiens in ähnlicher Lage wie die
122 1283 958 1330 holländischen und die freien französischen
120 1329 983 1381 Kolonien, die von ihrem Mutterland abgeschnit¬
120 1368 959 1410 ten, von ihren Regierungen in London verwal¬
120 1409 983 1450 tet, den Krieg an der Seite der Alliierten
122 1445 958 1485 weiterführen. Wenn die Schauplätze der euro¬
122 1483 961 1535 päischen Ereignisse in weiter Ferne liegen, so
119 1519 985 1561 ist die Zusammenarbeit mit den britischen
122 1551 966 1618 Kolonien in Afrika eine um so natürlichere Not¬
120 1593 314 1661 wendigkeit.\:p\
179 1613 985 1682 \p\Der Krieg führt auch aus wirtschaftlichen
122 1678 958 1720 Gründen zu einem engeren Zusammenschluß der
120 1720 959 1758 afrikanischen Länder. Die Umstellungen, die sich
120 1758 983 1804 jetzt im Belgischen Kongo vollziehen, sind nur
120 1796 983 1843 zum Teil vorübergehender Art. Dazu gehört
120 1838 954 1886 wohl die Konjunktur jener Produktionszweige
120 1876 965 1915 im Kongo, die unmittelbar den Bedürfnissen des
122 1914 953 1976 Krieges dienen. Der Kongo leistet besonder
122 1951 961 2002 mit seinen \g\Kupfer-\:g\ und \g\Zinn-Gruben\:g\
120 1995 961 2040 und durch die Lieferung von Leder einen
120 2024 961 2075 bedeutenden Beitrag an die Rüstung der
122 2071 304 2132 Alliierten.\:p\
172 2107 983 2154 \p\Der größte Reichtum des Kongo sind neben
120 2150 983 2202 den Goldgruben, besonders von Kilo Moto, die
120 2189 983 2230 Zinn- und Kupferminen des \g\Katanga\:g\, der
120 2228 959 2267 Provinz von Elisabethville im Süden des
120 2261 961 2316 Landes. Im Wirtschaftsabkommen zwischen
120 2297 983 2346 dem Belgischen Kongo und Großbritannien
122 2356 961 2390 garantierte dieses für die Zeit vom 1. Sep¬
120 2376 961 2434 tember 1940 bis zum 31. August 1941 die
120 2423 961 2466 Abnahme von 126 000 Metertonnen Kupfer;
120 2456 959 2502 dieses Abkommen wird zweifellos für das
122 2496 966 2548 folgende Jahr erneuert. Der größte Teil der
120 2537 983 2580 Kupfererze wird zur Verarbeitung nach den
122 2580 983 2618 Vereinigten Staaten geschickt, während kleinere
122 2612 983 2660 Quantitäten im Kongo selbst, in den Raffinerien
120 2652 983 2696 von Shituru verarbeitet werden können. Die
122 2692 983 2748 Förderung von Zinn und seinem Derivat Cassi¬
120 2736 956 2780 terit wird durch das „comité de l’étain“ ge¬
122 2772 983 2811 regelt, welches alle Grubengesellschaften mit einer
122 2806 983 2855 einzigen Ausnahme umfaßt. Infolge der Bedeu¬
122 2852 983 2904 tung dieses Metalls für die Rüstungsindustrien
122 2892 955 2935 werden die Gruben voll ausgewertet; die Regie¬
122 2933 961 2978 rung fördert die Entdeckung und Ausbeutung
120 2968 961 3011 neuer Adern. Der größte Teil des geförderten
125 3009 958 3050 Zinns wird nach den Vereinigten Staaten ver¬
122 3045 961 3098 kauft, der Rest in Form von Cassiterit nach Eng¬
120 3087 957 3132 land. Durch den Krieg erfuhr auch die Förderung
120 3126 983 3182 von \g\Kobalterzen\:g\, die früher in den Raffi¬
120 3169 960 3206 nerien von Oolen (Belgien) gereinigt wurden,
120 3204 961 3251 und jetzt im Rohzustand nach Amerika verschickt
120 3246 983 3287 werden, einen starken Antrieb. Auch die Förde¬
120 3281 777 3325 rung von \g\Gold\:g\ ist im Anwachsen.\:p\
179 3324 958 3363 \p\Neben der Produktionssteigerung der Gru¬
120 3358 961 3409 benindustrien zeichnen sich im Kongo seit Kriegs¬
120 3400 955 3441 beginn Veränderungen besonders auf \g\land¬
122 3439 983 3480 wirtschaftlichem\:g\ Gebiet ab, und zwar im
122 3479 966 3533 Sinne wachsender \g\Selbstversorgung\:g\.
120 3513 959 3564 Für die Entwicklung einer europäischen Land¬
120 3554 983 3620 wirtschaft und Viehzucht sind das reiche Ka¬
120 3586 961 3635 tanga und die Gebirgsprovinzen Kivou und
120 3626 951 3682 Ituri mit ihrem gemäßigten Klima geeig¬
120 3671 983 3711 net. Staatlich unterstützte Viehzucht-Statio¬
120 3716 968 3763 nen liefern Butter; die Versorgung der rund
120 3756 961 3792 30 000 zählenden weißen Bevölkerung des
120 3791 961 3830 Kongo mit Eiern, Früchten und Frischgemüsen
122 3828 955 3870 entwickelt sich befriedigend. In der neuen Tabak¬
125 3868 961 3916 fabrik in Elisabethville werden einheimische
125 3905 983 3948 Tabake aus dem Katanga, Kivu und Ruanda
120 3951 967 3986 verarbeitet, eine andere Fabrik beginnt mit der
128 3982 983 4052 Verarbeitung von vegetabilen Fetten zu Wachsen
120 4022 465 4080 und Schuhwichsen.\:p\
1050 1015 1855 1084 \p\Die Industrie, die früher ihre Maschinen und
991 1071 1854 1111 Ersatzteile aus Belgien bezog, beschafft sich jetzt
993 1111 1830 1155 diese Materialien vor allem aus der Südafri¬
991 1145 1854 1188 kanischen Union, oder aus England und
997 1187 1854 1231 Amerika; einige Unternehmer beginnen mit der
1009 1228 1854 1276 Herstellung von Maschinenteilen im Lande selbst.\:p\
1056 1266 1834 1327 \p\Der Import europäischer Waren — Stoffe
980 1308 1828 1362 Kleider, Nahrungsmittel für Europäer, pharma
996 1355 1854 1399 zeutische Artikel — wurde früher durch Einkaufs¬
980 1392 1854 1445 bureaus in Brüssel besorgt. Die Benützung neuer
997 1432 1854 1485 Einkaufsquellen wird einstweilen erschwert durch
997 1471 1782 1518 die Einschränkungen des freien Geldverkehrs —
980 1506 1854 1554 der Kongo gehört dem Sterlingblock an —, aber
1000 1550 1855 1593 auch durch die lange Dauer des Transports
991 1588 1854 1637 überseeischer Bestellungen. Daher sucht sich der
980 1625 1854 1681 Kongo vor allem nach der \g\Südafrikani-
1009 1662 1833 1708 schen Union\:g\ zu orientieren, wohin neben
997 1698 1837 1749 Minenprodukten Hülsenfrüchte, Reis, Palm- und
980 1747 1854 1793 Arachidöl, Häute, Obst, Bienenwachs usw. expor¬
979 1790 1855 1843 tiert werden. Der Seeverkehr vom Kongohafen
1000 1825 1833 1865 Matadi nach dem Kap hat erheblich zugenom¬
1000 1864 1855 1904 men, aber auch der Transport zu Land wird
991 1904 1854 1946 durch den Ausbau und die Verbesserung des
1000 1943 1492 1995 Straßennetzes erleichtert.\:p\
1050 1980 1839 2035 \p\Der Belgische Kongo betrachtet die Nieder¬
1003 2027 1854 2083 lage Belgiens nicht als endgültig und noch
991 2071 1833 2116 weniger als seine eigene Niederlage. Das führt
980 2091 1833 2155 mit selbstverständlicher Notwendigkeit zur För¬
980 2147 1854 2187 derung aller auf Autarkie gerichteten Unter¬
980 2191 1854 2235 nehmungen, aber auch zum engeren Zusammen¬
997 2228 1837 2271 schluß mit benachbarten afrikanischen Gebieten,
997 2262 1854 2311 die vielleicht die Bildung der „Vereinigten Staa¬
980 2306 1516 2349 ten von Afrika" vorbereitet.\:p\
1050 2388 1855 2462 \p\Die Kongokolonie, die mit rund 2,4 Millionen
1000 2438 1825 2496 Quadratkilometer Flächeninhalt etwa achtzig
1000 2494 1855 2533 mal so groß ist wie Belgien, wurde dem bel¬
980 2514 1840 2575 gischen Königreich erst 1908 einverleibt; sie war
980 2567 1833 2623 vorher als „Etat Indépendant du Congo“ nur
980 2606 1854 2666 durch Personalunion mit der belgischen Krone
980 2645 1837 2690 verbunden. Die Gründung dieses Staates geht
980 2675 1833 2725 auf die lnitiative \g\Leopolds II.\:g\ zurück, der
997 2719 1824 2772 im Jahre 1876 eine internationale geographische
980 2772 1837 2812 Konferenz in Brüssel einberief. Aus ihr gingen
980 2801 1809 2858 die „Association Internationale Africaine,
980 2835 1837 2881 das „Comité d’Etudes du Congo“, — und
997 2874 1854 2937 schließlich die „Association Internationale du
997 2915 1837 2963 Congo“ hervor, deren blaue Flagge mit golde¬
997 2955 1837 3004 nem Stern 1884 von den Vereinigten Staaten
993 2987 1838 3045 als die einer befreundeten Regierung anerkannt
997 3039 1839 3082 wurde, worauf am 23. Februar 1885 auf der
997 3076 1837 3114 Konferenz von Berlin die Anerkennung des „Un¬
980 3113 1854 3151 abhängigen Kongostaates“ durch alle dort ver¬
991 3154 1477 3206 tretenen Mächte folgte.\:p\
1059 3181 1837 3241 \p\Es handelte sich um ein Gebiet, das wenige
980 3222 1854 3291 Jahre zuvor noch völlig unerforscht, und nur von
991 3275 1828 3323 den Raubzügen arabischer Sklavenjäger heim¬
1006 3324 1837 3358 gesucht war. Die Mündung des Kongo war zwar
1003 3358 1833 3399 seit beinahe fünfhundert Jahren bekannt und
997 3398 1854 3440 von portugiesischen Kaufleuten besiedelt, aber
980 3429 1837 3495 niemand hatte es gewagt, den Lauf des Riesen¬
1006 3470 1408 3535 stroms zu erforschen.\:p\
1059 3497 1854 3563 \p\Als dieses 1908 von Belgien als Kolonie
980 3525 1837 3593 übernommen wurde, erhielt es durch die
997 3587 1833 3641 „Charte Coloniale" die Grundlage seiner Regie¬
997 3632 1830 3676 rung und Verfassung. Die Kolonie genoß eine
980 3667 1833 3715 weitgehende Autonomie und bildete vor allem
1003 3712 1837 3756 finanziell eine von Belgien getrennte staatliche
997 3748 1837 3801 Einheit. An der Spitze ihrer Verwaltung steht
997 3792 1839 3841 heute der Generalgouverneur, Herr \g\Ryck¬
991 3840 1837 3875 mans\:g\, der dem Minister der Kolonien unter¬
997 3876 1839 3916 steht. Dieses Amt befindet sich in den Händen
980 3907 1833 3959 von Herrn de \g\Vleeschauwer\:g\, der dem bel¬
1003 3946 1837 3990 gischen Ministerrat in London angehört, und
980 3982 1837 4040 der auf 18. Juni 1940 zum „Generaladmini¬
985 4020 1854 4073 strator" für den Kongo und für die Mandat¬
1851 1007 2708 1081 gebiete Ruanda-Urundi ernannt wurde. Die
1851 1066 2708 1116 belgische Kolonialregierung wird im Ausland
1866 1112 2700 1161 nach wie vor durch das belgische diplomatisch
1851 1147 2708 1189 und Konsular=Korps vertreten. Seit dem
1851 1191 2712 1248 10. Mai 1940 steht der belgische Kongo im
1851 1221 2708 1280 \g\Krieg\:g\ mit \g\Deutschland\:g\, seit Anfang
1869 1264 2328 1317 1941 auch mit \g\Italien\:g\.\:p\
1925 1302 2737 1368 \p\Unmittelbar nach dem Ausbruch des Kriegs
1851 1368 2737 1404 in Belgien wurden im Kongo die erforderlichen
1851 1391 2737 1446 Vorkehrungen auf militärischem und wirtschaft¬
1851 1429 2737 1486 lichem Gebiet getroffen. Deutsche im militär¬
1869 1471 2705 1523 pflichtigen Alter wurden interniert, die anderen
1851 1496 2706 1556 unter Ueberwachung gestellt. Eine umfassende
1851 1546 2737 1612 Zensur für Presse, Post und Telegraph wurde
1851 1591 2708 1633 eingeführt, der Besitz von Sendeapparaten wurde
1851 1623 2737 1663 verboten. Seit dem 10. Juni 1940 dürfen kom¬
1869 1667 2737 1728 merzielle, industrielle, und landwirtschaftliche
1872 1709 2738 1756 Unternehmungen keine Weisungen von Personen
1851 1737 2737 1795 mehr entgegennehmen, die unter Feindes¬
1851 1783 2737 1848 kontrolle stehen. Sie dürfen ohne Erlaubnis der
1869 1822 2702 1865 Regierung weder ihre Produktion und Ver¬
1851 1852 2702 1916 sorgung abändern, noch ihr Kapital und ihre
1851 1908 2708 1950 Schulden mit Hilfe von ausländischen Fonds
1872 1943 2021 1993 erhöhen.\:p\
1930 1969 2737 2034 \p\Der Belgische Kongo verdankt die Stabilisie-
1851 2037 2706 2074 rung seiner \g\Währung\:g\ der Hilfe, die der
1869 2072 2737 2114 „Banque du Congo Belge" durch die Bank von
1869 2108 2705 2150 England nach der belgischen Niederlage gewährt
1851 2143 2712 2196 wurde. Während der kurzen Periode der Wirren,
1851 2183 2706 2238 die dem französischen Waffenstillstand folgte,
1875 2228 2708 2270 gewährte die Bank von England der Kongobank
1851 2263 2708 2306 die Möglichkeit, ihre ausländischen Geschäfte ohne
1869 2303 2713 2344 Unterbrechung abzuwickeln. Nach einer Ver¬
1875 2341 2703 2385 fügung vom 10. Mai 1940 müssen alle auslän¬
1869 2381 2708 2422 dischen Valuten, die durch Exporte aus dem
1851 2422 2702 2479 Kongo erzielt werden, der Kongo-Bank zur Ver¬
1869 2455 2713 2505 fügung gestellt werden. Durch die Devalvation
1851 2508 2706 2549 und die höheren Kosten von Transport und Ver¬
1875 2535 2708 2582 sicherung sind im Kongo die Preise importierter
1876 2577 2707 2618 Waren gestiegen, die Preise der Inlandprodukte
1851 2607 2737 2675 blieben aber stabil, und sind für das Ausland
1872 2655 2252 2713 immer noch günstig.\:p\
1928 2683 2701 2746 \p\Heute steht die \g\Hilfeleistung\:g\ an Eng¬
1872 2724 2708 2792 land im Vordergrund der Regierungspolitik
1869 2782 2708 2831 des Kongo. Seit Juni 1940 steht die Regierung
1869 2820 2708 2865 in engem Kontakt mit \g\britischen Mili¬
1869 2860 2705 2907 tärmissionen\:g\. Seit November 1940 sind
1851 2898 2712 2938 alle Belgier zwischen 17 und 36 Jahren, die nicht
1869 2934 2713 2993 der Kongo-Armee angehören, der Rekrutierungs¬
1872 2975 2738 3035 reserve zugeteilt. Bedeutende belgische Einheiten
1869 3018 2567 3081 wurden 1941 nach Abessinien entsandt.\:p\
1930 3066 2708 3111 \p\Der Beitrag des Kongo an die Sache der
1851 3105 2706 3148 Alliierten wird aber vor allem auf wirtschaft¬
1869 3147 2708 3192 lichem Gebiet geleistet. Einige der besten belgi¬
1875 3188 2705 3237 schen \g\Handelsschiffe\:g\, die früher zwischen
1851 3228 2712 3275 dem Kongo und Antwerpen verkehrten, stehen
1872 3260 2705 3314 jetzt zur Verfügung der Engländer. Nach den
1875 3304 2708 3348 Handelsabkommen mit Großbritannien vom
1875 3340 2705 3388 21. Juni 1941 liefert der Kongo alle Produkte an
1851 3380 2714 3438 England, die dort Verwendung finden können, so
1875 3419 2703 3470 fast die gesamte Produktion von Kupfer, Baum¬
1875 3463 2712 3504 wolle und künstlichen Diamanten, von denen
1851 3479 2714 3554 der Kongo jährlich über vier Millionen Karat
1877 3537 2705 3577 herstellt. Die 500 000 Unzen Feingold, die de
1874 3569 2712 3620 Kongo jährlich erzeugt, vermehren die britische
1877 3617 2705 3665 Goldreserve. Das Holz aus dem Kongo geht
1869 3658 2708 3701 nach England und in die Südafrikanische Union
1869 3693 2702 3739 während die nach den Vereinigten Staaten ge¬
1869 3736 2714 3770 lieferten Produkte wie Zinn, Kobalt, Mangan,
1875 3771 2737 3816 Zink die dortigen Rohstoffreserven füllen, und
1872 3814 2708 3856 damit auch der britischen Rüstung zugute kom¬
1869 3847 2737 3894 men. Seit Kriegsbeginn sind die Beziehungen
1877 3888 2712 3933 zwischen dem Belgischen Kongo und England
1872 3926 2712 3972 sowie den Vereinigten Staaten im ganzen viel
1875 3970 2559 4016 enger geworden als sie früher waren.\:p\
2161 4013 2737 4066 Annemarie \g\Schwarzenbach\:g\
