4286 7054
373 4562 1164 4628 Papiermühlen und kleine Farmen
644 4610 874 4681 in Maine
492 4666 1041 4711 Von Dr. \g\Annemarie Clark\:g\
361 4721 1234 4761 \p\„Wie Maine wählt, wählt die Nation“, — man
310 4749 1234 4793 konnte diesen Ausspruch während der letzten Tage in
310 4784 1234 4835 jeder amerikanischen Zeitung lesen, — denn Amerika
310 4825 1234 4861 ist vom Wahlfieber heimgesucht, und Maine hält seine
304 4858 1234 4890 lokalen Wahlen als einziger Staat der Union nicht
310 4899 1234 4930 gleichzeitig mit den Präsidentschaftswahlen im Novem¬
306 4925 1234 4970 ber ab, sondern schon im September — und man ist
310 4956 1234 4999 gewohnt, es als eine Art von Barometer zu betrach¬
305 4994 1234 5031 ten: wählt Maine republikanisch — wie es am 14.
306 5024 1234 5065 September, allerdings mit einer geringen Stimmen¬
306 5062 1234 5098 mehrheit, der Fall gewesen ist — so wird dies als
310 5095 1210 5142 ein Triumph für Landon, den republikanischen Kan¬
306 5127 1234 5176 didaten, ausgelegt, — hätte Maine demokratisch ge¬
310 5167 1234 5204 wählt, so wären, nach der populären Meinung, die
312 5197 1234 5236 Chancen für Roosevelts Wiederwahl im November
310 5231 1234 5269 gestiegen. Ein Farmer oben in Maine erklärte mir,
304 5264 1234 5314 weshalb Maine seine Wahlen auf den September an¬
305 5301 1234 5347 gesetzt habe: dieser nördlichste Staat der Union hat
304 5335 1200 5376 das gleiche Klima wie Kanada, frühe und harte Win¬
310 5369 1234 5405 ter, im November liegt der Schnee oft schon meter¬
304 5401 1234 5452 hoch, und die Leute von den weitverstreuten Höfen
304 5436 1208 5476 hätten in alten Zeiten auf den schlechten Wegen nicht
310 5466 1234 5515 zu den Wahlurnen gelangen können. Heute gibt es
302 5508 1235 5547 „Highroads“ asphaltierte Straßen, und Schneepflüge,
342 5539 1235 5595 — aber Maine ist konservativ, und deshalb wird der
304 5568 881 5621 frühe Wahltermin beibehalten ...\:p\
361 5601 1203 5652 \p\Die Wahlen sind ungeheuer wichtig, die Wahl¬
302 5643 1235 5684 pflicht wird sehr ernst genommen, — ein junges Mäd¬
302 5677 1235 5725 chen, dessen Familie aus dem nördlichen Maine stammt
300 5711 1235 5758 und dort oben einen Hof besitzt, ist mit mir die tau¬
306 5744 1235 5786 send Kilometer von Washington bis in ihren kleinen
304 5779 1233 5833 Heimatort gefahren, um zu stimmen, — wohlgemerkt:
306 5813 1234 5867 für die demokratische Partei, entgegen der konserva¬
302 5852 1235 5881 tiven republikanischen Tradition ihrer Familie. Diese
303 5876 1234 5930 Familie hat Ahnen, die als Ansiedler nach Maine
305 5919 1234 5963 gekommen sind, dort den kargen Boden bebaut, ein
306 5949 1234 5985 Gutshaus errichtet, und in der Geschichte des Staates,
303 5985 1234 6042 während des Bürgerkrieges besonders, eine bedeutende
1247 4553 2163 4594 Rolle gespielt haben: Männer des Fortschritts, der
1249 4590 2162 4629 Aufklärung, des Liberalismus, Gegner des Sklaven¬
1249 4624 2162 4660 handels, Freunde der Freiheit. — Das alte Haus,
1240 4653 2163 4702 das wir nun für ein paar Tage bewohnen, ist voll
1240 4687 2162 4739 von Erinnerungen an die große Zeit Neu-Englands,
1231 4728 2162 4764 Ulysses Grant und Abraham Lincoln haben hier ver¬
1231 4760 2163 4798 kehrt. Heute ist der Hof verpachtet, die Familie lebt
1231 4798 2141 4835 verstreut in den großen Städten, die Söhne und En¬
1231 4828 2162 4873 kel der alten Kämpfer für eine wahre Demokratie sind
1231 4860 2162 4910 reaktionäre Geschäftsleute geworden, die sich allen
1231 4903 2162 4938 neuen Ideen teils aus Egoismus, teils aus einer
1231 4934 2162 4975 falsch verstandenen Pietät gegenüber der Vergangen¬
1231 4970 2162 5007 heit, eigensinnig verschließen. Sie sind stolz auf ihre
1231 5007 2162 5048 Herkunft, stolz auf ihre Tradition, — aber sie tun
1231 5040 2162 5072 nichts, um den einsamen Gutshof oben in Maine vor
1231 5069 2131 5106 dem Verfall zu bewahren. Seltsames amerikanisches
1255 5100 2162 5142 Zwischenspiel: ein einziges Mädchen aus dieser Fami¬
1231 5140 2162 5171 lie kehrt zurück, bespricht mit dem Pächter, wie man
1231 5169 2132 5213 den Boden besser ausnützen, den Wald wieder auf¬
1231 5206 2162 5242 forsten kann, sie hängt an diesem Land, aber sie sieht
1230 5240 2162 5285 es mit anderen Augen, mit den Augen der zukunfts¬
1230 5273 2162 5322 freudigen, opferwilligen Jugend, aus der sich Roose¬
1231 5306 1868 5347 velts beste Anhängerschaft rekrutiert.\:p\
1282 5342 2162 5382 \p\Tagelang fahren wir umher, und ich lerne das
1231 5373 2162 5409 Land kennen: ein Land der Flüsse und großen Wäl¬
1231 5403 2162 5443 der und tausend Seen. Auf den Flüssen wird das
1249 5444 2134 5490 Holz transportiert, — stellenweise ist die ganze Ober¬
1231 5479 2162 5514 fläche mit Baumstämmen bedeckt, — alte gedeckte Holz¬
1231 5512 2119 5546 brücken wechseln ab mit modernen Konstruktionen, —
1231 5540 2162 5583 viele Brücken sind noch nicht wiederhergestellt seit den
1238 5585 2162 5633 gewaltigen Ueberschwemmungen des letzten Frühjahrs,
1265 5621 2162 5650 — man findet durchbrochene Dämme, vom Hochwasser
1231 5654 2163 5696 zerstörte Häuser, Scheunen, und ganze Stadtteile. Da
1230 5688 2162 5740 und dort hat die Regierung eingegriffen, regelnd und
1231 5714 2162 5758 wiederaufbauend. Ueberall stößt man auf „C. C. C.-
1230 5753 2162 5788 Camps“, die Lager für junge Arbeitslose, und auf
1231 5783 2163 5839 Arbeitsstellen der „P. W. A.“, der „Public Work
1231 5816 2162 5867 Administration". Die verstreuten Häuser der Farmer
1231 5858 2162 5899 haben fast skandinavischen Anstrich, — sie sind aus
1231 5893 2163 5933 Holz gebaut, gelb, weiß, oder rot, mit weißen Eck¬
1231 5926 2162 5955 balken und schlanken, weißen Pfeilern vor den Ter¬
1231 5956 2162 5999 rassen, auf denen altmodische Schaukelstühle stehen.
1230 5995 2162 6048 Auf dem Dach befindet sich meistens ein kleiner, vier¬
2158 4563 3096 4608 eckiger Balkon mit weißem Gitter, den man „Kapitäns
2159 4601 3096 4638 Spaziergang" nennt. Skandinavisch ist auch die Land¬
2159 4635 3096 4670 schaft: der helle Himmel über den melancholischen
2159 4660 3096 4708 Seen, und die hellen Nächte über den dunklen, endlos
2159 4705 3096 4743 erscheinenden Wäldern. Dazu Felsen und Weiden,
2159 4729 3096 4780 karge Mais- und Haferfelder, — ganz im Norden
2159 4777 3096 4808 neue, größere Kartoffeläcker. Maine ist von kleinen
2181 4799 3096 4839 Farmern bewohnt, — ein Bauer besitzt höchstens
2159 4837 3096 4878 zwanzig, meistens nur sechs bis acht Kühe, Weideland,
2158 4875 3071 4916 ein paar Aecker und Gemüsebeete, ein paar Obst¬
2159 4909 3096 4940 bäume, etwas Geflügel. Es gibt fast europäisch an¬
2159 4932 3096 4986 mutende Dörfer, mit weißen Kirchen, spitzen Kirch¬
2159 4965 3096 5019 türmen. In großen Scheunen versammelt sich abends
2159 5012 3096 5044 die Jugend und tanzt alte Rundtänze, die aus Eng¬
2159 5043 3097 5079 land stammen, dort aber längst vergessen sind. — Das
2173 5070 3096 5106 ist das typische Neu-England, die Hochburg puritani¬
2159 5106 3096 5144 scher Tradition, eines engen, starrsinnigen, aber auch
2159 5144 3096 5185 bäurisch-festen Konservativismus, die Hoffnung der
2173 5182 3096 5211 republikanischen Partei. Jeder Farmer ist verantwort¬
2159 5197 3096 5262 lich für Haus und Hof, Land und Leute, für ein gan¬
2159 5259 3067 5299 zes, kleines Gemeinwesen. Und jeder will sein eigener
2159 5276 2412 5330 Herr sein ...\:p\
2219 5317 3097 5369 \p\Aber die Zeiten haben sich geändert. Viele der
2159 5346 3095 5398 alten Familien Neu-Englands haben ihre Höfe im
2159 5387 3096 5425 Stich gelassen und sind in die großen Industriestädte,
2159 5424 3096 5476 oder in den unermeßliche Reichtümer versprechenden
2174 5446 3096 5499 Westen gezogen. Man stößt auf zerfallende Häuser,
2159 5497 3096 5519 oder auf Güter, die von neueingewanderten Finnen
2167 5516 3096 5566 übernommen worden sind. Neben den Farmen, den
2159 5560 3057 5598 Dörfern, den kleinen Fischerorten an der Küste gibt es
2159 5582 3096 5626 Industriestädte mit Papiermühlen, Schuhfabriken,
2159 5628 3096 5664 Schiffswerften. In den großen Papiermühlen arbeiten
2158 5656 3095 5711 nicht nur Neu-Engländer, sondern viele französische
2158 5698 3096 5747 Kanadier, auch Polen und Italiener. Diese „Fremden“
2159 5730 3097 5779 sind natürlich Demokraten, — sie wissen, daß die
2159 5761 3096 5812 demokratische Partei vorurteilslos und tolerant ist,
2159 5797 3096 5844 und weder Rassen- noch Religionsunterschiede kennt.
2159 5830 3096 5865 In Livermoore Falls, einer kleinen Stadt mit bedeu¬
2158 5858 3095 5917 tender Papierindustrie, kam ich mit einem jungen,
2159 5888 3096 5937 kanadischen Arbeiter ins Gespräch. Er führte mich in
2158 5933 3096 5985 der Papiermühle umher, zeigte mir die Maschine, die
2159 5972 3096 6026 er bediente, und auf die er offensichtlich stolz war, und
2159 6003 3096 6048 erklärte mir, daß der amerikanische Zeitungskönig
3091 4569 4012 4622 Hearst das Papier für seine Blätter und Magazine
3093 4601 4015 4653 aus einer Konkurrenzfabrik beziehe, die ihrerseits Holz
3093 4635 4012 4691 in Rußland statt in Maine kaufe. Dafür hing im
3093 4679 4001 4724 Schaufenster des „republikanischen Hauptquartiers"
3093 4710 4018 4749 des Städtchens ein Plakat, das schwarz auf weiß be¬
3093 4746 4012 4786 wies, wieviel ebenderselbe Mr. Hearst durch seine
3093 4785 4015 4828 fabelhaften Papiereinkäufe für die Industrien, und
3091 4820 4013 4858 folglich für die Arbeiter von Maine getan habe.
3093 4843 4015 4901 „Alles Schwindel“, erklärte mir der junge Kanadier,
3124 4885 4003 4918 — „ich weiß bloß, daß ich bis 1933 arbeitslos war, —
3093 4917 4010 4959 und daß wir, nachdem die Sache durch das «New Deal»
3093 4958 4015 4995 Roosevelts in Schwung gekommen ist, wieder bei
3093 4985 4016 5026 einem normalen Lohn täglich sechs Stunden arbeiten
3093 5022 4006 5065 und davon leben können. Unsere Fabrik hat jetzt durch¬
3091 5053 4009 5103 gehenden 24-Stunden-Betrieb." — Er war kein Revo¬
3091 5077 4009 5135 lutionär. Er wollte einfach „leben können". Und er
3093 5123 4012 5167 gehörte zu den 45 Prozent der Bevölkerung Maines,
3093 5151 4010 5197 die entgegen der alten republikanischen Tradition für
3093 5181 4016 5237 die demokratische Partei und ihr Fortschrittsprogramm
3093 5217 3379 5268 gestimmt haben.\:p\
3152 5256 4010 5304 \p\Am Abend saßen wir in der warmen Küche des
3102 5290 4009 5344 alten Gutshauses mit dem Pächter zusammen. Er
3093 5331 4009 5368 zeigte uns Bilder von der furchtbaren Ueberschwem¬
3093 5365 4012 5404 mung, die das Land dieses Frühjahr heimgesucht hat.
3093 5397 4012 5437 Es waren dramatische Bilder dabei, und seine ein¬
3091 5430 4002 5478 fache Erzählung vom vergeblichen Kampf mit den Ele¬
3093 5467 4001 5508 menten war ein modernes Heldenepos. Ich fragte ihn:
3093 5507 4012 5546 „Kann man denn nichts dagegen tun?" — und aus
3093 5531 4003 5575 seiner Antwort konnte man erraten, daß sogar die
3097 5562 4003 5614 Farmer, die hartgesottenen „Individualisten" Maines,
3093 5599 4008 5645 wenn sie zu \g\denken\:g\ beginnen, tüchtige und über¬
3093 5638 4003 5678 zeugte Anhänger Roosevelts werden können. „Gegen¬
3091 5675 4005 5721 über dieser Ueberschwemmung war der einzelne macht¬
3093 5699 4004 5746 los", sagte er, „genau wie in unseren Städten der
3093 5742 4001 5781 einzelne Arbeiter, und sogar der einzelne Unterneh¬
3093 5775 4012 5818 mer, machtlos gegenüber der Krise war. Deshalb hat
3093 5812 4003 5848 Maine im Jahre 1932, dem schlimmsten Krisenjahr,
3093 5844 4004 5892 demokratisch gewählt. Wir hatten genug vom alten
3091 5874 4003 5933 Schlendrian. Wir hatten die Hilfe der Regierung bitter
3093 5915 3952 5955 nötig. — Ich bin gewiß lieber mein eigener Herr, —
3093 5936 4001 5989 aber ich weiß, daß die alten Zeiten der Selbstherrlich¬
3093 5971 4008 6026 keit vorbei sind. Heute müssen wir zusammenarbeiten,
3093 6019 4003 6068 organisieren, — und wenn es sich nur darum handelt,\fml\\:p\
289 4605 1213 4650 \p\\fml\eine elektrische Leitung hier herauf zu legen; die für
295 4645 1213 4686 mich allein zu teuer ist, die ich mir aber leisten kann,
284 4679 1186 4718 wenn ich mich mit meinen Nachbarn zusammen tue."
289 4713 1213 4753 Ich sah in das trauliche Licht der Petroleumlampe
286 4750 1213 4803 und fragte nebenbei: „Was haben Sie gegen Petro¬
290 4782 1213 4824 leumlampen, Mr. Richmond?" Er schraubte den
286 4817 1213 4850 rußenden Docht herunter. „Nichts gegen Petroleum¬
286 4849 1213 4889 lampen", sagte er, „aber ich habe es satt, Wasser mit
295 4879 1213 4923 der Hand zu pumpen. Versuchen Sie es einmal, mor¬
295 4919 453 4971 gen früh!"\:p\
349 4959 1213 5004 \p\Am nächsten Morgen waren die Wahlergebnisse
286 4992 1213 5037 bekannt: die Republikaner hatten, mit geringer Mehr¬
295 5031 1213 5074 heit, gesiegt. Ich traf Richmond in der Scheune, er
295 5066 1213 5108 pumpte Wasser und war schlechter Laune. „Bei uns
288 5103 1213 5135 in Maine ist die Krise vorbei, — dank Roosevelt, wie
291 5131 1213 5171 mir scheint", sagte er, „ich kenne meine Bauern: sie
291 5168 1213 5204 haben ihn nicht mehr nötig und kehren zu ihren alten
295 5202 1213 5244 Bräuchen zurück. Und doch sollte man meinen, sie
286 5232 1213 5268 hätten ein bißchen Dankbarkeit und Einsicht aus der
291 5261 731 5315 Krisenzeit lernen können!"\:p\
1020 5268 1170 5322 \p\(Schluß.)\:p\
