3856 5456
1175 357 1779 447 „Ola Langerud in der Stadt.“
1229 442 1698 493 Von Marise [sic, Druckfehler: Marie] Hamsun. [Schlagwörter: Ästhetik, Kindheit, Freundschaft]
1056 476 1869 537 \p\A. Schw. Ein neues Buch von Marie Hamsun,
1005 531 1859 577 die uns schon durch ihre beiden ersten Bücher „Die
1006 569 1852 606 Langerudkinder“ und „Die Langerudkinder in der
1006 604 1868 649 Stadt“ vertraut ist. Ihr Ruf als Schriftstellerin
1005 645 1836 698 hat die Grenzen ihrer norwegischen Heimat längst
1006 676 1869 729 überschritten, und mit Recht: „Ola Langerud"
1006 721 1868 763 überrascht uns wieder durch seinen Reichtum an
1005 762 1868 807 psychologischer Beobachtung und durch das tiefe
1006 799 1860 834 Verständnis für die Kinderseele. Wir werden von
1006 834 1860 880 dieser kindlichen Welt selbst so stark gefangen, daß
1006 880 1847 914 wir glauben den kleinen Ola selbst erzählen zu
1006 910 1868 956 hören: wie er vom heimatlichen Hofe weg in die
1006 953 1868 995 Stadt kommt, überwältigt und ängstlich in dieser
1006 986 1868 1027 neuen Welt, allzu bescheiden anfangs und bedrängt
1006 1028 1868 1068 von den feineren städtischen Schulkameraden, die
1006 1074 1869 1113 den „Bauern" mit geringschätziger Herablassung
1005 1100 1868 1150 behandeln. Wenn er hie und da bedrückt ist von
1006 1142 1868 1182 Heimweh und Verlassenheit unter den vielen frem¬
1008 1180 1869 1224 den Menschen, so dauert das nicht lange; er findet
1006 1224 1869 1264 sich rasch in die neue Umgebung, erobert sich das
1006 1259 1869 1305 Zutrauen der Erwachsenen und die Freundschaft
1006 1296 1590 1344 und Achtung seiner Kameraden.\:p\
1844 1311 1869 1329 \del\
1055 1328 1868 1380 \p\Meisterhaft ist dieses allmähliche Erobern seiner
1011 1369 1857 1416 Stellung geschildert, die Freunde, die er sich er¬
1013 1417 1860 1456 wirbt, die zahlreichen Aemter, die ihm übertragen
1006 1453 1858 1484 werden — wobei es übrigens nicht ohne humor¬
1006 1480 1868 1525 volle Zwischenfälle abgeht: Da gibt es zum Bei¬
1006 1518 1868 1567 spiel den kleinen Schoßhund Tripp, Eigentum
1006 1561 1868 1603 einer würdigen alten Dame, der an Fettleibigkeit
1006 1603 1869 1639 leidet und daher von Ola täglich spazieren ge¬
1006 1628 1868 1674 führt werden soll. Ola führt dies auch mit sorg¬
1005 1670 1868 1726 fältiger Gewissenhaftigkeit aus. Eines Tages
1006 1715 1869 1763 wachsen ihm aber seine zahlreichen Pflichten über
1006 1757 1869 1794 den Kopf, und er übergibt den kostbaren Hund
1006 1790 1860 1833 seinem Freunde Finn der ihn seinerseits in sträf¬
1006 1830 1868 1879 lichem Leichtsinn „für einen Augenblick" einer
1008 1863 1867 1918 fremden Dame überläßt. Die Dame hat sichtlich
1014 1914 1854 1951 Freude an Tripp, und als Finn zurücktrabt, un
1006 1944 1868 1987 ihn wieder in Empfang zu nehmen, sind Dame
1006 1986 1868 2032 und Hund verschwunden. Nun kommt auch noch
1014 2030 1868 2069 Ola dazu, und Finn gerät in ernstliche Verlegen¬
1008 2060 1869 2099 heit. Aber unverfroren erzählt er mit geradezu
1008 2099 1869 2153 blühender Plantasie einen ganzen Roman über
1006 2140 1860 2187 das Ende des armen Tripp, und es wird beschlos¬
1006 2180 1868 2215 sen, am nächsten Tag den frischen Grabhügel zu
1006 2218 1869 2257 besuchen. Ola schleicht bedrückt nach Hause. Aber
1006 2256 1869 2302 welche Ueberraschung: schon an der nächsten Ecke
1006 2295 1868 2332 reißt sich der Totgeglaubte von einer unbekannten
1013 2331 1868 2373 Dame los und stürzt mit freudigem Gebell auf
1006 2372 1868 2417 seinen Freund zu. In der Stadt und auf dem
1005 2409 1868 2452 Langerudhof gibt es eine Menge solcher Zwischen¬
1006 2441 1868 2490 fälle, zarte und fröhliche, darunter einige, die sich
1006 2490 1865 2530 zu beinahe dramatischer Höhe steigern. Sicher wird
1006 2529 1860 2563 niemand dieses Buch ohne Freude lesen, niemand
1006 2563 1868 2605 jedenfalls, der ein mütterlich zartes Gefühl zu be¬
1006 2608 1860 2645 greifen vermag. Denn dieses Gefühl vor allem
1013 2642 1868 2685 scheint die Quelle von Marie Hamsuns Kunst zu
1006 2685 1848 2723 sein. Sie schildert anspruchslos und ohne (alle)
1020 2723 1868 2768 Sentimentalität, aber aus ihren Worten klingt ein
1014 2765 1868 2807 frisches und offenes Gefühl für alles Natürliche
1005 2799 1597 2853 und eine große Güte des Herzens.\:p\
1063 2819 1869 2881 \p\Ein Buch für Erwachsene? Bei den Kindern
1014 2879 1848 2924 selbst würde es sicher nicht weniger Anklang finden.\:p\
1223 2909 1823 2964 \p\(Albert Langen Verlag, München.)\:p\
