4181 7076
530 4629 925 4708 Besuch im Orient [Umkehrung der Blickrichtungen - sie werden im Orient besucht, statt dass sie den Orient besuchen, schauen zurück nach Europa, statt von Eurpoa aus: leicht ironisches Spiel mit den Topoi der Reiseliteratur. Die Vorstufe im SLA urteilt klar im Titel: ”Verklärtes Europa", spielt also nicht dasselbe Spiel mit der Erwartungshaltung, die das Medium des Reisefeuilletons mit sich bringt. Medienwechsel]
410 4699 1031 4744 Von Annemarie \g\Schwarzenbach\:g\
312 4731 1192 4799 \p\Coco kam eines Abends unerwartet an, und brachte
261 4786 1192 4830 die Beiden mit. Sie waren irgendwo unten am Ufer
261 4824 1168 4866 des \g\Orontes\:g\ gewesen und bis zu den Seen gegan¬
267 4859 1194 4913 gen, immer auf der Suche nach Enten. Sie hatten
267 4896 735 4950 einen schlechten Tag gehabt.\:p\
315 4937 1194 4987 \p\Die Frau war ziemlich müde, als sie ankamen. Ihr
267 4975 1176 5015 Mann hingegen war angeregt und lustig, und fing
265 5014 1194 5055 gleich an, von der Jagd zu erzählen, die ihm großen
271 5042 1192 5090 Spaß gemacht hatte. Sie waren Italiener und kamen
271 5078 1192 5127 gerade aus Europa. Coco hatte sie von Beyrouth aus
265 5111 1192 5158 mitgenommen, weil sie etwas vom Land sehen wollten.
261 5148 1164 5192 Sie sagten, daß sie keine Lust hätten, die üblicher
266 5182 1158 5229 Touristenwege zu machen, so wie man es in den Reise¬
261 5219 1164 5260 bureaus vorschlug. Sie waren früher einmal in Aegyp¬
267 5261 1192 5322 ten gewesen, wahrscheinlich auf ihrer Hochzeitsreise,
261 5287 829 5331 und hatten sich sehr gelangweilt.\:p\
315 5310 1195 5386 \p\Jetzt kamen sie direkt aus Europa, und wir freuten
261 5363 1167 5419 uns, daß Coco sie hierhergebracht hatte. Es war schon
265 5401 1192 5445 nach Neujahr, und es wurde uns oft so zu Mute, als
267 5439 1192 5480 seien wir zu weit weg von Europa — oder, als sei es
261 5469 1192 5522 die reine Einbildung, daß man eines Tages dorthin
265 5505 1192 5554 zurückkehren könne. Aber diese beiden Italiener waren
261 5556 1194 5598 vor zwei Wochen noch dort gewesen, und alles bekam
267 5579 1192 5648 gleich ein ganz anderes Gesicht, wenn man sie erzählen
261 5621 362 5667 hörte.\:p\
308 5636 1194 5709 \p\Es war schon ziemlich spät. William und Tobby
261 5692 1192 5743 waren im Wohnzimmer gesessen und hatten es gehört,
259 5731 1192 5775 wie der Wagen den Hügel herauf kam. Kade und ich
261 5765 1192 5816 waren mit Rubinson drüben im Laboratorium und
261 5811 1194 5852 halfen ihm eine Kiste mit Kleinfunden ordnen. Wir
267 5837 1192 5880 hörten das Hoftor aufkrachen und den Wagen in den
265 5865 1170 5915 Hof fahren, gleich darauf kam Tobby und holte uns
267 5905 1192 5952 herüber. Der Italiener stand an den Kamin gelehnt,
267 5940 1192 5993 als wir eintraten, er hielt eine Pfeife in der Hand und
271 5976 1192 6020 erzählte sehr lebhaft, unterbrach sich, um uns zu begrü¬
265 6013 1192 6061 ßen, u. erzählte dann gleich weiter. Er war ein außer¬
267 6047 1192 6093 ordentlich hübscher Mensch, mit dunklem, weichen Haar
271 6079 1192 6124 und dunkler Haut, und sehr blauen, fröhlich strahlenden
267 6117 1192 6160 Augen. Er sprach rasch, in fließendem Englisch. Seine
1205 4589 2126 4644 Frau sah sehr jung aus. Sie saß vor dem Feuer und
1203 4634 2126 4679 schien zu frieren. Ihre Stiefel waren durchweicht von
1209 4665 2126 4711 Nässe, und auch die Aermel und Schultern ihrer
1199 4704 2105 4746 Lederweste hatten dunkle, nasse Flecke. Ich nahm sie
1189 4739 2126 4794 gleich in mein Zimmer, um ihr trockene Sachen zu
1189 4773 2102 4826 geben. Sie rückte den Stuhl neben den Oelofen und
1205 4804 2126 4856 zog langsam ihre Schuhe und Strümpfe aus. „Es hat
1189 4847 2102 4894 Sie wohl sehr angestrengt?“ fragte ich. Aber sie ant¬
1199 4881 2126 4923 wortete, es sei trotzdem ein großer Spaß gewesen.
1205 4916 2126 4966 „Mein Mann braucht so etwas“, sagte sie. „In Europa
1188 4954 1863 4997 geht alles zu glatt, das langweilt ihn."\:p\
1244 4981 2105 5035 \p\Als wir wieder in das Wohnzimmer kamen, redeten
1189 5021 2102 5063 sie nicht mehr von der Jagd. Coco lag schläfrig in
1189 5069 2127 5103 seinem Sessel, William und Tobby lehnten am Kamin
1189 5093 2126 5138 und hörten zu, wie Rubinson, Kade und der Italie¬
1189 5129 2126 5165 ner sich über Europa unterhielten. Worte fielen, die
1199 5160 2126 5204 wir schon lange nicht mehr gehört hatten. Jeder brachte
1203 5198 2126 5241 das Gespräch auf Dinge, denen er heimlich nachhing,
1189 5241 2106 5286 und der Italiener antwortete nett und unbefangen,
1198 5267 2127 5318 genau wie er vorher von den Enten und von allem
1203 5301 2126 5370 erzählte hatte, was ihm den Tag über Spaß gemacht
1189 5344 1296 5399 hatte.\:p\
1250 5362 2126 5417 \p\„Bianca“ sagte er zu seiner Frau. „Dieser Herr
1189 5406 2108 5445 ist Architekt. Er hat Häuser in Berlin gebaut. Du er¬
1189 5439 2102 5484 innerst Dich doch an Berlin?“ — Sie sah sogleich auf¬
1189 5471 2126 5514 merksam Rubinson an, und sagte: „Das ist ein schöner
1189 5517 2127 5559 Beruf.“ Sie sprach Englisch mit einem leichten, italie¬
1189 5545 2126 5596 nischen Akzent, und sprach es nicht so fließend wie ihr
1189 5583 2105 5630 Mann. „Ich habe auch in der italienischen Schweiz
1199 5620 2107 5663 gebaut“, sagte Rubinson, der einmal einen Auftrag
1189 5655 2126 5701 für ein Landhaus in Ascona gehabt hatte und sehr
1189 5689 2126 5735 davon schwärmte. Sie kannten beide Ascona, sie
1189 5726 2126 5764 waren mit dem Auto mehrmals dort gewesen und hat¬
1189 5759 2105 5799 ten sich wunderbar amüsiert. „Aber man darf nicht
1189 5797 2126 5845 zu lange dort bleiben“, sagten sie, „man kennt bald
1189 5833 1940 5879 alle Leute, und es wird dann leicht lästig."\:p\
1246 5863 2126 5908 \p\Wir dachten an das Café Verbano, wo man leich¬
1189 5904 2126 5940 ten, hellroten Chianti trank und wo Fede bediente und
1189 5939 2126 5991 jeden Gast beim Namen nannte, mit uns aber ganz
1189 5972 2098 6013 besonders befreundet war. Man saß auf der Dorf¬
1189 6010 2126 6045 straße, einer besonders engen Dorfstraße, wo außer¬
1189 6036 2126 6090 dem alle Autos hindurch fahren mußten und mit den
1189 6078 2102 6120 Kotflügeln die Tische streiften. Man saß da gegen
1189 6113 2126 6160 Abend, zwischen sechs und sieben Uhr, und zu dieser
2122 4582 3063 4641 Zeit saßen einfach alle Leute im Verbano[https://lanostrastoria.ch/entries/56DXYNlOn1N] oder im
2122 4628 3063 4688 Café schräg gegenüber, so daß kein leerer Stuhl mehr
2122 4670 2397 4722 zu finden war.\:p\
2184 4709 3063 4752 \p\„Wir haben einen Lancia“, sagte der Italiener,
2122 4743 3063 4799 und wie er von dem Wagen sprach, und wie gut er
2140 4781 3063 4824 auf der Autostrada von Mailand nach Stresa lag,
2121 4813 3045 4860 wurde er ganz jungenhaft und seine Augen strahlten
2140 4849 3043 4892 vor Vergnügen. Der Lancia stand jetzt in der Garage
2122 4887 3063 4942 in Mailand. „Ich habe sehr bedauert, ihn zurückzu¬
2122 4923 3036 4971 lassen“, sagte der Junge. „Es war fast das Einzige
2140 4955 2758 5018 wovon der Abschied mir schwer fiel.“\:p\
2184 4988 3064 5042 \p\Sie hatten offenbar viel Geld. Es machte ihnen
2122 5028 3039 5080 nichts aus, ein Haus in Mailand zu haben und den
2122 5072 3063 5131 Winter zwischen Paris und St. Moritz zuzubringen,
2122 5109 3063 5171 den Sommer zwischen Lido, Salzburg und den Dolo¬
2122 5145 2245 5189 miten.\:p\
2183 5164 3064 5219 \p\Als sie von Salzburg sprachen, sahen Kade und ich
2122 5189 3036 5253 uns mehrmals an. Es gab dort Konzerte im Dom,
2140 5250 3033 5294 Konzerte von Walter [Bruno Walter, befreundet mit Klaus und Erika Mann] dirigiert, es gab brütende Som¬
2122 5280 3063 5325 merhitze im Mirabellgarten, und einen leuchtenden
2122 5318 3063 5368 Himmel über dem Domplatz und den gebäumten
2142 5355 3063 5395 Pferdeleibern der großen, steinernen Brunnen, einen
2122 5385 3063 5445 italienischen Gebirgshimmel, kühle Gebirgsseen, rau¬
2141 5425 3063 5467 schenden Wind durch hochstehende Wiesen, und lange,
2140 5460 3044 5507 laue Abende im Wirtsgarten von Tommaselli. Es
2122 5494 3063 5538 gab die große, steinerne Brücke über die Salzach, es
2122 5528 3063 5566 gab die schönen Ufer und die Felsenkeller, die Reiter¬
2122 5565 3039 5607 gestalten und die Heiligen auf hohen Brunnensäulen.\:p\
2173 5603 3037 5655 \p\„Es hat meistens geregnet“, sagte der italienisch
2122 5639 3063 5688 Junge. „Während des 'Jedermann' ging ein Gewit¬
2122 5678 3051 5729 ter los. Die Amerikanerinnen haben sich sehr darüber
2122 5716 2901 5757 geärgert, aber sonst war es eine lustige Zeit.“\:p\
2190 5746 3063 5802 \p\Er erzählte noch dies und jenes von den Festspie¬
2122 5782 3063 5838 len, von den Motorbootrennen in Venedig, von einer
2140 5831 3045 5868 Lautrec-Ausstellung in Paris. Manchmal sagte er:
2122 5861 3064 5911 „Nicht wahr, Bianca?“ und sie nickte ihm zu und
2122 5899 3063 5945 schlug die schönen, länglichen, langbewimperten Augen
2122 5935 3063 5976 zu ihm auf. Wir aber fühlten uns ganz sonderbar,
2136 5972 3063 6021 teils voneinander entfernt, und dann wieder, wenn wir
2122 6011 3043 6063 uns ansahen, gemeinsam nachdenklich und verwundert¬
2122 6043 2329 6096 hingerissen.\:p\
2184 6056 3063 6119 \p\„So guten Kaffee trinkt man in Salzburg", sagte
2122 6110 3063 6159 Kade, und wir schmeckten ihn auf der Zunge, rahmig,
3059 4577 3985 4631 stark, ein wenig bitter. Wir sahn glatte Autostraßen,
3059 4627 3985 4669 belebte Hotelhallen, Strandbäder, sauberen, rieselnden
3078 4663 3988 4703 Sand, das sonnenbeglänzte Meer. Wir sahen Schau¬
3059 4695 3979 4762 fenster, spiegelndes Parkett, in Gärten Steinfiguren,
3059 4733 3982 4790 an deren barocken Leibern sich Blumen, Heckenrosen
3078 4767 3988 4815 emporwanden. Wir sahen kleine Städte am Abend,
3059 4800 3624 4861 bunte Gasthofschilder, Parkplätze.\:p\
3121 4814 3987 4886 \p\„Es ist dort immer wieder das Gleiche“, sagte der
3059 4874 3982 4927 Junge. „Die gleichen Hotels in allen Städten, die
3078 4910 3833 4959 gleichen Leute in St. Moritz und am Lido.“\:p\
3121 4940 3982 4985 \p\Wir hörten, wie in Konzertsälen Instrumente ge¬
3078 4975 3988 5025 stimmt wurden, wie ein Rauschen durch die Reihen
3059 5015 3985 5061 ging, wenn der Dirigent durch die Seitentüre auf
3059 5049 3387 5103 das Podium trat.\:p\
3125 5069 3979 5132 \p\Eine Seilbahn führte uns, die wir unsere zusam¬
3059 5119 3985 5161 mengebundenen Skier festhielten, aus dunklem Tunnel
3078 5158 3985 5208 ins Freie, zwischen gleißenden Schneefeldern, unter
3059 5187 3911 5232 blaujubelndem Himmel schwebten wir aufwärts.\:p\
3125 5222 3985 5269 \p\Bianca, offenbar zu müde, um der Unterhaltung
3059 5270 3987 5321 noch zu folgen, ließ ihren sanften, ruhigen Mädchen¬
3059 5299 3985 5344 blick von einem zum anderen gleiten. „Hier ist es
3059 5333 3600 5378 hübsch und friedlich", sagte sie.\:p\
3125 5354 3988 5410 \p\Ihr Mann, das dunkle Haar zurückwerfend: „Wenn
3059 5391 3985 5458 ich denke, daß wie noch vor einem Monat in St. Moritz
3059 5438 3782 5487 waren — Du wolltest nicht fort, Bianca!“\:p\
3121 5465 3988 5515 \p\William ging zum Tisch, um die Rakiflasche zu
3059 5511 3985 5553 holen. „Vertragen Sie den Raki schon?“, fragte er.
3059 5542 3831 5593 „Es ist das erste, was man hier lernen muß."\:p\
3125 5572 3988 5616 \p\Er trank sein Glas mit dem Eis und dem milchigen
3074 5619 3985 5656 Raki in einem Schluck aus. Das Mädchen hielt das
3059 5649 3574 5708 ihre unschlüssig in der Hand.\:p\
3127 5680 3753 5732 \p\„Versuchen Sie es doch“, sagte Kade.\:p\
3131 5712 3985 5762 \p\Sie sagte: „Ja, es ist wahr. Ich wollte nicht von
3059 5751 3988 5793 Europa fort. Ich war dort gat nicht glücklich, aber
3059 5791 3933 5832 ich habe mich zu sehr vor diesem Land gefürchtet.“\:p\
3127 5817 3988 5870 \p\Neno lachte. Er sah uns an und schüttelte den
3059 5855 3979 5907 Kopf. „Aber ich," sagte er, „ich habe mich dort so ge¬
3059 5895 3979 5939 langweilt, weil es immer wieder dasselbe ist. Man
3059 5933 3988 5989 hat es zu leicht dort. Alles ist zu gut organisiert, und
3059 5972 3406 6029 man lebt nur halb."\:p\
3127 5988 3967 6049 \p\„Und hier?“, fragte Coco. „Hier meinen Sie? ..."\:p\
3121 6037 3982 6081 \p\„Hier ist es großartig“, erklärte Neno. „Wir haben
3059 6075 3976 6125 wirklich nasse Füße bekommen, wie es zu einer richti¬
3059 6104 3466 6169 gen Entenjagd gehört!"\:p\
