4286 7143
599 4520 959 4609 Pyrenäengrenze [mit wem ist AS da unterwegs? Mit KM und EM nach Mallorca?]
539 4599 1021 4658 Von \g\Annemarie Clark\:g\
370 4648 1246 4706 \p\Wir fuhren von Toulouse den Pyrenäen entgegen,
316 4692 1246 4744 um über die spanische Grenze nach Barcelona hinüber¬
322 4724 1246 4770 zugelangen. Von Basel aus waren wir über Paris
316 4764 1246 4809 durch ganz Frankreich gekommen, es war eine schöne,
318 4805 1247 4858 leichte Fahrt auf großen Straßen gewesen, durch ein
318 4836 1246 4877 anmutiges Land von Ebenen und Hügeln, reich an
328 4865 1246 4916 Dörfern, Schlössern und Städten, der Glanz des
322 4907 1246 4951 späten Frühjahrs lag darüber, manchmal schon sommer¬
318 4944 1220 4990 liche Hitze, die Felder begannen zu reifen je weiter
316 4971 1221 5019 wir nach Süden kamen. Jetzt näherten wir uns der
316 5013 1246 5060 Grenze, schon tauchte vor uns der blaue Kamm des
316 5051 1246 5095 Gebirges auf, schnell und schnurgerade lief unsere
318 5086 1247 5122 Straße darauf zu. Und doch hatte nirgends so wie
318 5121 1247 5164 hier der Name «la douce France» gegolten, in sanfter
324 5157 1247 5202 Heiterkeit breitete sich nach allen Seiten das Land aus,
322 5188 1246 5237 mit den silbergetönten, olivengrauen Farben der
322 5225 1246 5269 Impressionisten, mit trägen Herden auf weiten, ver¬
322 5261 1246 5305 schwimmenden Weideflächen, mit ruhigen Flüssen zwi¬
324 5295 1247 5345 schen flachen Ufern und dunstigen Hügelzügen an fer¬
318 5334 1212 5376 nen Horizonten! Noch einmal nahmen wir die schön¬
316 5371 1246 5408 gesättigte Fruchtbarkeit, die milde Farbe, die ländlich¬
316 5397 1246 5450 reine Form dieser europäischen Landschaft in uns auf,
316 5439 1246 5490 und erinnerten uns jenes berühmten Ausspruches:
328 5479 1246 5525 «Chaque homme a deux patries, le sien et la France.» [korrekt wäre: la sienne. Der Ausspruch wird Thomas Jefferson zugewiesen, vgl. https://www.dictionnaire-academie.fr/article/A9P1009-A]
364 5518 1246 5567 – Ja, selbst als wir den Fuß des Gebirges erreichten,
324 5549 1247 5603 in das Tal der Ariège einbogen und die zusammen¬
324 5587 1212 5631 rückenden Hügel den Blick ins offene Land ver¬
322 5616 1246 5663 schlossen, blieb doch die Heiterkeit erhalten, die freu¬
316 5653 1227 5693 dige Ermutigung, die dort entsteht, wo die Natur dem
331 5692 1217 5733 Menschen entgegenkommt, und fleißig-vernünftiger
328 5729 1246 5766 Sinn mit harmonischen Anlagen zusammenwirkt, um
324 5765 1247 5803 das Land bewohnbar, den Boden dankbar zu machen.
318 5796 1247 5849 Es war die Heimat Heinrichs IV.[siehe Heinrich Mann:Die Jugend des Königs Henri Quatre, 1935 - AS folgt hier vermutlich seiner Beschreibung, der Kontext des Exilschriftstellers ist womöglich zentral - Frankreich als das bessere Land], des zugleich
317 5831 1247 5878 bürgerlichen und ritterlichen, des ersten nationalen
316 5872 1246 5913 und übernational-europäischen Königs von Frank¬
324 5900 1247 5948 reich, sein Schloß Pau war nicht weit, wo er mit
318 5937 1247 5997 Hirtenbuben aufwuchs, mit jungen Edelleuten fröhliche
322 5979 1246 6014 Feste feierte, und es verstand, seine Zeit abzuwarten,
318 6011 1247 6054 während die ferne Hauptstadt Paris unter der Wolke
318 6048 1247 6098 grauenvoller Parteikämpfe und Morde fanatischer
328 6078 1069 6133 Intoleranz und einer blutigen Hochzeit lag.\:p\
1303 4508 2181 4561 \p\Wir kamen mittags in ein kleines Dorf, an dessen
1255 4540 2181 4588 Eingang, inmitten eines verwilderten Parkes ein
1259 4584 2182 4625 altes Schlößchen stand sehr verzaubert in seiner grün
1255 4619 2181 4662 überwucherten Rokoko-Anmut, seine spitzen Türme,
1243 4653 2152 4698 seine erblindeten Fenster spiegelten sich im stehenden
1243 4692 2181 4734 Wasser eines Teiches, — dort, an seinem sumpfigen
1243 4721 2181 4765 Rand, schlugen Gänse mit den Flügeln und störten
1243 4762 2152 4805 mit ihrem Geschnatter die mittägliche Ruhe. Wir tank¬
1243 4792 2181 4827 ten am Dorfplatz, ich fragte die Frau, die uns be¬
1243 4825 2181 4870 diente, wem das kleine Schlößchen gehöre. „Dem
1243 4868 2181 4909 Seigneur“ antwortete sie, „im Sommer wohnt er
1243 4903 2181 4943 manchmal hier," — „es ist ein hübsches Schloß“ sagte
1255 4934 2086 4976 ich, — „ja, ganz hübsch, aber ein wenig zu alt!“\:p\
1309 4960 2181 5012 \p\Wir aßen in einem Gasthof, der schon spanischen
1243 5012 2152 5050 Anstrich hatte, vom Innenhof führte die Treppe über
1243 5043 2181 5093 eine hölzerne Galerie in die kalte, weißgetünchte
1243 5081 2181 5120 Wirtsstube, ein Gnadenbild der Madonna von Lour¬
1243 5116 2181 5159 des hing in der Ecke über einem winzigen Weihwasser¬
1243 5153 2181 5195 becken. Es gab die üblichen Vorgerichte, kleine, ge¬
1243 5185 2181 5235 backene Fische, gefüllte Artischocken, nachher Huhn mit
1243 5223 2181 5267 Oliven in einer gepfefferten Sauce. Der Wein kostete
1243 5263 2149 5301 nichts, beständig füllte das Mädchen aus einer lang¬
1243 5297 2149 5334 halsigen Flasche unsere Gläser nach. Wir fuhren wei¬
1253 5322 2182 5376 ter, nach Ax-les-Thermes, das war ein altmodischer
1241 5367 2181 5423 französischer Badeort mit verlassenen Promenaden,
1243 5403 2181 5437 vielen geschlossenen Hotels, einem kleinen Café am
1243 5432 2181 5476 Hauptplatz. Im Sommer spielt hier vielleicht eine
1243 5472 2181 5525 Kurkapelle, jetzt war es leer und still, man sah keinen
1243 5510 2181 5565 einzigen Kurgast, — wir saßen im Freien unter
1241 5546 2181 5587 einem leichten Sonnendach, am Nebentisch tranken ein
1252 5577 2182 5632 paar Bürger in Baskenmützen und hohen, steifen Kra¬
1243 5611 1576 5656 gen ihren Apéritif.\:p\
1309 5629 2181 5685 \p\Die Abendsonne blendete uns, als wir den großen
1264 5680 2182 5727 Paß, den Col de Puymorens hinauffuhren, der in
1259 5715 2181 5751 steilen Windungen rasch emporsteigt und mitten in
1243 5747 2181 5793 das Herz des Gebirges vorstößt. Unten lag das grüne
1243 5786 2181 5837 Land angefüllt mit Glanz und Schatten des sinkenden
1243 5821 2181 5871 Tages, wir überschauten seine Dörfer und Bauern¬
1243 5850 2181 5892 höfe, seine vollen Wiesen, die gekrönt waren von
1243 5887 2181 5928 dunklen Wäldern. Und schon hatten wir die zer¬
1241 5923 2181 5974 schmelzenden Ränder der Schneefelder erreicht, schmal¬
1243 5955 2181 5993 züngig griffen sie in das Geröll, kleine Bäche rieselten
1243 5987 2181 6036 über die schwarzen Schutthalden, bald war alles weiß,
1243 6026 2181 6076 eine brüchige Decke, noch weich, körnig, eingesunken
1243 6052 2181 6102 unter dem Angriff der starken Sonne, schon wieder
1243 6089 2182 6146 erstarrend im Anhauch der Nacht. Das war Grenz¬
2177 4514 3112 4550 land, Oedland, Niemandsland, zwischen zwei Reichen
2177 4550 3113 4603 starrende Leere. Wir haben in der Schule gelernt,
2177 4595 3112 4630 daß es natürliche und politische Grenzen gibt, die
2176 4626 3111 4661 natürlichen sind Flüsse und Gebirgszüge, Meer- und
2193 4654 3112 4698 Wüstenstriche, — die politischen sind häufig schlechte
2177 4689 3112 4730 Erfindungen, die man durch Festungen, Garnisonen
2177 4724 2829 4779 und Zollschranken zu verbessern sucht.\:p\
2239 4747 3112 4818 \p\Seither haben wir genug bittere Erfahrungen ge¬
2177 4802 3112 4841 macht, im Großen und im Kleinen, um zu wissen,
2177 4836 3112 4870 wie es damit bestellt ist, und auf Reisen vollends ver¬
2177 4863 3112 4903 binden wir den Begriff einer Grenze nur mit tausend
2177 4900 3112 4944 Lästigkeiten, notwendigen Papieren, unverständlichen
2196 4935 3113 4985 Formalitäten, Komplikationen, an denen keiner
2177 4972 3098 5016 schuld ist, und sinnlosen Wartezeiten. Hier aber war
2193 5008 3083 5044 es eine wirkliche, von der Natur bestimmte Grenze
2183 5040 3083 5080 ein mächtiges Hindernis, ein drohender Trennungs¬
2176 5074 3111 5119 wall. Hinter uns blieb Frankreich, fast dachten wir:
2177 5111 3112 5147 Europa, und wir machten uns auf, um Spanien zu
2176 5141 3112 5177 erobern. Und dazwischen lag, wie um uns zu war¬
2177 5176 3113 5225 nen, das menschenleere, nächtlich gefährliche Gebirge,
2176 5209 3112 5256 die Pyrenäen. Wir begriffen, Spanien war nur ein
2177 5243 3112 5278 Vorposten Europas, von seinen reichsten Erfüllungen
2193 5279 3083 5318 getrennt, auch von seiner Lieblichkeit, seinem selbst¬
2193 5306 3112 5348 gewissen Leichtsinn, — und es war der Nachbar Afri¬
2177 5342 3112 5376 kas, seine großen Hochebenen atmeten verwandte
2177 5376 3112 5417 Oede, trugen die gleichen rötlich-gelben Staubfarben
2177 5417 3081 5455 wie die nahe Wüste. Dort, mitten in der verbrannten
2177 5451 3112 5494 Steppe, unangreifbar in einem Ring von Kargheit,
2177 5485 3112 5517 lag seine Hauptstadt Madrid, seine Kirchen, seine
2177 5518 3092 5559 prachtvollen und stummen Paläste schwebten wie Luft¬
2177 5552 3081 5593 spiegelungen am Horizont, zwischen Himmel und
2177 5577 3112 5624 Erde ... Diese Grenze aber, der wir zustrebten, war
2181 5620 3112 5659 von Anfang an gewesen, seit Menschengedenken, und
2176 5652 3112 5708 an diesem Gebirgswall hatten sich die Wellen der
2177 5690 3112 5717 Völker von Süden und Norden gebrochen. Römer und
2177 5717 3112 5756 Punier hatten darum gekämpft, es zu einem dauern¬
2177 5752 3112 5792 den Besitz zu machen. Aber während drüben in Frank¬
2177 5789 3113 5842 reich die germanischen Franken das römische Erbe an¬
2177 5831 3112 5866 traten und aus der Idee der Latinität eine euro¬
2177 5864 3112 5896 päische Wiedergeburt möglich wurde, führten in Spa¬
2177 5890 3112 5931 nien Westgoten, Alanen und Vandalen ihren bestän¬
2177 5919 3112 5966 digen Kampf, waren nur Heerscharen, nur Eroberer,
2177 5959 3112 6003 nur Fremde und erlagen schließlich dem fremdesten
2177 6001 3112 6040 Element: den Arabern. Diese Heiden aber waren
2177 6034 3112 6075 zugleich Gottesstreiter und Kulturträger, und Spa¬
2177 6054 3112 6104 nien hat von ihnen Zweifaches übernommen, — die
2177 6100 3112 6147 auf so wunderlichen Umwegen gerettete Wissenschaft
3109 4516 4026 4563 Griechenlands (ihr Geschenk an Europa), und [den
3109 4554 4026 4596 grausamen Fanatismus, der sie zu blutigem Glau¬
3109 4589 4026 4626 benseifer und blutigem Rassenhaß verführte, — Ele¬
3109 4623 4024 4661 mente, die der gesitteten Humanität Europas damals
3109 4653 4027 4701 fremd waren [unklar, welche Periode hier genau gemeint ist, aber sie scheint an das Mittelalter zu denken und nicht an die spanische Inquisition, auf die sie unten zu sprechen kommt (wobei sie die Wurzeln der Inquisition im islamischen Fanatismus zu sehen glaubt). AS übersieht dabei freilich den katholischen Fanatismus der mittlelalterlichen Kreuzzüge], und die Spaniens Verderben werden
3109 4691 4026 4730 sollten[unklar, welche Perioden hier genau gemeint ist, aber sie scheint an das Mittelalter zu denken und nicht an die spanische Inquisition, auf die sie unten zu sprechen kommt (wobei sie die Wurzeln der Inquisition im islamischen Fanatismus zu sehen glaubt). AS übersieht dabei freilich den katholischen Fanatismus der mittlelalterlichen Kreuzzüge]. An dieses nun in Schatten gehüllte, nun
3125 4727 4026 4767 schon weit hinter uns liegende Europa dachten wir,
3109 4761 4024 4801 als wir in der ersten Nachtstunde die spanische Grenze
3108 4798 4028 4838 erreichten. Im trüb erleuchteten Wachtlokal des
3109 4830 4027 4877 Grenzpostens studierten wir die Karte: der Ort hieß
3109 4866 4026 4902 Puigcerda, über zwei Pässe führte der Weg ans
3109 4901 4026 4943 Meer, in die große Stadt Barcelona. Weiter im
3122 4929 4027 4977 Westen aber fanden wir den anderen Uebergang, jenen
3109 4972 4026 5010 berühmten Engpaß von Roncevalles, wo Roland den
3109 5002 4026 5037 Rückzug Karls des Großen deckte und von den Heiden
3125 5036 4026 5078 aus dem Hinterhalt überfallen wurde, — wo er,
3109 5070 4026 5116 schon in Todesnot, solange in sein Horn stieß, bis es
3109 5107 4026 5148 zersprang. Wo gäbe es heute einen Herrscher, der um
3109 5137 4026 5180 des Christentums, um der Zivilisation des Abend¬
3109 5167 4026 5214 landes willen vom fernen Deutschland bis hinab an
3109 5210 4029 5246 die Grenze Spaniens zöge? Später hat dann Spa¬
3109 5240 4026 5285 nien, in seiner ständigen Verteidigungsstellung, auf
3122 5269 4026 5315 seinem vorgeschobenen Posten, diese abendländische
3109 5305 4026 5346 Idee mit so leidenschaftlichem Eifer zu verwirklichen
3109 5345 4029 5387 gesucht, daß daraus Zerrbild und Erstarrung, For¬
3109 5373 4020 5418 malismus und grausige Verkehrung werden mußte
3122 5412 4029 5453 das Land der Inquisition, das Land des grotesken
3109 5449 4026 5487 Hofzeremoniells, — auch das Land des Ignatius von
3109 5478 3308 5525 Loyola ...\:p\
3174 5521 4017 5562 \p\Man ließ uns Zeit, solche Betrachtungen anzustel¬
3125 5550 4026 5597 len, es dauerte lange, bis der Zollbeamte unsere
3109 5582 4026 5632 komplizierten und fremdsprachigen Papiere geprüft
3109 5621 4026 5669 hatte. Endlich erhob er sich, sichtlich erleichtert, und
3109 5660 4026 5700 reichte uns die Pässe. „Willkommen in Spanien“ sagte
3109 5698 4026 5740 er. Dann öffnete ein Gendarm die Schranke, und durch
3108 5728 4026 5768 eine lange Allee, auf ebener Straße, rollten wir in
3109 5756 4029 5806 das Grenzstädtchen Puigcerda hinein. Ein frischer Ge¬
3108 5793 4026 5836 birgswind wehte durch seine Gassen, am kleinen
3109 5831 4017 5872 Hauptplatz waren die Cafés noch erleuchtet, — und
3109 5870 4021 5916 als wir endlich beim Nachtessen saßen — es gab,
3108 5904 4017 5948 nach spanischer Sitte, etwa zehn verschiedene Ge¬
3109 5931 4026 5979 richte — vergaßen wir, was hinter uns lag: den
3109 5968 4024 6007 nächtlichen Gebirgspaß, die dunkle Wand der Pyre¬
3108 6003 4020 6048 näen, die Grenze. Wir entdeckten eine fremde Stadt,
3109 6041 4024 6078 wir waren in einem neuen, anderen Land, und wand¬
3108 6076 4026 6127 ten ihm, wie man es auf Reise zu tun pflegt, all
3109 6100 3524 6161 unsere Erwartungen zu.\:p\
