1975 2976
731 2217 1190 2282 „NICHTSKÖNNER"
253 2314 952 2347 \p\Auf dem märkischen Sandweg sinken die
217 2347 952 2384 schmalen Räder des Wagens ein, und das
214 2387 954 2426 Aufschlagen der Pferdehufe tönt gedämpft.
220 2418 946 2458 Ich habe den Landarzt auf seiner Rund¬
218 2458 949 2498 fahrt begleitet — beim Müller waren wir,
218 2491 947 2529 beim Förster, im Vorwerk eines „Ritter¬
216 2531 948 2573 guts“, und fahren jetzt in das Dorf zu¬
214 2572 953 2609 rück. Der Müller klagte über Gicht, und
214 2603 951 2640 meinte, die schlechten Zeiten seien daran
1004 2307 1735 2353 schuld, — die dürren Gespensterflügel sei¬
1004 2349 1745 2386 ner Windmühle stehen still, und würden
1006 2385 1745 2426 nicht einmal den alten Don Quichotte
1004 2421 1745 2458 schrecken. Und wenn es dieses Jahr eine
1004 2460 1741 2498 schlechte Ernte geben sollte, — oder auch
1004 2495 1742 2538 bloß eine mäßig gute, dann würde es ein
1003 2527 1742 2571 „Kriegswinter“, und das Mehl würde
1003 2567 1743 2608 knapp. „Davon bekommt man keine Gicht“,
1005 2602 1740 2642 sagte der Landarzt, und wollte den Mül¬\fml\\:p\
251 264 991 306 \p\\fml\ler untersuchen. Aber der schüttelte den
252 299 991 337 Kopf. „Ich spüre die Gicht, wenn ich an
254 338 993 378 die schlechten Zeiten denke, murmelte
250 372 989 410 er eigensinnig. — „Aber woher wissen Sie
249 410 991 450 denn, daß es eine Mißernte wird?“— Und
249 443 976 482 da antwortete er ganz vernünftig. Die Be¬
249 484 979 522 richte aus Ostpreußen sind schlecht. Spä¬
249 518 984 560 te Fröste haben Schaden angerichtet. In
247 556 989 589 alten Zeiten, als es noch keine Eisenbahn
251 591 987 639 gab, da bedeutete jede Mißernte auch ei¬
249 627 985 670 ne lokale Hungersnot. Jetzt aber, – „Jetzt
253 659 984 706 weiß man, daß man Getreide kaufen und
247 699 986 739 mit der Eisenbahn herbeischaffen könnte,
247 737 987 770 —aus Ländern, die zuviel Getreide haben
249 771 980 810 und es billig abgeben wollen. „Dafür ist
250 810 984 850 der Weltverkehr da, sagt der Müller,
252 844 984 884 „und mein Vater wollte immer, daß ich
252 883 986 919 drüben, im Städtchen, eine richtige große
251 917 943 957 Mühle haben sollte, eine Fabrikmühle,
249 954 983 994 er war eben für den Fortschritt. Aber
249 990 988 1025 das darf es ja jetzt nicht mehr geben, in
253 1024 987 1065 einem Erlaß heißt es, daß ich auf dem
252 1060 986 1097 Land bleiben soll, als ein bodenständiger
249 1102 983 1135 deutscher Müller. Dabei gibt es nicht ein¬
254 1131 963 1173 mal für die alte Windmühle genug Ro¬
255 1172 986 1210 gen zu mahlen, und die Bäcker müssen
253 1208 987 1249 Kartoffelmehl und Mais ins Brot backen,
253 1242 987 1282 und wir müssen uns vor einer schlechten
253 1275 989 1313 Ernte fürchten, genau wie während des
253 1314 988 1353 Krieges. Glauben Sie mir, Herr Doktor,
253 1348 984 1384 davon kriege ich die Gicht!“— Beim För¬
254 1386 989 1425 ster war es nicht anders. Sein Kind war
253 1419 989 1458 krank, und obwohl es nur eine leichte
255 1459 986 1498 Halsentzündung war, saß der Förster in
257 1493 991 1529 der Stube, sorgenvoll und mißmutig, und
254 1531 985 1570 kam von der Halsentzündung auf die
253 1563 992 1602 schlechten Zeiten zu sprechen. „Da
255 1603 983 1642 schickt man mir einen Mann ins Haus“
255 1635 990 1674 sagte er, „in Uniform natürlich, einen
258 1676 985 1716 ganz jungen, dummen und obendrein fre¬
255 1707 991 1746 chen Burschen, der von Wald und Holz
257 1748 964 1783 und Forstwirtschaft noch nie etwas ge¬
258 1781 978 1818 hört hat, aber er nennt sich „Forst-Ex¬
256 1820 985 1858 perte“ und trägt Uniform und der Gaulei¬
258 1852 992 1890 ter selbst hat ihn geschickt, — da kann
257 1891 981 1929 er sich natürlich alles erlauben. „Auf¬
258 1926 989 1962 forsten, sagt er mir, „schneller auffor¬
254 1962 989 2001 sten, Deutschland braucht Holz, wir müssen
259 1996 970 2034 autark werden. „Als könne man den Kie¬
257 2035 986 2075 fern befehlen, im Namen des Führers, sie
253 2068 988 2114 sollten schneller wachsen. — Der Förster
259 2107 988 2146 erschrickt ein bißchen über seine eigenen
262 2143 989 2181 Worte, — aber er weiß, daß der Doktor
255 2179 990 2218 ein anständiger Mensch ist, und ich — ich
259 2217 986 2253 bin Ausländer, Fremder, — merkwürdiger¬
263 2250 989 2290 weise scheint ihm das Vertrauen einzu¬
257 2289 983 2322 flößen. „Da liegt der Hase im Pfeffer“,
255 2324 991 2369 sagt er mir, „diese Herren Partei-Beamten,
258 2363 988 2402 mit ihren hochtrabenden Titeln, — das
255 2394 979 2434 sind alles Nichtskönner. Leute, die ver¬
257 2446 994 2474 sagt haben im praktischen Leben, in ihrem
259 2474 993 2514 Beruf, schon in der Schule, — Leute, die
257 2508 997 2547 nichts Anständiges gelernt haben, und nun
256 2546 992 2586 in der Partei ihr Glück machen wollen.
259 2587 893 2618 So ist es, — nicht wahr, Herr Doktor?"\:p\
294 2619 990 2657 \p\Der Landarzt sagt leise: „Sie übertrei¬
1045 264 1776 299 ben. Es gibt auch tüchtige und ehrliche
1046 299 1780 338 Leute darunter," — und verschreibt dann
1041 339 1768 375 dem Kind des Försters heiße Halsum¬
1042 371 1168 415 schläge.\:p\
1073 408 1769 448 \p\Auf dem Vorwerk, wohin wir nun fah¬
1041 443 1775 482 ren, hat die Frau eines Landarbeiters ein
1042 483 1768 520 Kind bekommen. Eine Hebamme war da¬
1043 516 1773 554 bei, und eine Nachbarin — dem Arzt hat
1035 555 1770 595 man erst einen Boten geschickt, als die
1046 590 1773 626 Frau, einen Tag nach der Geburt, hohes
1045 628 1770 666 Fieber bekam. Der Fall ist ernst, — ich
1042 661 1761 698 warte draußen, vor dem niedrigen Back¬
1036 700 1765 737 steinhaus und höre durch das offene Fen¬
1039 733 1761 770 ster das Stöhnen der Wöchnerin, die be¬
1034 771 1765 810 ruhigende Stimme des Arztes, das leise
1044 809 1763 842 Wimmern des Säuglings. Und mit mir
1039 844 1763 882 wartet der Vater, ein junger Mensch mit
1035 883 1701 922 einem ernsten, sonnverbrannten Gesicht, –
1034 914 1760 955 der Arzt wollte nicht, daß er während
1034 955 1754 989 der Untersuchung dabei sei. — Sonderbar
1031 987 1757 1027 abwegig scheint das Gespräch, das wir
1035 1024 1762 1066 zusammen führen: der Mann redet nicht
1035 1064 1754 1097 davon, daß er Angst habe wegen seiner
1037 1098 1763 1137 Frau und wie es wohl ausgehen werde.
1038 1132 1764 1170 Er sagt: „Jetzt trete ich nicht in die
1036 1164 1766 1205 NSDAP ein. Jetzt nicht, — weil es ein
1037 1203 1767 1242 Junge geworden ist." — „Sie meinen, weil
1038 1242 1766 1284 Sie jetzt einen Sohn haben ... ?" frage
1037 1275 1766 1314 ich verwundert. „Nun ja", — der Mann
1036 1314 1762 1354 schaut mit einem ruhigen Lächeln auf
1036 1348 1763 1387 seine verarbeiteten Hände, — „ein Mäd¬
1040 1385 1766 1433 chen, — da wäre es ja nicht so wichtig.
1042 1420 1776 1458 Und sie fragen mich schon lang, drüben
1037 1460 1771 1497 auf dem Gutshof, warum ich nicht in der
1039 1490 1774 1530 Partei bin. Man macht sich unbeliebt, ich
1042 1531 1773 1570 weiß schon. Aber ich habe bisher immer
1041 1572 1766 1603 eine Ausrede gefunden. Und jetzt nach¬
1043 1603 1775 1642 dem ich einen Jungen habe, werden sie
1037 1635 1773 1679 mir noch mehr zusetzen. Aber ich weiß,
1041 1677 1775 1713 was ich weiß. Der Junge soll keinen Nazi
1039 1707 1769 1747 zum Vater haben. Er soll auch, später
1039 1747 1773 1785 einmal, nicht in die HJ. Er soll in die
1037 1786 1776 1822 Schule gehen und etwas lernen, und es
1043 1820 1775 1858 weiter bringen als ich. Meinetwegen soll
1037 1861 1753 1898 er Soldat werden, — das ist etwas ande¬
1037 1893 1776 1930 res, gegen das richtige Militär haben wir
1041 1932 1771 1970 nichts. Aber die Nazis, die treiben nur
1039 1970 1774 2002 'Soldatenspielen', und schämen muß man
1040 1995 1509 2034 sich, wenn man dabei ist." –\:p\
1076 2034 1772 2073 \p\Die Haustüre öffnet sich, der Arzt tritt
1040 2074 1776 2112 zu uns. — „Warum haben Sie mich nicht
1040 2107 1774 2154 früher gerufen", sagt er. Der junge Land¬
1042 2146 1776 2185 arbeiter sagt gar, nichts. Er sieht nur den
1041 2187 1773 2219 Doktor an und auf seinem Gesicht breitet
1040 2229 1772 2258 sich wie plötzliche Blässe ein Ausdruck
1041 2252 1562 2297 fassungslosen Schreckens aus.\:p\
1078 2289 1777 2329 \p\„Ich werde den Krankenwagen vom
1041 2331 1775 2369 städtischen Krankenhaus in N. schicken",
1044 2363 1771 2401 sagt der Arzt, — „aber das dauert natür¬
1045 2403 1780 2442 lich ein paar Stunden. Ich kann erst vom
1043 2437 1775 2474 Dorf aus telefonieren. — „Und das Kind?
1052 2475 1777 2514 Was soll mit dem Kind werden?“—„Das
1045 2507 1770 2546 lassen Sie bei der Hebamme." — Der
1045 2547 1778 2586 Mann begleitet uns bis zum Wagen. Erst
1045 2579 1772 2619 als wir schon auf dem Bock sitzen, der
1051 2620 1777 2658 Doktor schon die Zügel in die Hand\fml\\:p\
179 273 920 322 \p\\fml\nimmt, fragt er: „Doktor, meine Frau
180 315 915 362 wird doch nicht sterben?" — „Man wird
181 355 920 394 im Krankenhaus alles tun, was möglich
180 387 914 426 ist“, antwortet der Arzt und will losfah¬
180 436 911 466 ren. Aber da hält ihn der Mann noch ein
180 460 922 498 mal auf, fällt ihm recht eigentlich in die
181 499 921 539 Zügel und stammelt: „Doktor, Sie müssen
182 535 921 577 selbst nach ihr sehen, Sie wissen doch,
182 571 923 610 der Oberarzt dort, der ist ein Nazi, ich
183 610 912 643 meine, der kann nichts, der hat die Stel¬
185 644 926 682 le bekommen, weil er ein Nazi ist. Und
184 676 909 721 ich bin ja nicht einmal in der Partei!"
240 715 929 760 – „Schon gut“, beruhigt ihn der Arzt,
190 754 921 794 „ich werde selbst nach ihr sehen“, — der
189 787 924 826 Mann nickt, mit ganz abwesendem Blick
189 826 818 866 und gibt uns endlich den Weg frei.\:p\
230 873 923 921 \p\„Wie ist das mit dem Oberarzt im städ¬
192 915 926 954 tischen Krankenhaus“, frage ich, als wir
192 946 926 986 lautlos durch den weichen Sand rollen,
237 987 928 1034 – mir klingt das fürchterliche Urteil
196 1021 926 1058 noch in den Ohren: „der ist ein Nazi, der
197 1059 931 1098 kann ja nichts ..." Mein Begleiter zuckt
192 1092 924 1129 die Achseln „Er ist in der Ärzte-Fach¬
194 1131 928 1170 schaft, mein Vorgesetzter“, antwortet er,
196 1165 923 1210 „er ist nicht schlechter als mancher an¬
197 1203 931 1242 dere Arzt, nur haben die Leute eben kein
203 1235 929 1280 Vertrauen zu ihm." — „Und warum nicht?
200 1275 934 1313 Weil er Mitglied der Partei ist? Wollen
201 1307 933 1353 Sie etwa sagen, daß man hier schon so
200 1347 930 1387 weit ist, einem Mann nicht zu trauen,
201 1384 922 1426 nur weil er ein Nazi ist? Sehr ruhig
196 1420 935 1458 antwortet der Doktor: „Ein bißchen ist
196 1459 932 1491 es schon so. Dieser Mann zum Beispiel
198 1491 928 1530 trat in SA-Uniform sein Amt an, als Nach¬
969 279 1703 322 folger von Dr. S., der ein hervorragender
976 314 1706 362 Arzt gewesen ist. Jeder weiß natürlich,
972 355 1708 402 daß Dr. S. nicht freiwillig gegangen ist,
973 388 1707 432 daß man ihn gezwungen hat, zu gehen,
974 427 1710 465 weil er Sozialdemokrat war, und weil er
972 467 1706 499 eine jüdische Assistentin nicht gleich ent¬
974 499 1705 539 lassen wollte. Und auch, weil man Stel¬
976 535 1707 570 lungen brauchte für treue Parteimitglie¬
976 576 1712 610 der. Und die Tatsache, daß man sich als
977 611 1711 650 Parteimitglied Verdienste erworben hat,
977 644 1712 680 etwa einen Kommunisten erschlagen oder
976 685 1705 726 einen Juden ins Konzentrationslager ge¬
980 716 1711 754 bracht, — das ist ja noch keine Legitimation
976 756 1710 794 für den Arztberuf. Und das wissen die
979 787 1706 826 Leute, deswegen haben sie kein Vertrau¬
980 835 1703 866 en. — Ich frage weiter: „Dieser Landar¬
981 860 1706 897 beiter hatte offenbar auch Angst, daß sei¬
980 899 1709 937 ne Frau darunter zu leiden haben wür¬
981 937 1712 970 de, daß er nicht in der Partei ist? — Der
980 971 1714 1010 Landarzt antwortet zuerst nicht. Er blickt
982 1005 1714 1042 über die bestellten Felder hinweg in die
983 1043 1714 1083 Abendsonne, die sich, ein feuriger Ball,
980 1076 1715 1114 zum schwarzen Waldsaum senkt. Dann
982 1114 1711 1153 sagt er, langsam, als wolle er nicht nur
982 1148 1715 1187 mich bestärken, sondern sich selbst und
985 1187 1715 1226 den Glauben an eine Zukunft, die sich
986 1219 1715 1258 vorbereitet wie das Licht des morgigen
988 1260 1710 1298 Tages, das schon vorhanden ist in dieser
983 1291 1709 1337 Stunde der Abenddämmerung: „Jetzt mag
980 1330 1716 1370 man sich manchmal fürchten, weil man
984 1363 1711 1403 nicht dazu gehört. Aber bald wird man
985 1404 1710 1442 froh sein, daß man sich nicht beschmutzt
983 1439 1700 1482 hat. Ja, man wird froh und stolz sein!"\:p\
1502 1490 1678 1529 C. CLARK
