3704 5416
366 3974 678 4054 Uruk-Warka
164 4043 898 4100 \p\Die südlichen Teile des heutigen Irak-Staates —
103 4091 968 4149 das alte Mesopotamien — hängen vollständig von
104 4132 968 4190 der Regulierung des Flußwassers ab, und ihre Ge¬
107 4177 937 4216 schichte ist zu einem großen Teil die Geschichte des
104 4217 937 4259 Bewässerungssystems. Als Chammurapi um die
107 4247 929 4295 Wende des zweiten Jahrtausends die Südstädte er¬
104 4292 968 4334 oberte, die bisher wechselweise über Mesopotamien
104 4332 931 4374 geherrscht hatten, galt seine erste Sorge der Erneue¬
104 4358 968 4414 rung und Verbesserung der Kanäle. Er legte ver¬
110 4401 943 4449 mutlich im alten Euphratbett einen Stichkanal an,
104 4439 968 4492 denn bereits in jener Zeit begann der Euphrat nach
107 4484 967 4522 Westen abzuwandern, das alte Bett — heute Schatt¬
104 4515 968 4574 el-Kar — begann zu versanden, während der Süden
107 4557 967 4602 des Landes teilweise der Austrocknung preisgegeben
107 4601 967 4636 war, teilweise wegen des Mangels einer geregelten
107 4638 941 4681 Wasserverteilung in Sumpfgebiete verwandelt wurde.
104 4675 937 4718 Chammurapi tat durch die Anlage seines Kanals
110 4713 935 4758 nichts anderes, als was die Engländer in Angriff
104 4753 968 4794 nahmen, als sie sich um die Bildung des neuen
104 4789 968 4828 Irak-Staats bemühten: der neue Hindijeh-Staudamm,
104 4832 968 4869 der ungefähr halbwegs zwischen Babylon und Sip¬
113 4873 967 4917 par beginnt, ermöglicht es nämlich, das Euphrat¬
104 4907 941 4952 wasser beliebig in den Hille- und in den Hindijeh-
110 4947 968 4986 Arm zu leiten, genau wie die Anlage des alten
110 4984 968 5023 Amoriterkönigs das Wasser in das alte östliche Bett
110 5019 968 5072 leitete. Chammurapi rettete dadurch unter anderm
113 5062 967 5104 auch die uralte Stadt Erech oder Uruk vor dem
116 5104 967 5148 sichern Untergang.*) und verschaffte, wie der Text
116 5140 967 5194 lautet, „Uruk neues Leben und seinen Bewohnern
119 5175 418 5228 reichliches Wasser“.\:p\
1024 3929 1830 3980 \p\Zu jener Zeit hatte Uruk schon eine lange und
975 3970 1806 4025 glanzvolle Geschichte hinter sich. Die Stadt gehörte
970 4012 1830 4049 mit Ur, Kisch und Lagasch, zu den südmesopotami¬
979 4053 1831 4097 schen Stadtkönigtümern, deren Dynastien sich durch
964 4092 1830 4134 Krieg und Eroberung zu Herren des ganzen Landes
964 4128 1830 4176 machten. Der sagenhafte Heros Gilgamesch soll der
973 4167 1831 4215 ersten Dynastie von Uruk angehört haben, um 3150
973 4206 1831 4248 machte Enschakuschanna Uruk zur Hauptstadt des
970 4243 1830 4296 Reiches, und um 2700 besiegte Lugalzaggisi seine
964 4285 1830 4324 Nachbarn und gründete auf diese Weise das erste
983 4326 1812 4368 Weltreich, welches sich vom Persischen Golf bis zum
964 4361 1316 4403 Mittelmeer erstreckte.\:p\
1027 4403 1806 4441 \p\Die politische Vormacht von Uruk wurde durch
964 4437 1830 4474 das erste Eingreifen der Semiten gebrochen, die von
964 4476 1806 4525 nun an eine hervorragende Rolle in der Geschichte
964 4517 1812 4557 Mesopotamiens spielten. Es war, um 2600, Sargon,
964 4553 1812 4614 der Alte von Akkad, welcher die Südstädte besiegte
964 4596 1811 4640 und das Zentrum des Reichs nach Norden verschob.
979 4633 1831 4675 Dann folgte die 125jährige Fremdherrschaft der
982 4666 1800 4710 Gutäer aus dem Zagrosgebirge, und, seit etwa 1800,
970 4708 1830 4745 die Herrschaft der Kossäer oder Kassiten, die ebenfalls
964 4732 1830 4796 von Norden her eingebrochen waren und sich 500
964 4789 1816 4827 Jahre lang behaupteten. Während dieser ganzen
964 4823 1812 4874 Zeit trat Uruk politisch nicht hervor, aber es war
964 4865 1830 4914 mit seinem Tempel der Himmelsgottheiten Anu-
979 4902 1831 4942 Antum und dem Tempelbezirk Eanna der Göttin
964 4921 1830 4980 Innina-Ishtar, als Kultstadt von hervorragender
964 4977 1816 5026 Bedeutung. Besonders die Herrscher der III. Dyna¬
964 5016 1830 5059 stie von Ur, welche noch in das dritte Jahrtausend
964 5055 1806 5097 gehört, ragen in Uruk durch ihre Bautätigkeit her¬
964 5092 1830 5134 vor, der Tempelturm in Eanna, die „Zikurrat“ in
964 5131 1830 5185 ihrer uns erhaltenen Form, geht auf einen Herrscher
975 5169 1830 5208 dieser Dynastie, Urnammu, zurück. Später rühmen
975 5208 1830 5249 sich Elamiter, Kassiten und Assyrer, in Uruk Tempel
973 5249 1831 5312 errichtet oder alte Tempel neu aufgeführt zu haben.
1827 3932 2685 4000 Aus dem 15. Jahrhundert wurde ein besonders
1845 3978 2699 4020 merkwürdiger Tempel gefunden, dessen Reliefs von
1827 4000 2670 4055 männlichen und weiblichen Wasser-Gottheiten Auf¬
1827 4053 2670 4096 sehen erregten. Dieser Tempel wurde von dem kas¬
1826 4091 2682 4146 sitischen König Karaindasch erbaut. In späterer Zeit
1827 4134 2699 4180 hat Sargon II. (721—705) Eanna wiederhergestellt
1827 4172 2699 4216 und mit einem „Zingel“ umgeben, Nebukadnezar hat
1827 4208 2699 4259 in Uruk gebaut, und das „jüngste Pflaster“ im
1827 4246 2699 4298 Eanna-Tempelbezirk stammt von dem Perserkönig
1827 4287 1955 4339 Cyrus.\:p\
1892 4330 2672 4378 \p\Endlich erlebte aber Uruk eine Nachblüte in helle¬
1842 4373 2675 4425 nistischer Zeit: Strabo und Plinius erwähnen Orche
1841 4425 2674 4474 (Uruk) als eine der großen chaldäischen Schulen der
1827 4452 2013 4510 Astrologie.\:p\
1889 4495 2699 4548 \p\Aus dieser Zeit stammt der letzte Tempel der
1848 4537 2675 4594 Ann-Antum, und an diesem Bauwerk setzte im Jahr
1842 4574 2675 4625 1912/13 die Arbeit der deutschen Warka-Expedition
1827 4621 2680 4660 ein. Der damals freigelegte Tempel ist eines der
1848 4658 2670 4705 spätesten Beispiele babylonischer Baukunst, und zu¬
1827 4695 2680 4749 gleich einer der größten uns erhaltenen babylonischen
1827 4735 2699 4781 Tempel überhaupt. Erst im letzten Winter entdeckte
1848 4778 2675 4820 man, daß der sogenannte „Südbau“ von Uruk ein
1845 4809 2679 4854 Seitenstück zum Anu-Antum-Heiligtum bildet. Man
1827 4845 2699 4900 hat den Grundriß dieses neuen seleukidischen Riesen¬
1827 4888 2699 4943 tempels bereits aufzeichnen können, er übertrifft an
1827 4927 2699 4993 Umfang den Anu-Antum-Tempel und ist wohl das
1854 4966 2672 5011 prächtigste Beispiel spätbabylonischer Baukunst, wel¬
1827 4994 2520 5053 ches uns in Mesopotamien erhalten ist.\:p\
1889 5042 2700 5110 \p\Als der „Südbau" errichtet wurde, war das
1827 5088 2699 5153 Eanna-Heiligtum bereits eine Ruine. Es ist möglich,
1827 5133 2672 5181 daß der neue Tempel den alten Ishtar-Tempel ab¬
1827 5171 2699 5223 gelöst hat, jedenfalls kann nach Cyrus im Eanna¬
1827 5210 2699 5273 Bezirk keinerlei Bautätigkeit mehr nachgewiesen
1827 5245 1972 5310 werden.\:p\
2761 3940 3552 3992 \p\Dieser Bezirk aber ist es, welcher in erster Linie
2696 3979 3552 4026 zu der ungeheuren Bedeutung der Grabung von
2707 4019 3556 4060 Uruk-Warka beigetragen hat. Der Leiter der Aus¬
2715 4054 3552 4099 grabung, Dr. J. Jordan, begann nämlich im Winter
2719 4094 3552 4139 1930/31 eine Tiefgrabung an der Südseite von
2696 4131 3550 4178 Eanna, welche zu der Feststellung von nicht weniger
2696 4178 3552 4225 als achtzehn Siedlungsschichten führte, unter denen
2696 4216 3555 4254 wieder die sechs archaischen Schichten von grund¬
2696 4247 3555 4306 legender Bedeutung für die frühe Geschichte des
2707 4285 3196 4333 ganzen Zweistromlandes sind.\:p\
2761 4327 3552 4372 \p\Im Grabungswinter 1931/32 wurde der gewach¬
2713 4363 3553 4412 sene Boden erreicht, der aus hellgrünem, festem
2707 4410 3552 4459 Schlick besteht und keinerlei menschliche Reste auf¬
2707 4437 3546 4489 weist. Man darf annehmen, daß es der ursprüng¬
2707 4486 3552 4529 liche Boden des Persischen Golfes ist, der bekanntlich
2696 4520 3543 4570 in prähistorischer Zeit bis in die Gegend von Bag¬
2707 4557 2997 4609 dad hinaufreichte.\:p\
2764 4588 3555 4643 \p\Ueber dem gewachsenen Boden fand man dann,
2709 4631 3552 4678 über einer dünnen Tonschicht, reichliche Schilflagen
2706 4678 3562 4723 und Tonscherben und Gefäße, welche einfarbig
2710 4718 3550 4760 schwarz bemalt waren und der von Woolley gefun¬
2696 4753 3552 4801 denen Obed-Ware entsprachen. Während Woolley
2707 4793 3550 4838 aber die Obed-Schichten in Ur durch die Ablagerun¬
2713 4830 3552 4881 gen einer großen Flut unterbrochen fand, ließen sich
2696 4861 3550 4926 in Uruk keine Spuren der Flut feststellen, die Obed-
2695 4909 3552 4963 Schichten gingen vielmehr ohne Bruch in die spätern
2696 4948 3546 4992 Uruk-Schichten über. In den Schichten VI und V
2706 4984 3552 5026 fand man bereits große Lager jener Tonstifte, aus
2707 5023 3552 5066 denen die herrlichen und einzigartigen Stiftmosaike
2696 5062 3552 5105 der Schicht IV zusammengesetzt sind. Es scheint, daß
2696 5100 3546 5151 in Uruk die Kultur, die sich durch die ältern Schich¬
2707 5140 3552 5185 ten vorbereitete, in der Periode der Schicht IV sich
2696 5180 3552 5230 sehr rasch zu einem Höhepunkt ausbildete, und daß
2696 5221 3552 5272 wir hier die glänzendste Zeit der Stadt vor uns
2696 5253 3550 5318 haben. Jordan nimmt an, daß man sie der Be¬\fml\\:p\
170 5243 832 5316 *) Uruk-Warka liegt heute in der Wüste.
125 4167 979 4217 \p\\fml\fruchtung durch ein Fremdvolk verdankt, welches zu
122 4212 978 4257 jener Zeit von Norden her eingedrungen sein mag.
119 4252 979 4290 Auch die Schrift scheint große Fortschritte gemacht
119 4291 979 4329 zu haben — wir können nach den Funden von Uruk
122 4326 978 4374 ihre Entwicklung von der sumerischen Bilderschrift
119 4366 979 4412 bis zur babylonischen Keilschrift lückenlos verfolgen.\:p\
173 4404 978 4440 \p\Unter den Gebäuden der Schicht IV beansprucht
113 4443 961 4492 das „Gebäude mit den Stiftmosaiken“ das größte
125 4475 979 4526 Interesse. Da sein Grundriß mit den schon bekann¬
122 4521 965 4567 ten sumerischen Tempeln nicht übereinstimmt, ist
113 4561 965 4598 man über seine Bestimmung noch nicht im klaren —
116 4600 965 4640 da es aber im Heiligen Bezirk von Eanna, auf der
119 4636 958 4681 Terrasse eines ältern Tempels, erbaut wurde, diente
125 4679 979 4718 es wohl kultischen Zwecken. Seine große Pfeilerhalle
113 4722 958 4764 war besonders prunkvoll ausgestattet: die Rund¬
119 4754 953 4805 pfeiler von 2 m 62 Dicke waren durch schwarz-weiße
119 4794 979 4840 Tonstift-Mosaiks dekoriert, die Hof-Fassaden und die
122 4833 965 4874 Halbpfeiler der „Hohen Pforte“ waren ebenfalls mit
122 4872 960 4920 Stiftmosaiken verkleidet, welche aber dreifarbige
113 4911 967 4956 Ornamentik in Schwarz, Rot und Weiß aufweisen.
125 4953 958 4996 Die Ornamente sind fast ausschließlich Flechtmuster
113 4988 958 5034 und erinnern an die Flechtkunst der ältesten Schilf¬
113 5032 966 5076 bewohner. Ein Teil der Wände war mit Matten
119 5065 979 5106 bespannt, ähnlich wie man noch heute die Decken der
113 5101 901 5167 arabischen Häuser mit Matten verkleidet findet.\:p\
173 5141 967 5189 \p\Die glanzvolle Periode IV wurde durch die
122 5181 955 5230 Djemdet-Nasr-Zeit abgelöst — so benannt nach
113 5218 978 5263 charakteristischen Funden in Djemdet-Nasr, besonders
113 5260 978 5301 einer unbemalten Tonware, die man auch in Uruk
118 5307 979 5358 in diesen Schichten gefunden hat. Die Gebäude
975 4169 1854 4212 dieser Periode sind aus besonders geformten Ziegeln
975 4207 1854 4259 errichtet, welche im Querschnitt quadratisch erscheinen
975 4247 1854 4290 und welche man, nach einem deutschen Maurer¬
973 4287 1854 4346 ausdruck, als „Riemchen“ bezeichnet. Sie werden in
975 4325 1841 4373 der letzten archaischen Schicht (I) durch die „plankon¬
975 4367 1854 4404 vexen Ziegel“ abgelöst, die man auch an andern
975 4397 1561 4454 Orten, z. B. in Ur, gefunden hat.\:p\
1047 4445 1854 4490 \p\So ist es durch eine äußerst sorgfältige Arbeit
975 4498 1837 4551 gelungen, einen lückenlosen Ablauf der Siedlungs¬
996 4528 1854 4574 schichten bis in die historische Zeit der dritten
996 4568 1854 4623 Dynastie von Ur festzustellen — und dies für eine
996 4610 1836 4652 Stadt, welche durch diesen ganzen Ablauf hindurch. [sic, recte: ,]
996 4651 1854 4691 sei es als politische Hauptstadt oder als Kultstadt,
975 4681 1854 4735 eine hervorragende Stellung einnahm. Diese Stellung
991 4724 1829 4765 behielt sie, wie wir gesehen haben, bis in die helle¬
996 4764 1854 4804 nistische Zeit, als das Griechentum sich vorübergehend
975 4805 1854 4845 im Orient ausbreitete und eine der merkwürdigsten
1000 4843 1406 4900 Mischkulturen hervorrief.\:p\
1044 4881 1837 4938 \p\Die Schichtenfolge von Uruk dient daher schon
996 4927 1854 4969 heute als Skelett für die relative Datierung der
994 4970 1854 5013 mesopotamischen Frühgeschichte. Die diesjährige
996 5010 1834 5054 Expedition steht unter der Leitung von Dr. Heinrich
1003 5048 1854 5099 und ist wieder reich an Ergebnissen. Man muß hoffen,
975 5069 1854 5122 daß die Notgemeinschaft der deutschen Wissenschaft die
996 5123 1854 5166 Grabung auch in den folgenden Jahren wird weiter¬
1003 5164 1854 5210 führen können, denn sie ist für unsere Kenntnis des
975 5195 1834 5264 sumerisch-babylonischen Kulturkreises von hervor¬
975 5242 1710 5296 ragender und ständig wachsender Bedeutung.\:p\
1277 5287 1803 5360 \p\Annemarie Schwarzenbach[#g].\:p\
