4800 6340
476 4296 4487 4661 Gegensätze VIER BILDER AUS ANATOLIEN
464 4786 1743 4900 \p\Das sind Aufnahmen aus Anatolien, welches nach der
464 4888 1738 4965 siegreichen Revolution das neue Herz der alten Türkei
464 4943 1729 5034 geworden ist. Man findet darin nichts von der Farben¬
464 5005 1743 5082 pracht und Romantik des Orients aus Tausendundeine
464 5074 1738 5136 Nacht. Wie nicht mehr die Meerenge von Konstantinopel
464 5125 1752 5193 Anfang und Ende der türkischen Politik bedeuten, so ist
464 5190 1743 5259 nicht mehr Stambul mit der Flut seiner Gärten, dem
467 5247 1746 5321 Wald seiner Minarets, dem goldenen Glanz seiner Ufer
464 5302 1732 5387 das Symbol eines verschleierten, in religiösen Fesseln ge¬
464 5370 1746 5441 schlagenen, verhandlungsunfähigen osmanischen Reiches,
464 5433 1738 5492 sondern, noch einmal, \g\Anatolien\:g\, von wo die kema-
464 5490 1752 5564 listische Bewegung ihren Anfang nahm und mit ihr die
464 5547 761 5623 neue Türkei.\:p\
510 5606 1732 5678 \p\Hier ist die Landschaft asiatisch kahl, asiatisch groß¬
464 5666 1752 5735 artig. Eine Steppenlandschaft, hügelig, eintönig, mit
464 5726 1749 5800 grauem Stein, gelbem Boden, baumlos, windgepeitscht, mit
464 5789 1743 5857 nackten, silhouettenhaften Umrissen, soweit das Auge
464 5848 1746 5934 reicht. Bei uns im Hochgebirge, zu ganz früher Stunde,
1823 4806 3125 4908 erlebt man manchmal die strenge Reinheit dieser in Licht
1829 4888 2305 4977 gebadeten Konturen.\:p\
1880 4943 3117 5025 \p\Jahrhundertelang war diese Landschaft Provinz, von
1829 5005 3169 5079 der Geschichte vernachlässigt. Kaiserie — Angora —
1826 5068 3122 5133 Eskisehir — elende Provinzorte, und man beneidet die
1823 5131 3117 5196 europäischen Kaufleute nicht, deren Grabsteine man auf
1835 5185 3122 5253 dem Friedhof in Ankara heute noch sehen kann, mit
1832 5245 3071 5341 Zahlen aus dem 17., dem 18. und 19. Jahrhundert ...\:p\
1880 5299 3122 5376 \p\Mitten in dieser steppenähnlichen Hochebene hat
1832 5361 3111 5435 Kemal Pascha seine neue Hauptstadt, \g\Ankara\:g\, ge¬
1829 5424 3117 5504 funden. Es war keine geringe Aufgabe, aus dem ana¬
1829 5478 3125 5558 tolischen Dorf im Laufe von wenigen Jahren eine Stadt
1826 5549 3122 5618 zu machen, die den administrativen Erfordernissen
1829 5606 3114 5683 eines großen Staates entspricht, und unter welchen Um¬
1829 5658 3131 5729 ständen die an diesem Werk Beteiligten, die Ingenieure,
1829 5723 3131 5789 Architekten, Baumeister, Elektrotechniker — aber auch
1829 5783 3117 5877 die Arbeiter des neuen Staates, die Minister, Mustafa
1829 5834 3134 5917 Kemal selbst, die ersten Jahre hier gelebt haben, das
3202 4795 4506 4891 muß man sich von ihnen selbst erzählen lassen. —
3205 4880 4475 4951 Man spürt heute, bei jedem Schritt, den neuen Boden,
3205 4943 4464 5022 man sieht überall das Neuerstellte, dem noch die Um¬
3213 5019 4473 5085 gebung, der Rahmen fehlt, man kommt leicht in Ver¬
3202 5059 4481 5133 suchung, sich in einer Filmstadt zu glauben, wo auch über
3208 5111 4473 5208 Nacht die großartigen Fassaden entstehen, die Parade¬
3211 5179 4478 5262 straßen, die einige hundert Meter weit asphaltiert sind
3208 5236 4478 5304 und prächtig breit dahinlaufen, um dann plötzlich im
3211 5302 4464 5370 wüsten Gelände zu enden. Ein großartiges Regierungs¬
3208 5361 4473 5438 viertel ist geplant und nach Projekten des Wiener Archi¬
3211 5418 4478 5487 tekten Holzmeister zum Teil schon im Bau begriffen, zum
3213 5481 4478 5552 Teil fertiggestellt. Es gibt vorbildlich gebaute Banken,
3208 5535 4473 5612 ein Kasino, ein Ankara Palace Hotel, wie der Westeuro¬
3211 5603 4478 5675 päer es sich wünscht. Aber zwei Schritte weiter, und die
3208 5660 4481 5732 Stadt ist zu Ende oder wir geraten in die Gassen von
3208 5726 4490 5800 Eskisehir, der «alten Stadt», wo wieder Lehmhütte und
3208 5780 3846 5868 Basar den Plan beherrschen.\:p\
3877 5806 4444 5934 Annemarie Schwarzenbach.
506 1642 801 1672 \f\Holzmeister\:f\
644 1775 1954 1837 \fp\Moderne Türkei. Ein großartiges Regierungsviertel ist in der Haupt¬
644 1823 1968 1877 stadt Ankara im Entstehen begriffen. Dieses halbfertige Gebäude
644 1866 1968 1926 ist ein Teil davon. Es ist das zukünftige Innenministerium, erbaut
644 1923 1968 1980 nach den Plänen des Wiener Architekten Holzmeister (X), der auch
644 1968 1968 2043 das Nationaldenkmal der türkischen Republik in Ankara geschaffen hat.\:fp\
2827 1532 3275 1562 \f\Türkisches Dorf bei Ankara\:f\
2604 1766 4467 1829 \fp\Teilansicht eines türkischen Dorfes bei Ankara. Die Häuser sind aus gestampftem Lehm erbaut.
2601 1820 4464 1883 Die Farbe des Dorfes ist die gleiche wie die der Landschaft. Die anatolischen Dörfer liegen
2601 1869 4467 1923 meistens an einen Hügel geschmiegt, eine Gruppe Pappeln bezeichnet die Stelle des Brunnens,
2604 1912 4455 1974 welcher die Bevölkerung mit Wasser versorgt. Vor dem Dorfeingang sehen wir hier die Ehren¬
2604 1963 4467 2045 pforte, die die Bevölkerung am 29. Oktober, dem türkischen Nationalfeiertag, errichtet hatte.\:fp\
329 3636 563 3666 \f\Blick von der uralten Burg von Ankara\:f\
453 3812 2054 3897 \fp\Blick von der uralten Burg von Ankara auf die neue Radiosendestation. Kemal
453 3891 2048 3946 Pascha, in richtiger Erkenntnis der mächtigen Bedeutung, die dem Radio zur Erzie¬
453 3940 2051 4000 hung eines zum großen Teil noch analphabetischen Volkes zu modernen Menschen
459 3988 2054 4037 zukommt, hat nicht unterlassen, in der Nähe der Landeshauptstadt einen sehr
453 4031 2040 4116 leistungsfähigen Sender zu errichten, der das ganze Land mit Nachrichten versorgt.\:fp\
2683 3485 2861 3520 \f\Büffel\:f\
2891 3820 4171 3897 \fp\Der genügsame Büffel ist das Zugtier, der Ochsenkarren mit den
2891 3883 4165 3943 Vollrädern ist seit Mohammeds Zeiten in Anatolien bis auf den
2891 3931 4159 3994 heutigen Tag Transportmittel geblieben. Wegen des ächzenden «Ge¬
2891 3985 4162 4048 sangs» ihrer Vollräder werden diese Karren «Nachtigallen» genannt.\:fp\
