<?xml version="1.0" encoding="UTF-8"?>
<validation-wrapper>
   <PcGts xmlns="http://schema.primaresearch.org/PAGE/gts/pagecontent/2013-07-15"
          xmlns:xsi="http://www.w3.org/2001/XMLSchema-instance"
          xsi:schemaLocation="http://schema.primaresearch.org/PAGE/gts/pagecontent/2013-07-15 http://schema.primaresearch.org/PAGE/gts/pagecontent/2013-07-15/pagecontent.xsd">
      <Metadata>
         <Creator>prov=READ-COOP:name=PyLaia@TranskribusPlatform:version=2.19.0:model_id=39995:lm=none:date=07_11_2024_14:37</Creator>
         <Created>2024-11-07T08:57:10.330+01:00</Created>
         <LastChange>2024-11-09T15:59:35.953+01:00</LastChange>
         <TranskribusMetadata docId="5036515"
                              pageId="82592014"
                              pageNr="1"
                              tsid="199847962"
                              status="IN_PROGRESS"
                              userId="194245"
                              imgUrl="https://files.transkribus.eu/Get?id=KHGQBZAGDYRYLZGLGGMOLTEI&amp;amp;amp;amp;amp;fileType=view"
                              xmlUrl="https://files.transkribus.eu/Get?id=NTCEURBXYRMGLXVOHUSQVCIE"
                              imageId="67949709"/>
      </Metadata>
      <Page imageFilename="smallform_0033_001.jpg"
            imageWidth="3664"
            imageHeight="5520">
         <ReadingOrder>
            <OrderedGroup id="ro_1731164375954" caption="Regions reading order">
               <RegionRefIndexed index="0" regionRef="r"/>
            </OrderedGroup>
         </ReadingOrder>
         <TextRegion id="r" custom="readingOrder {index:0;}">
            <Coords points="2703,456 3575,456 3575,4049 2703,4049"/>
            <TextLine id="l" custom="readingOrder {index:0;}">
               <Coords points="2766,544 3495,531 3495,476 3287,496 3161,474 3021,507 2966,478 2766,484"/>
               <Baseline points="2772,525 3498,524"/>
               <TextEquiv>
                  <Unicode>Ein Film von Jean Cocteau [Schlagwörter: Film, Intermedialität,  Surrealismus, Phantastik, Poetik]</Unicode>
               </TextEquiv>
            </TextLine>
            <TextLine id="l_7" custom="readingOrder {index:1;}">
               <Coords points="2753,592 3530,588 3552,535 3302,571 3212,544 2753,557"/>
               <Baseline points="2759,589 3554,583"/>
               <TextEquiv>
                  <Unicode>\p\Der Film von Jean Cocteau „Das Blut</Unicode>
               </TextEquiv>
            </TextLine>
            <TextLine id="l_11" custom="readingOrder {index:2;}">
               <Coords points="2701,623 3556,617 3528,585 3433,581 2701,592"/>
               <Baseline points="2707,619 3558,613"/>
               <TextEquiv>
                  <Unicode>eines Dichters“ ist in Paris mit einem Er¬</Unicode>
               </TextEquiv>
            </TextLine>
            <TextLine id="l_15" custom="readingOrder {index:3;}">
               <Coords points="2708,665 3553,653 3553,616 2708,627"/>
               <Baseline points="2714,658 3556,652"/>
               <TextEquiv>
                  <Unicode>folg vorgeführt worden, der über den Beifall von</Unicode>
               </TextEquiv>
            </TextLine>
            <TextLine id="l_19" custom="readingOrder {index:4;}">
               <Coords points="2703,692 3521,698 3552,654 2703,666"/>
               <Baseline points="2709,692 3554,684"/>
               <TextEquiv>
                  <Unicode>Cocteaus engerer Anhängerschaft hinausgeht. In</Unicode>
               </TextEquiv>
            </TextLine>
            <TextLine id="l_23" custom="readingOrder {index:5;}">
               <Coords points="2704,734 3558,732 3558,685 2704,696"/>
               <Baseline points="2711,727 3560,720"/>
               <TextEquiv>
                  <Unicode>Deutschland und in der Schweiz hat man ihn noch</Unicode>
               </TextEquiv>
            </TextLine>
            <TextLine id="l_27" custom="readingOrder {index:6;}">
               <Coords points="2701,765 3529,762 3559,736 2701,735"/>
               <Baseline points="2707,759 3560,753"/>
               <TextEquiv>
                  <Unicode>nicht gezeigt. Man fürchtet auch, daß das Publi¬</Unicode>
               </TextEquiv>
            </TextLine>
            <TextLine id="l_31" custom="readingOrder {index:7;}">
               <Coords points="2697,795 3559,800 3551,753 2697,764"/>
               <Baseline points="2703,794 3562,785"/>
               <TextEquiv>
                  <Unicode>kum ihn nicht lieben würde, weil Cocteau bei uns</Unicode>
               </TextEquiv>
            </TextLine>
            <TextLine id="l_35" custom="readingOrder {index:8;}">
               <Coords points="2706,836 3491,836 3548,820 3549,788 2707,800"/>
               <Baseline points="2712,830 3551,820"/>
               <TextEquiv>
                  <Unicode>nicht sehr bekannt ist, weil man die Symbolik sei¬</Unicode>
               </TextEquiv>
            </TextLine>
            <TextLine id="l_39" custom="readingOrder {index:9;}">
               <Coords points="2703,862 3557,851 3525,819 2703,837"/>
               <Baseline points="2709,861 3559,851"/>
               <TextEquiv>
                  <Unicode>ner Sprache nicht versteht und ihre Richtung ab¬</Unicode>
               </TextEquiv>
            </TextLine>
            <TextLine id="l_43" custom="readingOrder {index:10;}">
               <Coords points="2703,902 3562,886 3550,850 3486,874 2703,865"/>
               <Baseline points="2709,894 3565,886"/>
               <TextEquiv>
                  <Unicode>lehnen würde. Wenn man aber den Film mit</Unicode>
               </TextEquiv>
            </TextLine>
            <TextLine id="l_47" custom="readingOrder {index:11;}">
               <Coords points="2704,933 3563,935 3563,891 3479,885 2704,902"/>
               <Baseline points="2711,923 3565,923"/>
               <TextEquiv>
                  <Unicode>etwas Bereitschaft und Voraussetzungslosigkeit zu</Unicode>
               </TextEquiv>
            </TextLine>
            <TextLine id="l_51" custom="readingOrder {index:12;}">
               <Coords points="2707,967 3557,957 3491,925 2707,933"/>
               <Baseline points="2713,962 3559,956"/>
               <TextEquiv>
                  <Unicode>sehen versucht, wird man ihn im Wesentlichen ver¬</Unicode>
               </TextEquiv>
            </TextLine>
            <TextLine id="l_55" custom="readingOrder {index:13;}">
               <Coords points="2699,1001 3554,1001 3554,957 3025,985 2699,964"/>
               <Baseline points="2705,999 3557,993"/>
               <TextEquiv>
                  <Unicode>stehen und lieben, auch wenn man nicht immer</Unicode>
               </TextEquiv>
            </TextLine>
            <TextLine id="l_59" custom="readingOrder {index:14;}">
               <Coords points="2699,1033 3328,1024 3395,1062 3559,1062 3560,1002 3535,997 2700,1005"/>
               <Baseline points="2705,1030 3563,1021"/>
               <TextEquiv>
                  <Unicode>weiß, was mit diesem oder jenem Vorgang ge¬</Unicode>
               </TextEquiv>
            </TextLine>
            <TextLine id="l_63" custom="readingOrder {index:15;}">
               <Coords points="2704,1069 3330,1084 3554,1063 3556,1025 2704,1035"/>
               <Baseline points="2711,1069 3557,1062"/>
               <TextEquiv>
                  <Unicode>meint ist. Man könnte die surrealistische Art dieses</Unicode>
               </TextEquiv>
            </TextLine>
            <TextLine id="l_67" custom="readingOrder {index:16;}">
               <Coords points="2713,1106 3547,1096 3529,1063 2713,1067"/>
               <Baseline points="2719,1093 3549,1091"/>
               <TextEquiv>
                  <Unicode>Films auch „Romantische Symbolik" nennen, um</Unicode>
               </TextEquiv>
            </TextLine>
            <TextLine id="l_71" custom="readingOrder {index:17;}">
               <Coords points="2709,1134 3568,1127 3550,1090 2709,1105"/>
               <Baseline points="2715,1130 3569,1124"/>
               <TextEquiv>
                  <Unicode>die zugleich abstrakte und phantasiegenährte, die</Unicode>
               </TextEquiv>
            </TextLine>
            <TextLine id="l_75" custom="readingOrder {index:18;}">
               <Coords points="2707,1171 3442,1169 3552,1161 3553,1130 2708,1133"/>
               <Baseline points="2713,1169 3555,1157"/>
               <TextEquiv>
                  <Unicode>wirklichkeitsfremde und doch durchaus erlebte</Unicode>
               </TextEquiv>
            </TextLine>
            <TextLine id="l_79" custom="readingOrder {index:19;}">
               <Coords points="2704,1206 3552,1193 3546,1160 2704,1173"/>
               <Baseline points="2710,1196 3555,1192"/>
               <TextEquiv>
                  <Unicode>Sphäre zu bezeichnen, in der er sich abspielt. Jeder</Unicode>
               </TextEquiv>
            </TextLine>
            <TextLine id="l_83" custom="readingOrder {index:20;}">
               <Coords points="2702,1243 3481,1241 3558,1229 3559,1196 2703,1207"/>
               <Baseline points="2708,1233 3561,1227"/>
               <TextEquiv>
                  <Unicode>Zuschauer kann, allein durch Titel und Begleit¬</Unicode>
               </TextEquiv>
            </TextLine>
            <TextLine id="l_87" custom="readingOrder {index:21;}">
               <Coords points="2702,1267 3556,1268 3542,1227 2702,1243"/>
               <Baseline points="2708,1266 3557,1256"/>
               <TextEquiv>
                  <Unicode>worte geführt, verstehen, daß hier der Weg des</Unicode>
               </TextEquiv>
            </TextLine>
            <TextLine id="l_91" custom="readingOrder {index:22;}">
               <Coords points="2704,1305 3558,1297 3558,1268 3507,1261 2704,1272"/>
               <Baseline points="2710,1303 3561,1295"/>
               <TextEquiv>
                  <Unicode>Künstlers dargestellt wird — des Künstlers, der</Unicode>
               </TextEquiv>
            </TextLine>
            <TextLine id="l_95" custom="readingOrder {index:23;}">
               <Coords points="2704,1341 3558,1330 3531,1295 2704,1306"/>
               <Baseline points="2710,1340 3561,1329"/>
               <TextEquiv>
                  <Unicode>sein eigenes Werk und darin sich selbst liebt, und,</Unicode>
               </TextEquiv>
            </TextLine>
            <TextLine id="l_99" custom="readingOrder {index:24;}">
               <Coords points="2700,1368 3560,1370 3560,1330 2700,1345"/>
               <Baseline points="2706,1366 3563,1358"/>
               <TextEquiv>
                  <Unicode>um sich davon zu befreien, in die merkwürdigsten</Unicode>
               </TextEquiv>
            </TextLine>
            <TextLine id="l_103" custom="readingOrder {index:25;}">
               <Coords points="2709,1406 3557,1407 3558,1373 2710,1370"/>
               <Baseline points="2715,1401 3559,1393"/>
               <TextEquiv>
                  <Unicode>Abenteuer und bis zur Verzweiflung und Selbst¬</Unicode>
               </TextEquiv>
            </TextLine>
            <TextLine id="l_107" custom="readingOrder {index:26;}">
               <Coords points="2704,1438 3558,1430 3534,1397 2704,1403"/>
               <Baseline points="2710,1428 3559,1426"/>
               <TextEquiv>
                  <Unicode>vernichtung getrieben wird. Man wird ferner ver¬</Unicode>
               </TextEquiv>
            </TextLine>
            <TextLine id="l_111" custom="readingOrder {index:27;}">
               <Coords points="2704,1476 3558,1471 3547,1428 2704,1438"/>
               <Baseline points="2710,1461 3561,1463"/>
               <TextEquiv>
                  <Unicode>stehen, daß der Dichter in der Schneeballschlacht</Unicode>
               </TextEquiv>
            </TextLine>
            <TextLine id="l_115" custom="readingOrder {index:28;}">
               <Coords points="2707,1508 3528,1505 3563,1474 2708,1478"/>
               <Baseline points="2713,1506 3565,1496"/>
               <TextEquiv>
                  <Unicode>auf seine eigene Kindheit zurückgreift und an ihr</Unicode>
               </TextEquiv>
            </TextLine>
            <TextLine id="l_119" custom="readingOrder {index:29;}">
               <Coords points="2702,1544 3562,1539 3562,1502 3506,1497 2702,1512"/>
               <Baseline points="2708,1543 3565,1533"/>
               <TextEquiv>
                  <Unicode>zum Verräter, zum Falschspieler wird, bis der</Unicode>
               </TextEquiv>
            </TextLine>
            <TextLine id="l_123" custom="readingOrder {index:30;}">
               <Coords points="2702,1578 3564,1570 3557,1532 2703,1545"/>
               <Baseline points="2708,1574 3567,1562"/>
               <TextEquiv>
                  <Unicode>Schutzengel des getöteten Kindes ihm die ent¬</Unicode>
               </TextEquiv>
            </TextLine>
            <TextLine id="l_127" custom="readingOrder {index:31;}">
               <Coords points="2702,1610 3557,1607 3542,1564 2703,1578"/>
               <Baseline points="2708,1607 3559,1594"/>
               <TextEquiv>
                  <Unicode>wendete Karte aus der Hand nimmt — und daß</Unicode>
               </TextEquiv>
            </TextLine>
            <TextLine id="l_131" custom="readingOrder {index:32;}">
               <Coords points="2700,1639 3551,1642 3560,1610 2701,1607"/>
               <Baseline points="2706,1638 3561,1627"/>
               <TextEquiv>
                  <Unicode>er dann zum zweiten Male sterben muß, während</Unicode>
               </TextEquiv>
            </TextLine>
            <TextLine id="l_135" custom="readingOrder {index:33;}">
               <Coords points="2704,1677 3558,1671 3513,1631 2704,1642"/>
               <Baseline points="2710,1672 3561,1666"/>
               <TextEquiv>
                  <Unicode>sein Werk sich von ihm trennt und ein selbstän¬</Unicode>
               </TextEquiv>
            </TextLine>
            <TextLine id="l_208" custom="readingOrder {index:34;}">
               <Coords points="2702,1708 3564,1711 3545,1667 2702,1678"/>
               <Baseline points="2708,1705 3567,1702"/>
               <TextEquiv>
                  <Unicode>diges Leben einnimmt. Das entspricht etwa der</Unicode>
               </TextEquiv>
            </TextLine>
            <TextLine id="l_212" custom="readingOrder {index:35;}">
               <Coords points="2704,1739 3559,1744 3535,1701 2704,1708"/>
               <Baseline points="2710,1738 3562,1738"/>
               <TextEquiv>
                  <Unicode>Ansicht Cocteaus, daß der Dichter von seinem</Unicode>
               </TextEquiv>
            </TextLine>
            <TextLine id="l_216" custom="readingOrder {index:36;}">
               <Coords points="2699,1776 3561,1778 3549,1741 2699,1745"/>
               <Baseline points="2705,1775 3564,1770"/>
               <TextEquiv>
                  <Unicode>Werk „gehaßt und verschlungen“ werde, und daß</Unicode>
               </TextEquiv>
            </TextLine>
            <TextLine id="l_220" custom="readingOrder {index:37;}">
               <Coords points="2704,1816 3558,1800 3519,1770 2704,1794"/>
               <Baseline points="2710,1809 3560,1800"/>
               <TextEquiv>
                  <Unicode>„auf der Erde nicht gleichzeitig Platz sei für den</Unicode>
               </TextEquiv>
            </TextLine>
            <TextLine id="l_224" custom="readingOrder {index:38;}">
               <Coords points="2702,1846 3561,1867 3561,1798 2702,1817"/>
               <Baseline points="2708,1845 3564,1839"/>
               <TextEquiv>
                  <Unicode>Dichter und sein Werk". Cocteau hat zur Reali¬</Unicode>
               </TextEquiv>
            </TextLine>
            <TextLine id="l_228" custom="readingOrder {index:39;}">
               <Coords points="2709,1884 3562,1875 3562,1839 3413,1862 3373,1840 2709,1844"/>
               <Baseline points="2715,1872 3564,1870"/>
               <TextEquiv>
                  <Unicode>sation dieser Bilder — die eine Art von Visionen</Unicode>
               </TextEquiv>
            </TextLine>
            <TextLine id="l_232" custom="readingOrder {index:40;}">
               <Coords points="2700,1913 3429,1913 3561,1904 3562,1875 2700,1880"/>
               <Baseline points="2706,1912 3564,1902"/>
               <TextEquiv>
                  <Unicode>oder von Wachträumen sind — erstaunliche Mittel</Unicode>
               </TextEquiv>
            </TextLine>
            <TextLine id="l_236" custom="readingOrder {index:41;}">
               <Coords points="2707,1951 3560,1940 3552,1903 2707,1912"/>
               <Baseline points="2713,1946 3562,1940"/>
               <TextEquiv>
                  <Unicode>gefunden. Er hat sich allerdings keine „Tricks“</Unicode>
               </TextEquiv>
            </TextLine>
            <TextLine id="l_240" custom="readingOrder {index:42;}">
               <Coords points="2704,1984 3472,1977 3417,1940 2706,1953"/>
               <Baseline points="2710,1977 3474,1975"/>
               <TextEquiv>
                  <Unicode>ausgedacht, um das Publikum zu betrügen.\:p\</Unicode>
               </TextEquiv>
            </TextLine>
            <TextLine id="l_244" custom="readingOrder {index:43;}">
               <Coords points="2760,2027 3559,2015 3542,1970 2760,1988"/>
               <Baseline points="2766,2014 3562,2016"/>
               <TextEquiv>
                  <Unicode>\p\Er sagte, daß man daran gar nicht denke; die</Unicode>
               </TextEquiv>
            </TextLine>
            <TextLine id="l_248" custom="readingOrder {index:44;}">
               <Coords points="2704,2057 3559,2051 3559,2014 3066,2037 2704,2013"/>
               <Baseline points="2710,2055 3562,2050"/>
               <TextEquiv>
                  <Unicode>Filmtätigkeit gleiche einem Nachtwandlerzustand,</Unicode>
               </TextEquiv>
            </TextLine>
            <TextLine id="l_252" custom="readingOrder {index:45;}">
               <Coords points="2704,2089 3492,2087 3567,2058 2706,2059"/>
               <Baseline points="2710,2087 3568,2077"/>
               <TextEquiv>
                  <Unicode>und jeder habe seine eigene, von ihm selbst erfun¬</Unicode>
               </TextEquiv>
            </TextLine>
            <TextLine id="l_256" custom="readingOrder {index:46;}">
               <Coords points="2698,2120 3562,2118 3562,2090 3511,2080 2698,2095"/>
               <Baseline points="2704,2116 3564,2110"/>
               <TextEquiv>
                  <Unicode>dene Filmtechnik. Man empfindet das beim An¬</Unicode>
               </TextEquiv>
            </TextLine>
            <TextLine id="l_260" custom="readingOrder {index:47;}">
               <Coords points="2706,2154 3564,2150 3564,2117 3485,2110 2706,2121"/>
               <Baseline points="2712,2149 3566,2149"/>
               <TextEquiv>
                  <Unicode>blick des Films: Man empfindet noch die Spuren</Unicode>
               </TextEquiv>
            </TextLine>
            <TextLine id="l_264" custom="readingOrder {index:48;}">
               <Coords points="2702,2188 3473,2194 3559,2181 3560,2156 2966,2153 2917,2177 2703,2154"/>
               <Baseline points="2708,2188 3562,2178"/>
               <TextEquiv>
                  <Unicode>der Arbeit, die plötzlichen Einfälle, die Erfin¬</Unicode>
               </TextEquiv>
            </TextLine>
            <TextLine id="l_268" custom="readingOrder {index:49;}">
               <Coords points="2702,2228 3568,2222 3552,2182 2702,2188"/>
               <Baseline points="2708,2219 3570,2215"/>
               <TextEquiv>
                  <Unicode>dungen, die dem intensiven Wunsch gefolgt sind,</Unicode>
               </TextEquiv>
            </TextLine>
            <TextLine id="l_272" custom="readingOrder {index:50;}">
               <Coords points="2698,2262 3560,2262 3572,2228 2699,2225"/>
               <Baseline points="2704,2256 3574,2250"/>
               <TextEquiv>
                  <Unicode>irgendein Gefühl sichtbar und begreiflich zu</Unicode>
               </TextEquiv>
            </TextLine>
            <TextLine id="l_276" custom="readingOrder {index:51;}">
               <Coords points="2700,2292 3561,2289 3547,2249 2700,2267"/>
               <Baseline points="2706,2289 3564,2278"/>
               <TextEquiv>
                  <Unicode>machen. So stößt der Dichter durch den Spiegel,</Unicode>
               </TextEquiv>
            </TextLine>
            <TextLine id="l_280" custom="readingOrder {index:52;}">
               <Coords points="2700,2331 3559,2324 3537,2282 2700,2293"/>
               <Baseline points="2706,2321 3562,2313"/>
               <TextEquiv>
                  <Unicode>stürzt mit einem Schrei auf sein eigenes Bild und</Unicode>
               </TextEquiv>
            </TextLine>
            <TextLine id="l_284" custom="readingOrder {index:53;}">
               <Coords points="2700,2360 3571,2347 3541,2316 2700,2331"/>
               <Baseline points="2706,2354 3574,2344"/>
               <TextEquiv>
                  <Unicode>schwimmt durch die Tiefe eines unendlichen dunk¬</Unicode>
               </TextEquiv>
            </TextLine>
            <TextLine id="l_288" custom="readingOrder {index:54;}">
               <Coords points="2700,2390 3571,2381 3561,2349 2700,2363"/>
               <Baseline points="2706,2385 3574,2381"/>
               <TextEquiv>
                  <Unicode>len Meeres davon, und man sieht seine tastenden</Unicode>
               </TextEquiv>
            </TextLine>
            <TextLine id="l_292" custom="readingOrder {index:55;}">
               <Coords points="2700,2424 3568,2414 3545,2381 2700,2398"/>
               <Baseline points="2706,2420 3570,2412"/>
               <TextEquiv>
                  <Unicode>und langsam rudernden Arme, seinen weißen Leib</Unicode>
               </TextEquiv>
            </TextLine>
            <TextLine id="l_296" custom="readingOrder {index:56;}">
               <Coords points="2704,2463 3569,2453 3552,2416 2704,2438"/>
               <Baseline points="2710,2455 3570,2447"/>
               <TextEquiv>
                  <Unicode>allmählich verschwinden, bis er in jenem Hotel</Unicode>
               </TextEquiv>
            </TextLine>
            <TextLine id="l_300" custom="readingOrder {index:57;}">
               <Coords points="2700,2492 3568,2488 3541,2451 2700,2462"/>
               <Baseline points="2706,2478 3570,2482"/>
               <TextEquiv>
                  <Unicode>der merkwürdigen Abenteuer wieder Fuß faßt,</Unicode>
               </TextEquiv>
            </TextLine>
            <TextLine id="l_304" custom="readingOrder {index:58;}">
               <Coords points="2698,2526 3568,2523 3545,2486 2698,2499"/>
               <Baseline points="2704,2525 3570,2519"/>
               <TextEquiv>
                  <Unicode>von Türe zu Türe geht und die Verirrungen und</Unicode>
               </TextEquiv>
            </TextLine>
            <TextLine id="l_308" custom="readingOrder {index:59;}">
               <Coords points="2698,2557 3558,2560 3558,2524 3526,2518 2698,2539"/>
               <Baseline points="2704,2556 3560,2547"/>
               <TextEquiv>
                  <Unicode>abwegigen Leiden der Bewohner belauscht. Er</Unicode>
               </TextEquiv>
            </TextLine>
            <TextLine id="l_312" custom="readingOrder {index:60;}">
               <Coords points="2706,2595 3546,2591 3546,2561 3498,2554 2706,2561"/>
               <Baseline points="2712,2593 3548,2588"/>
               <TextEquiv>
                  <Unicode>sieht die Schatten der Opiumraucher, die ver¬</Unicode>
               </TextEquiv>
            </TextLine>
            <TextLine id="l_316" custom="readingOrder {index:61;}">
               <Coords points="2703,2629 3564,2620 3564,2581 2703,2595"/>
               <Baseline points="2709,2628 3567,2614"/>
               <TextEquiv>
                  <Unicode>schlungenen Glieder der Hermaphroditen, die, wie</Unicode>
               </TextEquiv>
            </TextLine>
            <TextLine id="l_320" custom="readingOrder {index:62;}">
               <Coords points="2699,2665 3563,2661 3563,2628 3484,2617 2699,2646"/>
               <Baseline points="2705,2661 3565,2653"/>
               <TextEquiv>
                  <Unicode>aus einer Schießbude geschossen, sich auf ihrem</Unicode>
               </TextEquiv>
            </TextLine>
            <TextLine id="l_324" custom="readingOrder {index:63;}">
               <Coords points="2701,2699 3558,2690 3537,2653 2701,2669"/>
               <Baseline points="2707,2692 3561,2682"/>
               <TextEquiv>
                  <Unicode>Lager aufbauen, und die schellenbehangene Gestalt</Unicode>
               </TextEquiv>
            </TextLine>
            <TextLine id="l_328" custom="readingOrder {index:64;}">
               <Coords points="2697,2736 3557,2728 3549,2687 2698,2696"/>
               <Baseline points="2703,2733 3559,2723"/>
               <TextEquiv>
                  <Unicode>der kleinen Diebin, welche „fliegen und stehlen“</Unicode>
               </TextEquiv>
            </TextLine>
            <TextLine id="l_332" custom="readingOrder {index:65;}">
               <Coords points="2697,2767 3564,2767 3564,2731 3507,2723 2697,2739"/>
               <Baseline points="2703,2766 3567,2753"/>
               <TextEquiv>
                  <Unicode>lernt und schließlich mit bleich verzerrtem Frätzchen</Unicode>
               </TextEquiv>
            </TextLine>
            <TextLine id="l_336" custom="readingOrder {index:66;}">
               <Coords points="2701,2803 3562,2796 3537,2756 2701,2766"/>
               <Baseline points="2707,2786 3565,2784"/>
               <TextEquiv>
                  <Unicode>der Zimmerdecke entlang kriecht oder wie ein klei¬</Unicode>
               </TextEquiv>
            </TextLine>
            <TextLine id="l_340" custom="readingOrder {index:67;}">
               <Coords points="2699,2826 3583,2819 3482,2785 2699,2806"/>
               <Baseline points="2705,2825 3586,2819"/>
               <TextEquiv>
                  <Unicode>ner Barockengel an der Wand angeheftet wird. —</Unicode>
               </TextEquiv>
            </TextLine>
            <TextLine id="l_344" custom="readingOrder {index:68;}">
               <Coords points="2709,2869 3560,2868 3553,2818 2709,2832"/>
               <Baseline points="2715,2860 3563,2852"/>
               <TextEquiv>
                  <Unicode>Man sieht, wie der Beobachter am Schlüsselloch</Unicode>
               </TextEquiv>
            </TextLine>
            <TextLine id="l_348" custom="readingOrder {index:69;}">
               <Coords points="2704,2897 3548,2890 3528,2857 2706,2868"/>
               <Baseline points="2711,2895 3551,2885"/>
               <TextEquiv>
                  <Unicode>tatsächlich „den Boden unter den Füßen verliert“,</Unicode>
               </TextEquiv>
            </TextLine>
            <TextLine id="l_352" custom="readingOrder {index:70;}">
               <Coords points="2699,2928 3560,2930 3560,2896 3505,2891 2699,2904"/>
               <Baseline points="2705,2928 3563,2920"/>
               <TextEquiv>
                  <Unicode>wie er sich am Rahmen der Türe festklammert,</Unicode>
               </TextEquiv>
            </TextLine>
            <TextLine id="l_356" custom="readingOrder {index:71;}">
               <Coords points="2693,2968 3569,2964 3505,2925 2693,2944"/>
               <Baseline points="2700,2967 3571,2961"/>
               <TextEquiv>
                  <Unicode>und wie Entsetzen und Abscheu ihn überwältigen.</Unicode>
               </TextEquiv>
            </TextLine>
            <TextLine id="l_360" custom="readingOrder {index:72;}">
               <Coords points="2711,3002 3564,2995 3565,2961 2712,2968"/>
               <Baseline points="2717,3000 3567,2994"/>
               <TextEquiv>
                  <Unicode>Im zweiten Teil ist die Schneeballschlacht der</Unicode>
               </TextEquiv>
            </TextLine>
            <TextLine id="l_364" custom="readingOrder {index:73;}">
               <Coords points="2704,3037 3564,3031 3558,2993 2704,3004"/>
               <Baseline points="2711,3037 3567,3025"/>
               <TextEquiv>
                  <Unicode>Schulknaben von so starker Realistik, daß die plötz¬</Unicode>
               </TextEquiv>
            </TextLine>
            <TextLine id="l_368" custom="readingOrder {index:74;}">
               <Coords points="2701,3068 3567,3062 3567,3031 3525,3027 2701,3037"/>
               <Baseline points="2707,3068 3569,3061"/>
               <TextEquiv>
                  <Unicode>lich in dem düsteren, schneebedeckten Hof gespielte</Unicode>
               </TextEquiv>
            </TextLine>
            <TextLine id="l_372" custom="readingOrder {index:75;}">
               <Coords points="2701,3106 3558,3098 3558,3062 2701,3067"/>
               <Baseline points="2707,3105 3561,3092"/>
               <TextEquiv>
                  <Unicode>Kartenpartie in Frack und Abendkleid und die</Unicode>
               </TextEquiv>
            </TextLine>
            <TextLine id="l_376" custom="readingOrder {index:76;}">
               <Coords points="2696,3131 3569,3133 3569,3098 3494,3091 2696,3109"/>
               <Baseline points="2702,3131 3571,3133"/>
               <TextEquiv>
                  <Unicode>kleinen, in Theaterlogen verwandelten Balkone</Unicode>
               </TextEquiv>
            </TextLine>
            <TextLine id="l_380" custom="readingOrder {index:77;}">
               <Coords points="2713,3172 3563,3171 3571,3141 2713,3142"/>
               <Baseline points="2719,3166 3573,3162"/>
               <TextEquiv>
                  <Unicode>eine wahrhaft gespenstische Wirkung ausüben. Der</Unicode>
               </TextEquiv>
            </TextLine>
            <TextLine id="l_384" custom="readingOrder {index:78;}">
               <Coords points="2703,3208 3568,3199 3539,3163 2703,3173"/>
               <Baseline points="2709,3197 3569,3197"/>
               <TextEquiv>
                  <Unicode>Schutzengel [ev. Kommentar: Motiv] des Kindes, der lautlos und geschmei¬</Unicode>
               </TextEquiv>
            </TextLine>
            <TextLine id="l_388" custom="readingOrder {index:79;}">
               <Coords points="2693,3240 3502,3244 3570,3239 3571,3201 2693,3216"/>
               <Baseline points="2700,3240 3573,3236"/>
               <TextEquiv>
                  <Unicode>dig sich herabbewegende Neger, wird, als er sich</Unicode>
               </TextEquiv>
            </TextLine>
            <TextLine id="l_392" custom="readingOrder {index:80;}">
               <Coords points="2699,3273 3241,3271 3299,3300 3572,3273 3560,3237 2699,3246"/>
               <Baseline points="2705,3273 3575,3269"/>
               <TextEquiv>
                  <Unicode>über den toten Knaben beugt, auf sehr eigentüm¬</Unicode>
               </TextEquiv>
            </TextLine>
            <TextLine id="l_396" custom="readingOrder {index:81;}">
               <Coords points="2683,3315 3570,3303 3551,3270 2683,3281"/>
               <Baseline points="2690,3312 3571,3300"/>
               <TextEquiv>
                  <Unicode>liche Weise erleuchtet, bis sein dunkler Körper</Unicode>
               </TextEquiv>
            </TextLine>
            <TextLine id="l_400" custom="readingOrder {index:82;}">
               <Coords points="2692,3339 3569,3341 3538,3301 2692,3320"/>
               <Baseline points="2698,3339 3571,3335"/>
               <TextEquiv>
                  <Unicode>nur noch aus durchsichtig=gläserner Substanz zu</Unicode>
               </TextEquiv>
            </TextLine>
            <TextLine id="l_404" custom="readingOrder {index:83;}">
               <Coords points="2701,3385 3055,3373 3035,3359 2991,3362 2961,3338 2950,3349 2876,3336 2852,3353 2796,3338 2701,3344"/>
               <Baseline points="2707,3374 3058,3372"/>
               <TextEquiv>
                  <Unicode>bestehen scheint ...\:p\</Unicode>
               </TextEquiv>
            </TextLine>
            <TextLine id="l_408" custom="readingOrder {index:84;}">
               <Coords points="2744,3419 3560,3423 3560,3371 2744,3387"/>
               <Baseline points="2750,3415 3563,3411"/>
               <TextEquiv>
                  <Unicode>\p\Dies sind Beispiele, die kaum die unbeschreib¬</Unicode>
               </TextEquiv>
            </TextLine>
            <TextLine id="l_412" custom="readingOrder {index:85;}">
               <Coords points="2707,3451 3567,3445 3517,3411 2782,3428 2707,3406"/>
               <Baseline points="2713,3448 3569,3441"/>
               <TextEquiv>
                  <Unicode>liche Wirkung dieser Filmszenen andeuten können.</Unicode>
               </TextEquiv>
            </TextLine>
            <TextLine id="l_416" custom="readingOrder {index:86;}">
               <Coords points="2709,3488 3564,3479 3564,3452 3499,3444 2709,3451"/>
               <Baseline points="2715,3483 3567,3476"/>
               <TextEquiv>
                  <Unicode>Cocteau sagte, daß der Film eine wunderbare</Unicode>
               </TextEquiv>
            </TextLine>
            <TextLine id="l_429" custom="readingOrder {index:87;}">
               <Coords points="2699,3529 3558,3519 3568,3482 2700,3486"/>
               <Baseline points="2705,3520 3569,3511"/>
               <TextEquiv>
                  <Unicode>poetische Waffe sei. Er ist es bisher in den sel¬</Unicode>
               </TextEquiv>
            </TextLine>
            <TextLine id="l_433" custom="readingOrder {index:88;}">
               <Coords points="2700,3550 3578,3549 3537,3510 2700,3530"/>
               <Baseline points="2706,3546 3580,3540"/>
               <TextEquiv>
                  <Unicode>tensten Fällen gewesen. Aber Cocteau sagte auch,</Unicode>
               </TextEquiv>
            </TextLine>
            <TextLine id="l_437" custom="readingOrder {index:89;}">
               <Coords points="2697,3593 3446,3593 3568,3582 3569,3558 2698,3551"/>
               <Baseline points="2703,3588 3572,3577"/>
               <TextEquiv>
                  <Unicode>daß man während der Arbeit am Film sozusagen</Unicode>
               </TextEquiv>
            </TextLine>
            <TextLine id="l_446" custom="readingOrder {index:90;}">
               <Coords points="2703,3617 3564,3614 3521,3579 2703,3593"/>
               <Baseline points="2709,3616 3567,3610"/>
               <TextEquiv>
                  <Unicode>stehend schlafe, und das heiße soviel, wie unbe¬</Unicode>
               </TextEquiv>
            </TextLine>
            <TextLine id="l_442" custom="readingOrder {index:91;}">
               <Coords points="2695,3657 3567,3655 3551,3611 2695,3622"/>
               <Baseline points="2701,3651 3569,3648"/>
               <TextEquiv>
                  <Unicode>wußt sprechen und sein Inneres öffnen und</Unicode>
               </TextEquiv>
            </TextLine>
            <TextLine id="l_450" custom="readingOrder {index:92;}">
               <Coords points="2708,3688 3561,3682 3547,3649 2708,3657"/>
               <Baseline points="2714,3684 3564,3679"/>
               <TextEquiv>
                  <Unicode>Dinge sagen, die man sonst niemand anvertrauen</Unicode>
               </TextEquiv>
            </TextLine>
            <TextLine id="l_454" custom="readingOrder {index:93;}">
               <Coords points="2704,3723 3559,3718 3548,3679 2704,3688"/>
               <Baseline points="2711,3715 3562,3715"/>
               <TextEquiv>
                  <Unicode>würde. Auf diese Weise wird der Film allerdings</Unicode>
               </TextEquiv>
            </TextLine>
            <TextLine id="l_458" custom="readingOrder {index:94;}">
               <Coords points="2712,3761 3558,3760 3559,3718 3498,3714 2713,3724"/>
               <Baseline points="2718,3759 3561,3752"/>
               <TextEquiv>
                  <Unicode>zu einem kostbaren Ausdrucksmittel. Dies in einer</Unicode>
               </TextEquiv>
            </TextLine>
            <TextLine id="l_462" custom="readingOrder {index:95;}">
               <Coords points="2701,3796 3558,3787 3558,3758 3515,3753 2701,3769"/>
               <Baseline points="2707,3781 3561,3776"/>
               <TextEquiv>
                  <Unicode>Zeit, die das Daseinsrecht des Dichters haufig an¬</Unicode>
               </TextEquiv>
            </TextLine>
            <TextLine id="l_466" custom="readingOrder {index:96;}">
               <Coords points="2703,3825 3565,3818 3545,3784 2703,3796"/>
               <Baseline points="2709,3820 3568,3815"/>
               <TextEquiv>
                  <Unicode>zweifelt, weil er kein Verhältnis zu den Pro¬</Unicode>
               </TextEquiv>
            </TextLine>
            <TextLine id="l_470" custom="readingOrder {index:97;}">
               <Coords points="2703,3861 3558,3854 3547,3816 2704,3826"/>
               <Baseline points="2709,3860 3561,3846"/>
               <TextEquiv>
                  <Unicode>blemen der Masse hat, und weil die heutige</Unicode>
               </TextEquiv>
            </TextLine>
            <TextLine id="l_474" custom="readingOrder {index:98;}">
               <Coords points="2706,3895 3561,3885 3547,3850 2706,3860"/>
               <Baseline points="2712,3891 3564,3880"/>
               <TextEquiv>
                  <Unicode>Lebensweise den Menschen keine Muße zum</Unicode>
               </TextEquiv>
            </TextLine>
            <TextLine id="l_478" custom="readingOrder {index:99;}">
               <Coords points="2700,3928 3514,3927 3565,3889 2700,3894"/>
               <Baseline points="2706,3925 3567,3915"/>
               <TextEquiv>
                  <Unicode>Bücherlesen läßt! Man könnte in einer solchen</Unicode>
               </TextEquiv>
            </TextLine>
            <TextLine id="l_482" custom="readingOrder {index:100;}">
               <Coords points="2703,3963 3564,3951 3551,3918 2704,3926"/>
               <Baseline points="2709,3960 3567,3948"/>
               <TextEquiv>
                  <Unicode>Zeit die Hoffnung fassen, daß Cocteau durch das</Unicode>
               </TextEquiv>
            </TextLine>
            <TextLine id="l_486" custom="readingOrder {index:101;}">
               <Coords points="2706,3994 3568,3990 3568,3958 3496,3949 2706,3963"/>
               <Baseline points="2712,3994 3570,3989"/>
               <TextEquiv>
                  <Unicode>Mittel des Films einen neuen Weg der Verstän¬</Unicode>
               </TextEquiv>
            </TextLine>
            <TextLine id="l_490" custom="readingOrder {index:102;}">
               <Coords points="2704,4044 3564,4032 3551,3990 2706,3993"/>
               <Baseline points="2710,4031 3567,4022"/>
               <TextEquiv>
                  <Unicode>digung zwischen Dichter und Publikum gefunden\fml\\:p\</Unicode>
               </TextEquiv>
            </TextLine>
            <TextEquiv>
               <Unicode/>
            </TextEquiv>
         </TextRegion>
      </Page>
   </PcGts>
   <PcGts xmlns="http://schema.primaresearch.org/PAGE/gts/pagecontent/2013-07-15"
          xmlns:xsi="http://www.w3.org/2001/XMLSchema-instance"
          xsi:schemaLocation="http://schema.primaresearch.org/PAGE/gts/pagecontent/2013-07-15 http://schema.primaresearch.org/PAGE/gts/pagecontent/2013-07-15/pagecontent.xsd">
      <Metadata>
         <Creator>prov=READ-COOP:name=PyLaia@TranskribusPlatform:version=2.19.0:model_id=39995:lm=none:date=07_11_2024_14:36</Creator>
         <Created>2024-11-07T08:57:10.844+01:00</Created>
         <LastChange>2024-11-07T15:06:38.573+01:00</LastChange>
         <TranskribusMetadata docId="5036515"
                              pageId="82592015"
                              pageNr="2"
                              tsid="199854576"
                              status="IN_PROGRESS"
                              userId="194245"
                              imgUrl="https://files.transkribus.eu/Get?id=DLKBXTQLBIKYDNWUDDQPFJWB&amp;fileType=view"
                              xmlUrl="https://files.transkribus.eu/Get?id=IBTDCVFZFJLIKENEORCRQBSF"
                              imageId="67949710"/>
      </Metadata>
      <Page imageFilename="smallform_0033_002.jpg"
            imageWidth="3648"
            imageHeight="5512">
         <ReadingOrder>
            <OrderedGroup id="ro_1730988398573" caption="Regions reading order">
               <RegionRefIndexed index="0" regionRef="r"/>
            </OrderedGroup>
         </ReadingOrder>
         <TextRegion id="r" custom="readingOrder {index:0;}">
            <Coords points="102,1046 105,105 960,105 960,1037 960,1095 909,1095 105,1095"/>
            <TextLine id="l" custom="readingOrder {index:0;}">
               <Coords points="112,149 948,165 948,117 909,108 302,104 241,136 188,99 112,107"/>
               <Baseline points="117,144 951,150"/>
               <TextEquiv>
                  <Unicode>\p\\fml\habe ... Aber wer nur ein wenig mit den Wer¬</Unicode>
               </TextEquiv>
            </TextLine>
            <TextLine id="l_7" custom="readingOrder {index:1;}">
               <Coords points="112,181 947,197 947,166 871,151 839,172 112,150"/>
               <Baseline points="117,175 949,184"/>
               <TextEquiv>
                  <Unicode>ken Cocteaus und mit seiner besonderen Atmo¬</Unicode>
               </TextEquiv>
            </TextLine>
            <TextLine id="l_11" custom="readingOrder {index:2;}">
               <Coords points="108,217 912,234 958,225 957,196 107,189"/>
               <Baseline points="113,207 960,218"/>
               <TextEquiv>
                  <Unicode>sphäre vertraut ist, der wird zwar diese Atmo¬</Unicode>
               </TextEquiv>
            </TextLine>
            <TextLine id="l_15" custom="readingOrder {index:3;}">
               <Coords points="104,254 950,262 921,227 104,219"/>
               <Baseline points="110,245 953,256"/>
               <TextEquiv>
                  <Unicode>sphäre in Cocteaus Film auf überraschend ein¬</Unicode>
               </TextEquiv>
            </TextLine>
            <TextLine id="l_19" custom="readingOrder {index:4;}">
               <Coords points="107,289 948,295 948,261 892,255 709,279 107,251"/>
               <Baseline points="113,283 951,296"/>
               <TextEquiv>
                  <Unicode>dringliche Weise wiederfinden — aber er wird</Unicode>
               </TextEquiv>
            </TextLine>
            <TextLine id="l_23" custom="readingOrder {index:5;}">
               <Coords points="104,320 950,335 944,295 104,297"/>
               <Baseline points="110,319 953,323"/>
               <TextEquiv>
                  <Unicode>auch zugeben, daß dies ein Sonderfall ist und daß</Unicode>
               </TextEquiv>
            </TextLine>
            <TextLine id="l_27" custom="readingOrder {index:6;}">
               <Coords points="104,351 938,379 950,336 103,323"/>
               <Baseline points="110,348 953,355"/>
               <TextEquiv>
                  <Unicode>kaum ein dichterisches Werk so bildhaft verwend¬</Unicode>
               </TextEquiv>
            </TextLine>
            <TextLine id="l_31" custom="readingOrder {index:7;}">
               <Coords points="95,381 837,404 813,361 95,365"/>
               <Baseline points="101,380 839,395"/>
               <TextEquiv>
                  <Unicode>bar ist wie eben dasjenige Jean Cocteaus.\:p\</Unicode>
               </TextEquiv>
            </TextLine>
            <TextLine id="l_35" custom="readingOrder {index:8;}">
               <Coords points="154,417 948,431 947,394 915,388 839,412 154,396"/>
               <Baseline points="160,416 951,425"/>
               <TextEquiv>
                  <Unicode>\p\Dieser Dichter ist selbst auch Zeichner; er hat</Unicode>
               </TextEquiv>
            </TextLine>
            <TextLine id="l_39" custom="readingOrder {index:9;}">
               <Coords points="103,457 914,472 944,468 943,432 102,423"/>
               <Baseline points="108,447 947,460"/>
               <TextEquiv>
                  <Unicode>einen Kreis von Schülern und Freunden um sich</Unicode>
               </TextEquiv>
            </TextLine>
            <TextLine id="l_43" custom="readingOrder {index:10;}">
               <Coords points="104,490 950,497 950,471 899,463 104,458"/>
               <Baseline points="110,481 953,496"/>
               <TextEquiv>
                  <Unicode>versammelt, die die Züge seiner Zeichnungen tra¬</Unicode>
               </TextEquiv>
            </TextLine>
            <TextLine id="l_47" custom="readingOrder {index:11;}">
               <Coords points="98,522 955,537 955,500 890,493 98,502"/>
               <Baseline points="104,517 956,528"/>
               <TextEquiv>
                  <Unicode>gen, und er hat einen ganzen Ritus entwickelt,</Unicode>
               </TextEquiv>
            </TextLine>
            <TextLine id="l_51" custom="readingOrder {index:12;}">
               <Coords points="108,556 896,575 949,571 948,534 107,523"/>
               <Baseline points="113,553 951,562"/>
               <TextEquiv>
                  <Unicode>der nur ihm und seinem Kreis ganz zugänglich</Unicode>
               </TextEquiv>
            </TextLine>
            <TextLine id="l_55" custom="readingOrder {index:13;}">
               <Coords points="104,586 951,600 928,564 104,557"/>
               <Baseline points="110,582 953,595"/>
               <TextEquiv>
                  <Unicode>ist. Nur eine solche Welt läßt sich durch filmische</Unicode>
               </TextEquiv>
            </TextLine>
            <TextLine id="l_59" custom="readingOrder {index:14;}">
               <Coords points="102,619 933,642 950,604 656,618 450,588 419,618 101,590"/>
               <Baseline points="108,618 953,634"/>
               <TextEquiv>
                  <Unicode>Mittel einfangen, und in der fragmentarischen,</Unicode>
               </TextEquiv>
            </TextLine>
            <TextLine id="l_63" custom="readingOrder {index:15;}">
               <Coords points="101,660 956,672 955,640 917,634 100,626"/>
               <Baseline points="106,651 958,663"/>
               <TextEquiv>
                  <Unicode>unterbrochenen, episodenhaft dramatischen Form</Unicode>
               </TextEquiv>
            </TextLine>
            <TextLine id="l_67" custom="readingOrder {index:16;}">
               <Coords points="102,691 953,698 923,666 102,661"/>
               <Baseline points="108,687 956,699"/>
               <TextEquiv>
                  <Unicode>wiedergeben. Damit bleibt auch der Einwand be¬</Unicode>
               </TextEquiv>
            </TextLine>
            <TextLine id="l_71" custom="readingOrder {index:17;}">
               <Coords points="105,730 953,736 927,700 104,691"/>
               <Baseline points="110,723 956,730"/>
               <TextEquiv>
                  <Unicode>stehen, daß gerade dieser merkwürdige und ab¬</Unicode>
               </TextEquiv>
            </TextLine>
            <TextLine id="l_75" custom="readingOrder {index:18;}">
               <Coords points="95,755 956,771 955,741 896,728 95,729"/>
               <Baseline points="101,753 958,768"/>
               <TextEquiv>
                  <Unicode>wegige Film wie die ganze poetische Welt Coc¬</Unicode>
               </TextEquiv>
            </TextLine>
            <TextLine id="l_79" custom="readingOrder {index:19;}">
               <Coords points="107,795 899,809 948,801 948,769 106,764"/>
               <Baseline points="113,777 951,795"/>
               <TextEquiv>
                  <Unicode>teaus zwar ein ästhetisches Publikum interessieren,</Unicode>
               </TextEquiv>
            </TextLine>
            <TextLine id="l_83" custom="readingOrder {index:20;}">
               <Coords points="100,829 957,840 940,803 100,794"/>
               <Baseline points="106,829 958,836"/>
               <TextEquiv>
                  <Unicode>einen gewissen Kreis von Menschen ergreifen wird</Unicode>
               </TextEquiv>
            </TextLine>
            <TextLine id="l_87" custom="readingOrder {index:21;}">
               <Coords points="93,857 950,876 950,842 898,837 93,838"/>
               <Baseline points="99,856 953,869"/>
               <TextEquiv>
                  <Unicode>— daß er aber ein Sonderfall ist und der breiten</Unicode>
               </TextEquiv>
            </TextLine>
            <TextLine id="l_91" custom="readingOrder {index:22;}">
               <Coords points="100,897 924,914 951,876 341,862 306,887 99,858"/>
               <Baseline points="106,896 953,908"/>
               <TextEquiv>
                  <Unicode>Masse der Kinobesucher kaum geboten werden</Unicode>
               </TextEquiv>
            </TextLine>
            <TextLine id="l_95" custom="readingOrder {index:23;}">
               <Coords points="100,931 953,941 914,905 100,897"/>
               <Baseline points="106,923 956,937"/>
               <TextEquiv>
                  <Unicode>kann. Nur wer über die Möglichkeiten und über</Unicode>
               </TextEquiv>
            </TextLine>
            <TextLine id="l_99" custom="readingOrder {index:24;}">
               <Coords points="98,962 946,979 946,940 97,931"/>
               <Baseline points="104,955 949,971"/>
               <TextEquiv>
                  <Unicode>die künstlerischen Funktionen des Films nachdenkt,</Unicode>
               </TextEquiv>
            </TextLine>
            <TextLine id="l_103" custom="readingOrder {index:25;}">
               <Coords points="98,1002 949,1016 929,973 98,962"/>
               <Baseline points="104,998 951,1009"/>
               <TextEquiv>
                  <Unicode>wird auch die prinzipielle wegweisende Bedeutung</Unicode>
               </TextEquiv>
            </TextLine>
            <TextLine id="l_107" custom="readingOrder {index:26;}">
               <Coords points="98,1039 958,1039 855,1006 98,997"/>
               <Baseline points="104,1029 960,1040"/>
               <TextEquiv>
                  <Unicode>des Films von Cocteau richtig einschätzen können.\:p\</Unicode>
               </TextEquiv>
            </TextLine>
            <TextLine id="l_112" custom="readingOrder {index:27;}">
               <Coords points="452,1088 518,1075 539,1089 709,1090 736,1076 912,1091 900,1040 452,1041"/>
               <Baseline points="457,1065 913,1072"/>
               <TextEquiv>
                  <Unicode>\p\Annemarie Schwarzenbach.\:p\</Unicode>
               </TextEquiv>
            </TextLine>
            <TextEquiv>
               <Unicode/>
            </TextEquiv>
         </TextRegion>
      </Page>
   </PcGts>
</validation-wrapper>
