1864 2814
1011 1480 1635 1521 THOMAS WOLFE, SCHAU HEIM-
1014 1522 1316 1570 WÄRTS, ENGEL
1007 1580 1591 1626 (Deutsch bei Ernst Rowohlt 1932)
1005 1635 1694 1682 \p\Eine Geschichte vom begrabenen Leben
1006 1683 1693 1723 nennt Thomas Wolfe sein Buch, und
1004 1736 1690 1770 nimmt damit Vieles vorweg was wir
1004 1772 1690 1810 nachher deutlich erfahren: es ist das
1003 1813 1687 1857 Buch eines Mannes der lange geschwie¬
1005 1859 1682 1906 gen hat, und der nun in die Tiefe zu¬
1005 1906 1689 1946 rückgreift, in dunkle Schächte halb
1007 1947 1691 1992 verschütteten Bewusstseins — und was
1002 1995 1687 2035 er erzählt wird eine Gesamtschau, eine
1008 2034 1679 2081 Welt an Gesichten, Eindrücken, Erleb¬
1002 2082 1679 2122 nissen, Schmerzen. An Verbundenhei¬
1003 2130 1680 2170 ten grosser und kleiner, immer tragi¬
1000 2170 1689 2218 scher Art. An Leidenschaften. Denn es
999 2219 1683 2259 ist eine Geschichte unheilvoller Leiden¬
997 2258 1667 2305 schaften, einer von ihnen tragisch ver¬
1001 2307 1687 2347 folgten und zusammengeschmiedeten
1001 2347 1686 2394 Familie. Wir erfahren es nicht wie man
997 2394 1686 2442 sonst eine Geschichte erzählt bekommt
1002 2434 1676 2482 — nein, wir werden gezwungen, teilzu¬
997 2482 1687 2530 nehmen, werden mitten hinein gestellt.\:p\
194 247 870 291 \p\Wir hassen Steve den Aeltesten, weil er
187 291 872 336 lasterhaft, frech und widerwärtig ist,
190 339 874 378 aber wir verstehen dass er irgendwie
190 380 870 426 doch mitgenommen wird, weil er der
189 427 876 474 Bruder ist, dazu gehört — und ebenso
196 466 877 522 wenig lehnen wir uns auf gegen Gant,
191 514 875 562 den Vater, den notorischen Säufer mit
191 559 870 600 den pathetischen Gebärden des Genia-
189 602 879 650 len und Ungenügenden, wir nehmen teil
193 651 878 691 an seiner Ruhelosigkeit die ihn treibt
195 698 879 738 plötzlich monatelang zu verschwinden
193 738 878 786 aus der kleinen amerikanischen Stadt,
196 786 872 834 dann wieder aufzutauchen, triumphie¬
195 825 877 875 rend und rasend erfüllt von den Namen
200 868 884 914 der grossen Welt die er durchstürmt hat
215 915 881 961 – Arizona Colorado Kalifornien – 550
196 961 882 1010 Seiten lang ertragen wir sein Jammern
200 1010 882 1050 um das verlorene Leben, seine seichten
202 1051 882 1098 anklägerischen Lügen, seine Bosheit,
202 1099 877 1146 sein Gezank mit Eliza — 550 Seiten lang
202 1146 881 1185 sehen wir sie am Herd stehen, mit ris¬
201 1188 882 1234 sigen roten Händen, keifender Stimme,
205 1235 883 1274 auch sie jammernd, drohend, mit Bo¬
205 1275 876 1322 denspekulationen beschäftigt, — wie¬
210 1321 885 1363 viel Rührendes in dieser Figur, wieviel
205 1371 876 1410 Armseligkeit, Gier, Härte neben scham¬
206 1409 885 1458 haft zurückgehaltener, zuweilen aber
209 1451 888 1498 echt und grossartig hervor brechender
205 1498 889 1546 Zärtlichkeit für die Söhne — Lukas, den
214 1546 890 1587 Grossherzigen, den Stotterer mit dem
209 1587 891 1634 idiotischen Lachen, den Geschäftigen,
212 1634 891 1682 der als Seemann endet — Eugen, den
211 1674 890 1722 Zarten, Jüngsten, das Füllen das sich
212 1731 889 1771 ungelenk auswächst, Schulen besucht,
213 1770 884 1810 zur Universität geht, der Stolz der Fa-
215 1811 890 1858 milie wird — immer unwirsch, halb auf
214 1858 894 1907 der Flucht, einsam auch er, verloren
212 1898 888 1947 auch er, und den Anderen dunkel¬
213 1945 895 1994 schmerzlich zugesellt — Helene, das
213 1994 897 2034 knöcherne, amerikanische Mädchen, die
217 2042 893 2081 es schon als Kind versteht den betrun¬
217 2082 898 2130 ken tobenden Vater zu bändigen und
216 2130 897 2169 einzuschüchtern und darob in eifersüch¬
222 2177 847 2218 tigen Zwist mit der Mutter gerät –
222 2219 901 2258 und endlich Ben, den „Stillen” nennen
223 2258 893 2303 sie ihn, er ist die sonderbarste und er¬
221 2307 902 2355 greifendste Figur des Buches, fast steht
226 2356 902 2394 er uns näher als der eigentliche Held,
226 2394 905 2434 Eugen, — oder ist unser Verhältnis zu
224 2444 903 2483 ihm nur durch die besondere Trauer so
226 2482 903 2530 innig die ihn begleitet — die spöttisch
921 242 1601 291 ertragene Krankheit, seine leidenschaft-
918 290 1587 338 lichen Versuche, als Soldat in den Krieg
920 340 1606 378 zu gehen, die ingrimmige Kränkung als
921 386 1610 426 der Arzt es ihm verbietet — und dann
922 426 1579 474 seine intimen und wegwerfenden resi¬
921 477 1562 513 nierten Gespräche mit seinem Engel –
926 515 1605 562 „Ach du lieber Gott” sagt er zu ihm,
927 562 1610 611 „nun hör dir das bitte an" — wie ein
926 602 1610 650 Anderer mit den Achseln zuckt oder
925 650 1590 690 enerviert — überlegen den Mund ver¬
925 690 1611 738 zieht..... [corr: ...] es ist uns nachher durchaus
929 738 1610 786 verständlich, es kann nicht anders sein
925 778 1610 826 als dass gerade Ben sterben muss — und
927 827 1613 872 doch ist uns sein Tod entsetzlich und
931 874 1610 914 erfüllt uns mit bestürzter Trauer. Und
930 917 1612 962 dieser Abschnitt des Buches ist vielleicht
930 962 1611 1002 der beste und erschütterndste. Kein Zy¬
929 1002 1614 1051 nismus im Benehmen der Brüder Eugen
933 1049 1614 1097 und Lukas, die gegen Morgen in der
929 1098 1614 1138 Kneipe in unbeherrschtes wieherndes
934 1140 1618 1186 Gelächter ausbrechen und blödsinnige
937 1188 1612 1234 Witze austauschen — und beim Lei¬
934 1227 1618 1275 chenbestatter wiederholt es sich, da hat
931 1277 1620 1321 ihre Lustigkeit schon etwas Grausiges.
956 1322 1617 1363 – Aber nein, kein Zynismus, dieses
933 1362 1618 1409 Buch ist erstaunlich unzynisch dafür
938 1413 1612 1450 dass es so durchaus amerikanisch, un¬
937 1450 1622 1506 geschminkt, erbarmungslos ist — Wor¬
937 1498 1623 1545 an liegt das? Gewiss doch daran dass
941 1539 1618 1586 Thomas Wolfe nicht von aussen her er¬
937 1586 1623 1634 zählt, nichts aufdecken will, keinen
937 1635 1581 1673 Rahmen, keine kritische Warte sucht –
940 1675 1625 1721 er hat erlebt, und stösst es jetzt von
940 1722 1625 1770 sich, als könne er die Erinnerungen
942 1767 1624 1809 nicht mehr länger tragen, sie brechen
939 1810 1623 1858 hervor, das Buch ist von innen heraus
954 1851 1623 1906 geschrieben unmittelbar angeschaut.
949 1899 1619 1946 Wir haben in der neueren Literatur vie¬
943 1946 1625 1986 le grosse Familienromane — von den
945 1987 1571 2034 Buddenbrooks bis zur Forsytesage –
947 2037 1626 2082 aber noch nie ist die Familie an sich
945 2074 1627 2122 mit so erbarmungsloser und fesselnder
945 2122 1629 2170 Einseitigkeit in den Mittelpunkt gerückt
949 2162 1624 2207 worden. Thomas Wolfe ist es nicht dar¬
949 2209 1628 2259 um zu tun, etwas Typisches zu schil¬
950 2257 1622 2298 dern, ein Generationen — ein Verfalls¬
953 2298 1630 2354 problem. Er behauptet nicht, dass auch
949 2347 1624 2394 nur eine zweite Familie in der amerika¬
949 2393 1631 2434 nischen Provinz so leben oder so zu
953 2435 1633 2482 Grunde gehen müsse, er fordert keine
950 2482 1627 2522 sozialen Misstände, keine Um- und Zu-\fml\\:p\
287 231 971 281 \p\\fml\stände in die Schranken. Auf all das
293 283 973 330 verzichtet er, ihm genügt die Familie
286 333 975 370 Gant, und so erhebt er die Familie selbst
284 372 700 418 zum tragischen Thema.\:p\
283 420 969 459 \p\Die Frage der Technik erübrigt sich
286 466 966 503 — denn auch formal verzichtet der Au¬
283 507 967 551 tor auf eine festere Struktur, nicht ein¬
282 554 971 593 mal Anfang und Ende, Aufstieg und
282 596 968 640 Niedergang, was er gibt ist eine chaoti¬
283 644 969 682 sche Flut, die uns mitführt und beinahe
278 691 972 730 erdrückt, eine Flut zusammengesetzt aus
282 731 971 778 lauter Wirklichkeiten, die eindringlich
285 778 601 826 wie Visionen sind.\:p\
283 818 972 866 \p\Fast wird es zu viel, fast erschöpft es
280 866 972 906 sich gegen Ende des Buches — aber da
283 914 970 954 folgt noch einmal eine schöne, und nun
283 954 967 1002 fast beschwichtigende Szene: Eugen,
278 1003 970 1042 beim Abschiednehmen, begegnet nicht
281 1043 970 1089 seinem Engel, nicht dem verlorenen,
283 1091 962 1130 vom Wind gekränkten Gespenst, son-
283 1138 970 1178 dern dem toten Ben, — und wie er im
278 1180 970 1218 Mondschein auf der Strasse steht, sich
281 1226 961 1266 an eine Mauer lehnt, zu sprechen be¬
278 1266 964 1314 ginnt — das ist wieder von höchst son¬
279 1316 953 1362 derbarer und glaubwürdiger Traurig¬
281 1354 958 1401 keit mit jenem Tropfen überkluger Iro¬
280 1411 965 1450 nie, die den von sich selbst besessenen,
280 1452 969 1490 und doch ihrem Engel zugewandten
282 1490 557 1539 Gants eigen ist.\:p\
341 1540 972 1578 \p\ANNEMARIE SCHWARZENBACH\:p\
