3784 5432
1886 4261 2440 4316 Abenteuer von \g\Klaus Mann\:g\.[Schlagwörter: Ästhetik, Jugend]
1933 4309 2732 4348 \p\A. Schw. Diese stürmischen, von Abenteuer und
1885 4334 2732 4389 Exzentrizität getriebenen Novellen, scheinen dazu
1890 4382 2733 4419 angetan, das Publikum zu erschrecken und ihm die
1881 4419 2734 4460 Loslösung heutiger Jugend in krassester Form vor
1872 4456 2727 4484 Augen zu führen. Klaus Mann schreibt unzwei¬
1880 4482 2732 4525 deutig und glänzend zugleich, seine Aufrichtigkeit
1872 4529 2730 4557 macht das Abstoßende erträglich, sein bezaubern¬
1876 4556 2732 4598 der Stil reißt die Widerstrebendsten mit in die
1883 4589 2729 4633 Buntheit und in die Tragik seiner Schicksale. Da-
1872 4627 2730 4669 zwischen sind zarte Stellen von großer Schönheit,
1877 4666 2723 4701 die tief und schmerzlich an die unsagbaren Kon¬
1875 4698 2724 4737 flikte auch des freiesten Lebens rühren, und über
1880 4731 2730 4767 den drei Novellen steht die Schwermut des Unab¬
1878 4763 2722 4804 wendbaren. Man kann dieses Buch lieben oder es
1878 4800 2730 4854 ablehnen, aber unleugbar trägt es das Zeichen
1883 4834 2097 4887 des Talents.\:p\
