<?xml version="1.0" encoding="UTF-8"?>
<validation-wrapper>
   <PcGts xmlns="http://schema.primaresearch.org/PAGE/gts/pagecontent/2013-07-15">
      <Metadata>
         <Creator>prov=READ-COOP:name=PyLaia@TranskribusPlatform:version=2.47.0:model_id=39995:lm=none:date=17_06_2026_22:55</Creator>
         <Created>2026-06-17T14:02:30.309+02:00</Created>
         <LastChange>2026-06-18T09:51:45.123+02:00</LastChange>
         <TranskribusMetadata docId="16922601"
                              pageId="122649936"
                              pageNr="1"
                              userId="194245"
                              imgUrl="https://files.transkribus.eu/Get?fileType=view&amp;id=OCGEVSNKPWPLHZHUFFNBSZTW"
                              imageId="104249692"/>
      </Metadata>
      <Page imageFilename="smallform_0548_001.jpg"
            imageWidth="3593"
            imageHeight="4502">
         <TextRegion orientation="0.0" id="tr_1" custom="readingOrder {index:0;}">
            <Coords points="519,252 519,4274 3448,4274 3448,252"/>
            <TextLine id="tr_1_tl_1" custom="readingOrder {index:0;}">
               <Coords points="534,363 1612,357 1612,252 534,258"/>
               <Baseline points="534,328 587,325 641,327 695,325 749,325 803,322 857,322 911,322 965,322 1019,322 1073,325 1126,325 1180,325 1234,325 1288,325 1342,328 1396,328 1450,328 1504,328 1558,328 1612,322"/>
               <TextEquiv>
                  <Unicode>Dr. Annemarie Schwarzenbach:</Unicode>
               </TextEquiv>
            </TextLine>
            <TextLine id="tr_1_tl_2" custom="readingOrder {index:1;}">
               <Coords points="1077,508 2451,514 2451,411 1077,405"/>
               <Baseline points="1077,474 1145,471 1214,471 1283,473 1351,474 1420,474 1489,474 1557,474 1626,474 1695,474 1764,477 1832,477 1901,477 1970,474 2038,476 2107,474 2176,477 2244,480 2313,480 2382,477 2451,480"/>
               <TextEquiv>
                  <Unicode>Das Beispiel der weiblichen Jugend</Unicode>
               </TextEquiv>
            </TextLine>
            <TextLine id="tr_1_tl_3" custom="readingOrder {index:2;}">
               <Coords points="1352,648 1839,657 1839,554 1352,545"/>
               <Baseline points="1352,614 1377,614 1403,614 1428,616 1454,617 1480,617 1505,617 1531,617 1557,619 1582,620 1608,620 1633,621 1659,623 1685,623 1710,623 1736,621 1762,620 1787,622 1813,623 1839,623"/>
               <TextEquiv>
                  <Unicode>in Portugal.</Unicode>
               </TextEquiv>
            </TextLine>
            <TextLine id="tr_1_tl_4" custom="readingOrder {index:3;}">
               <Coords points="540,941 3254,941 3254,838 540,838"/>
               <Baseline points="540,907 675,904 811,910 947,910 1082,910 1218,910 1354,907 1489,907 1625,907 1761,910 1897,908 2032,910 2168,913 2304,910 2439,910 2575,910 2711,913 2846,912 2982,910 3118,908 3254,907"/>
               <TextEquiv>
                  <Unicode>\p\50 000 portugiesische Mädchen gehören der nationalen Organisation der</Unicode>
               </TextEquiv>
            </TextLine>
            <TextLine id="tr_1_tl_5" custom="readingOrder {index:4;}">
               <Coords points="555,1078 3209,1099 3209,996 3076,987 555,975"/>
               <Baseline points="555,1044 687,1047 820,1050 953,1053 1085,1050 1218,1053 1351,1053 1483,1051 1616,1050 1749,1053 1882,1052 2014,1053 2147,1053 2280,1055 2412,1056 2545,1053 2678,1053 2810,1054 2943,1056 3076,1056 3209,1065"/>
               <TextEquiv>
                  <Unicode>"Mocidade Portuguesa Feminina" (Weibliche Portugiesische Jugend) an,</Unicode>
               </TextEquiv>
            </TextLine>
            <TextLine id="tr_1_tl_6" custom="readingOrder {index:5;}">
               <Coords points="546,1226 3254,1235 3254,1130 546,1121"/>
               <Baseline points="546,1191 681,1194 816,1194 952,1197 1087,1197 1223,1194 1358,1200 1493,1200 1629,1197 1764,1197 1900,1197 2035,1200 2170,1199 2306,1197 2441,1200 2577,1200 2712,1197 2847,1197 2983,1200 3118,1202 3254,1200"/>
               <TextEquiv>
                  <Unicode>die 1936 gleichzeitig mit der Knabenorganisation geschaffen wurde, und</Unicode>
               </TextEquiv>
            </TextLine>
            <TextLine id="tr_1_tl_7" custom="readingOrder {index:6;}">
               <Coords points="540,1366 3197,1381 3197,1276 540,1261"/>
               <Baseline points="540,1331 672,1337 805,1337 938,1337 1071,1340 1204,1338 1337,1340 1469,1338 1602,1340 1735,1338 1868,1340 2001,1340 2134,1340 2267,1343 2399,1343 2532,1343 2665,1343 2798,1343 2931,1340 3064,1340 3197,1346"/>
               <TextEquiv>
                  <Unicode>dem Erziehungsministerium untersteht. Die Teilnahme an der "Mocidade"</Unicode>
               </TextEquiv>
            </TextLine>
            <TextLine id="tr_1_tl_8" custom="readingOrder {index:7;}">
               <Coords points="540,1512 3433,1533 3433,1428 3288,1416 540,1407"/>
               <Baseline points="540,1477 684,1480 829,1480 973,1482 1118,1483 1263,1483 1407,1483 1552,1483 1697,1483 1841,1483 1986,1486 2131,1486 2275,1485 2420,1486 2565,1486 2709,1486 2854,1486 2999,1486 3143,1486 3288,1486 3433,1498"/>
               <TextEquiv>
                  <Unicode>ist für die Kinder vom 7. bis zum 14. Jahr obligatorisch, es ist aber selten,</Unicode>
               </TextEquiv>
            </TextLine>
            <TextLine id="tr_1_tl_9" custom="readingOrder {index:8;}">
               <Coords points="549,1656 3221,1671 3221,1566 549,1551"/>
               <Baseline points="549,1621 682,1627 816,1624 949,1627 1083,1624 1217,1627 1350,1630 1484,1627 1617,1627 1751,1630 1885,1627 2018,1630 2152,1628 2285,1630 2419,1632 2553,1630 2686,1632 2820,1633 2953,1633 3087,1630 3221,1636"/>
               <TextEquiv>
                  <Unicode>dass die Mädchen, die in den Rängen der "Lusitas" (7-10 Jahre) und der</Unicode>
               </TextEquiv>
            </TextLine>
            <TextLine id="tr_1_tl_10" custom="readingOrder {index:9;}">
               <Coords points="576,1790 3448,1811 3448,1706 576,1685"/>
               <Baseline points="576,1755 719,1765 863,1767 1006,1765 1150,1767 1294,1773 1437,1772 1581,1772 1724,1772 1868,1770 2012,1773 2155,1776 2299,1773 2442,1776 2586,1776 2730,1773 2873,1774 3017,1774 3160,1773 3304,1773 3448,1776"/>
               <TextEquiv>
                  <Unicode>Infantes" (10 bis 14 Jahre) das Leben in dieser sympathischen Gemeinschaft</Unicode>
               </TextEquiv>
            </TextLine>
            <TextLine id="tr_1_tl_11" custom="readingOrder {index:10;}">
               <Coords points="534,1939 3179,1954 3179,1849 534,1834"/>
               <Baseline points="534,1904 666,1907 798,1913 930,1913 1063,1911 1195,1913 1327,1915 1459,1916 1592,1916 1724,1916 1856,1916 1988,1919 2121,1919 2253,1919 2385,1919 2517,1918 2650,1919 2782,1922 2914,1919 3046,1919 3179,1919"/>
               <TextEquiv>
                  <Unicode>kennen gelernt haben, nicht in die Gruppen der älteren Jahrgänge, die</Unicode>
               </TextEquiv>
            </TextLine>
            <TextLine id="tr_1_tl_12" custom="readingOrder {index:11;}">
               <Coords points="519,2068 3167,2100 3167,1995 519,1963"/>
               <Baseline points="519,2033 651,2053 783,2053 916,2053 1048,2056 1181,2056 1313,2058 1445,2062 1578,2059 1710,2059 1843,2061 1975,2061 2107,2063 2240,2062 2372,2062 2505,2062 2637,2062 2769,2064 2902,2062 3034,2062 3167,2065"/>
               <TextEquiv>
                  <Unicode>"Vanguardistas" (bis 17 Jahre) und "Lusas" (bis 25 Jahre) übergehen.</Unicode>
               </TextEquiv>
            </TextLine>
            <TextLine id="tr_1_tl_13" custom="readingOrder {index:12;}">
               <Coords points="540,2238 3295,2253 3295,2148 540,2133"/>
               <Baseline points="540,2203 677,2209 815,2212 953,2212 1091,2212 1228,2212 1366,2212 1504,2215 1642,2215 1779,2213 1917,2214 2055,2215 2193,2218 2330,2218 2468,2218 2606,2221 2744,2215 2881,2215 3019,2215 3157,2215 3295,2218"/>
               <TextEquiv>
                  <Unicode>Die Organisation verfügt daher heute schon über junge Mitarbeiterinnen</Unicode>
               </TextEquiv>
            </TextLine>
            <TextLine id="tr_1_tl_14" custom="readingOrder {index:13;}">
               <Coords points="540,2387 3236,2396 3236,2291 540,2282"/>
               <Baseline points="540,2352 674,2352 809,2355 944,2355 1079,2358 1214,2361 1348,2361 1483,2358 1618,2355 1753,2358 1888,2358 2022,2358 2157,2361 2292,2361 2427,2361 2562,2364 2696,2361 2831,2358 2966,2358 3101,2361 3236,2361"/>
               <TextEquiv>
                  <Unicode>und Erzieherinnen, die in ihrem Geist herangebildet, und in der Praxis</Unicode>
               </TextEquiv>
            </TextLine>
            <TextLine id="tr_1_tl_15" custom="readingOrder {index:14;}">
               <Coords points="540,2539 1188,2539 1188,2434 540,2434"/>
               <Baseline points="540,2504 572,2502 604,2500 637,2499 669,2501 702,2499 734,2498 766,2498 799,2498 831,2498 864,2499 896,2501 928,2501 961,2500 993,2498 1026,2501 1058,2501 1090,2501 1123,2501 1155,2503 1188,2504"/>
               <TextEquiv>
                  <Unicode>geschult wurden.\:p\</Unicode>
               </TextEquiv>
            </TextLine>
            <TextLine id="tr_1_tl_16" custom="readingOrder {index:15;}">
               <Coords points="531,2682 3289,2694 3289,2592 3151,2580 531,2580"/>
               <Baseline points="531,2648 668,2645 806,2645 944,2647 1082,2648 1220,2647 1358,2645 1496,2648 1634,2648 1772,2651 1910,2651 2047,2648 2185,2648 2323,2648 2461,2648 2599,2648 2737,2650 2875,2650 3013,2648 3151,2648 3289,2660"/>
               <TextEquiv>
                  <Unicode>\p\Der Geist, der die M.P.F. beseelt, spiegelt die moralischen, christlichen,</Unicode>
               </TextEquiv>
            </TextLine>
            <TextLine id="tr_1_tl_17" custom="readingOrder {index:16;}">
               <Coords points="546,2822 3280,2831 3280,2729 3143,2723 546,2720"/>
               <Baseline points="546,2788 682,2791 819,2788 956,2788 1092,2788 1229,2791 1366,2788 1502,2788 1639,2792 1776,2792 1913,2794 2049,2791 2186,2791 2323,2791 2459,2793 2596,2794 2733,2794 2869,2794 3006,2794 3143,2791 3280,2797"/>
               <TextEquiv>
                  <Unicode>und nationalen Grundsätze wieder, die das Werk des genialen portugiesi-</Unicode>
               </TextEquiv>
            </TextLine>
            <TextLine id="tr_1_tl_18" custom="readingOrder {index:17;}">
               <Coords points="546,2971 3277,2968 3277,2866 546,2869"/>
               <Baseline points="546,2937 682,2934 819,2934 955,2934 1092,2935 1228,2937 1365,2936 1501,2934 1638,2934 1774,2934 1911,2934 2048,2937 2184,2939 2321,2934 2457,2934 2594,2934 2730,2934 2867,2937 3003,2934 3140,2937 3277,2934"/>
               <TextEquiv>
                  <Unicode>schen Staatschefs, Dr. Oliveira Salazar, – die nationale Revolution Portu¬</Unicode>
               </TextEquiv>
            </TextLine>
            <TextLine id="tr_1_tl_19" custom="readingOrder {index:18;}">
               <Coords points="543,3121 3236,3109 3236,3012 543,3024"/>
               <Baseline points="543,3089 677,3083 812,3080 946,3080 1081,3077 1216,3080 1350,3077 1485,3077 1620,3077 1754,3077 1889,3077 2024,3077 2158,3077 2293,3080 2428,3077 2562,3080 2697,3080 2832,3080 2966,3080 3101,3080 3236,3077"/>
               <TextEquiv>
                  <Unicode>gals', auszeichnen. Man sucht die Wurzeln des nationalen Lebens in den</Unicode>
               </TextEquiv>
            </TextLine>
            <TextLine id="tr_1_tl_20" custom="readingOrder {index:19;}">
               <Coords points="543,3253 3373,3262 3373,3165 3231,3159 543,3156"/>
               <Baseline points="543,3221 684,3224 826,3224 967,3224 1109,3224 1250,3226 1392,3224 1533,3221 1675,3221 1816,3222 1958,3224 2099,3221 2241,3224 2382,3224 2524,3224 2665,3226 2807,3227 2948,3225 3090,3224 3231,3224 3373,3230"/>
               <TextEquiv>
                  <Unicode>Traditionen der Heimat und der menschlichen Gemeinschaft, als deren erste</Unicode>
               </TextEquiv>
            </TextLine>
            <TextLine id="tr_1_tl_21" custom="readingOrder {index:20;}">
               <Coords points="543,3399 3331,3411 3331,3306 3191,3297 543,3294"/>
               <Baseline points="543,3364 682,3364 821,3367 961,3367 1100,3368 1240,3370 1379,3367 1518,3366 1658,3364 1797,3364 1937,3364 2076,3367 2215,3367 2355,3369 2494,3367 2634,3367 2773,3367 2912,3367 3052,3367 3191,3367 3331,3376"/>
               <TextEquiv>
                  <Unicode>Zelle die Familie, dann die Berufsgemeinschaft, und die Gemeinde als sta¬</Unicode>
               </TextEquiv>
            </TextLine>
            <TextLine id="tr_1_tl_22" custom="readingOrder {index:21;}">
               <Coords points="549,3545 2827,3554 2827,3449 2713,3443 549,3440"/>
               <Baseline points="549,3510 662,3510 776,3510 890,3513 1004,3510 1118,3510 1232,3510 1346,3510 1460,3510 1574,3507 1688,3507 1801,3510 1915,3510 2029,3510 2143,3510 2257,3513 2371,3510 2485,3513 2599,3513 2713,3513 2827,3519"/>
               <TextEquiv>
                  <Unicode>bile und natürliche Elemente zu Nutzen und Ehren gelangen.\:p\</Unicode>
               </TextEquiv>
            </TextLine>
            <TextLine id="tr_1_tl_23" custom="readingOrder {index:22;}">
               <Coords points="546,3688 3283,3694 3283,3591 546,3585"/>
               <Baseline points="546,3654 682,3654 819,3657 956,3657 1093,3654 1230,3653 1367,3653 1503,3651 1640,3651 1777,3651 1914,3654 2051,3656 2188,3656 2325,3655 2461,3654 2598,3654 2735,3654 2872,3657 3009,3660 3146,3657 3283,3660"/>
               <TextEquiv>
                  <Unicode>\p\Die Organisation der weiblichen Jugend trägt zur Erneuerung der portu¬</Unicode>
               </TextEquiv>
            </TextLine>
            <TextLine id="tr_1_tl_24" custom="readingOrder {index:23;}">
               <Coords points="543,3834 3316,3837 3316,3734 3177,3728 543,3731"/>
               <Baseline points="543,3800 681,3800 820,3797 958,3798 1097,3797 1236,3797 1374,3794 1513,3797 1652,3800 1790,3797 1929,3797 2068,3797 2206,3803 2345,3800 2484,3799 2622,3797 2761,3797 2900,3797 3038,3797 3177,3797 3316,3803"/>
               <TextEquiv>
                  <Unicode>giesischen Gesellschaft bei, indem sie die jungen Mädchen für das Leben</Unicode>
               </TextEquiv>
            </TextLine>
            <TextLine id="tr_1_tl_25" custom="readingOrder {index:24;}">
               <Coords points="552,3977 3382,3983 3382,3881 3240,3875 552,3875"/>
               <Baseline points="552,3943 693,3940 835,3943 976,3943 1118,3943 1259,3940 1401,3940 1542,3940 1684,3937 1825,3937 1967,3940 2108,3943 2250,3943 2391,3949 2533,3943 2674,3943 2816,3943 2957,3943 3099,3943 3240,3943 3382,3949"/>
               <TextEquiv>
                  <Unicode>in der Familie, und für die sozialen Aufgaben gegenüber ihren Mitmenschen</Unicode>
               </TextEquiv>
            </TextLine>
            <TextLine id="tr_1_tl_26" custom="readingOrder {index:25;}">
               <Coords points="552,4115 1026,4126 1026,4024 552,4013"/>
               <Baseline points="552,4081 578,4084 604,4087 631,4087 657,4087 683,4087 710,4087 736,4087 762,4087 789,4087 815,4087 841,4087 868,4087 894,4087 920,4087 947,4087 973,4088 999,4090 1026,4092"/>
               <TextEquiv>
                  <Unicode>vorbereitet.\:p\</Unicode>
               </TextEquiv>
            </TextLine>
            <TextLine id="tr_1_tl_27" custom="readingOrder {index:26;}">
               <Coords points="540,4262 2949,4274 2949,4169 2828,4163 540,4157"/>
               <Baseline points="540,4227 660,4229 780,4232 901,4230 1021,4233 1142,4234 1262,4230 1383,4230 1503,4232 1624,4232 1744,4230 1864,4230 1985,4230 2105,4233 2226,4233 2346,4232 2467,4230 2587,4233 2708,4230 2828,4233 2949,4239"/>
               <TextEquiv>
                  <Unicode>Diesem Ziel entsprechend, wurde die M.P.F. als eine Sektion des</Unicode>
               </TextEquiv>
            </TextLine>
            <TextEquiv>
               <Unicode/>
            </TextEquiv>
         </TextRegion>
      </Page>
   </PcGts>
   <PcGts xmlns="http://schema.primaresearch.org/PAGE/gts/pagecontent/2013-07-15">
      <Metadata>
         <Creator>prov=READ-COOP:name=PyLaia@TranskribusPlatform:version=2.47.0:model_id=39995:lm=none:date=17_06_2026_22:55</Creator>
         <Created>2026-06-17T14:02:30.417+02:00</Created>
         <LastChange>2026-06-18T09:54:01.953+02:00</LastChange>
         <TranskribusMetadata docId="16922601"
                              pageId="122649953"
                              pageNr="2"
                              userId="194245"
                              imgUrl="https://files.transkribus.eu/Get?fileType=view&amp;id=AHMVSINBJVFYZTTVVIGLPSED"
                              imageId="104249761"/>
      </Metadata>
      <Page imageFilename="smallform_0548_002.jpg"
            imageWidth="3584"
            imageHeight="4502">
         <TextRegion orientation="0.0" id="tr_1" custom="readingOrder {index:0;}">
            <Coords points="540,175 540,4267 3430,4267 3430,175"/>
            <TextLine id="tr_1_tl_1" custom="readingOrder {index:0;}">
               <Coords points="1638,278 1746,278 1746,175 1638,175"/>
               <Baseline points="1638,244 1665,244 1692,244 1719,244 1746,244"/>
               <TextEquiv>
                  <Unicode>–2–</Unicode>
               </TextEquiv>
            </TextLine>
            <TextLine id="tr_1_tl_2" custom="readingOrder {index:1;}">
               <Coords points="582,493 3128,514 3128,411 582,390"/>
               <Baseline points="582,459 709,456 836,456 963,459 1091,460 1218,462 1345,462 1473,462 1600,462 1727,465 1855,466 1982,468 2109,471 2236,474 2364,474 2491,472 2618,471 2746,471 2873,474 3000,477 3128,480"/>
               <TextEquiv>
                  <Unicode>"Mütterwerkes für die nationale Erziehung" organisiert. Diese Form</Unicode>
               </TextEquiv>
            </TextLine>
            <TextLine id="tr_1_tl_3" custom="readingOrder {index:2;}">
               <Coords points="564,637 3203,660 3203,557 564,534"/>
               <Baseline points="564,603 702,603 841,606 980,605 1119,606 1258,609 1397,612 1536,613 1675,612 1814,612 1952,614 2091,614 2230,617 2369,619 2508,617 2647,617 2786,617 2925,618 3064,620 3203,626"/>
               <TextEquiv>
                  <Unicode>staatlicher Erziehung hat also nicht zum Zweck, die weibliche Jugend</Unicode>
               </TextEquiv>
            </TextLine>
            <TextLine id="tr_1_tl_4" custom="readingOrder {index:3;}">
               <Coords points="555,780 3307,801 3307,698 555,677"/>
               <Baseline points="555,746 692,755 830,752 967,752 1105,753 1243,757 1380,755 1518,756 1655,757 1793,758 1931,761 2068,763 2206,761 2343,761 2481,764 2619,761 2756,761 2894,764 3031,767 3169,764 3307,767"/>
               <TextEquiv>
                  <Unicode>zu "politisieren", sondern will sie, im Gegenteil, durch eine harmonische</Unicode>
               </TextEquiv>
            </TextLine>
            <TextLine id="tr_1_tl_5" custom="readingOrder {index:4;}">
               <Coords points="558,923 3125,944 3125,841 558,820"/>
               <Baseline points="558,889 686,898 814,898 943,898 1071,898 1199,903 1328,901 1456,901 1584,901 1713,901 1841,901 1969,904 2098,905 2226,907 2354,907 2483,904 2611,904 2739,904 2868,907 2996,907 3125,910"/>
               <TextEquiv>
                  <Unicode>körperliche und geistig-moralische Bildung zu charakterfesten und</Unicode>
               </TextEquiv>
            </TextLine>
            <TextLine id="tr_1_tl_6" custom="readingOrder {index:5;}">
               <Coords points="561,1072 3373,1102 3373,1000 3232,987 561,970"/>
               <Baseline points="561,1038 701,1041 842,1043 982,1041 1123,1044 1264,1044 1404,1044 1545,1044 1685,1047 1826,1047 1967,1047 2107,1048 2248,1053 2388,1053 2529,1050 2670,1050 2810,1053 2951,1055 3091,1053 3232,1055 3373,1068"/>
               <TextEquiv>
                  <Unicode>fähigen Menschen heranziehen, die ihrer Aufgaben bewusst sind, und bereit,</Unicode>
               </TextEquiv>
            </TextLine>
            <TextLine id="tr_1_tl_7" custom="readingOrder {index:6;}">
               <Coords points="564,1210 2292,1231 2292,1129 564,1108"/>
               <Baseline points="564,1176 650,1185 736,1188 823,1188 909,1186 996,1187 1082,1185 1168,1186 1255,1188 1341,1188 1428,1188 1514,1187 1600,1188 1687,1188 1773,1191 1860,1188 1946,1191 2032,1191 2119,1193 2205,1194 2292,1197"/>
               <TextEquiv>
                  <Unicode>sie im christlich-humanen Geist zu erfüllen.</Unicode>
               </TextEquiv>
            </TextLine>
            <TextLine id="tr_1_tl_8" custom="readingOrder {index:7;}">
               <Coords points="552,1362 3119,1380 3119,1277 552,1259"/>
               <Baseline points="552,1328 680,1331 808,1331 937,1331 1065,1331 1193,1334 1322,1334 1450,1334 1578,1334 1707,1334 1835,1334 1963,1337 2092,1337 2220,1337 2348,1340 2477,1340 2605,1343 2733,1345 2862,1343 2990,1343 3119,1346"/>
               <TextEquiv>
                  <Unicode>\p\Die Mädchen der M.P.F. besuchen Kurse für moralische, religiöse, und</Unicode>
               </TextEquiv>
            </TextLine>
            <TextLine id="tr_1_tl_9" custom="readingOrder {index:8;}">
               <Coords points="552,1505 3185,1529 3185,1426 3053,1417 552,1402"/>
               <Baseline points="552,1471 683,1471 815,1474 946,1474 1078,1476 1210,1480 1341,1482 1473,1477 1605,1477 1736,1477 1868,1477 2000,1481 2131,1484 2263,1486 2395,1486 2526,1486 2658,1486 2790,1486 2921,1483 3053,1486 3185,1495"/>
               <TextEquiv>
                  <Unicode>nationale Bildung, körperliche Ertüchtigung, Chorgesang, Handarbeiten,</Unicode>
               </TextEquiv>
            </TextLine>
            <TextLine id="tr_1_tl_10" custom="readingOrder {index:9;}">
               <Coords points="549,1646 3274,1670 3274,1568 549,1544"/>
               <Baseline points="549,1612 685,1615 821,1618 957,1618 1094,1619 1230,1625 1366,1627 1502,1624 1639,1624 1775,1624 1911,1624 2047,1630 2184,1630 2320,1630 2456,1630 2592,1630 2729,1632 2865,1631 3001,1630 3137,1630 3274,1636"/>
               <TextEquiv>
                  <Unicode>Küche und Haushalt, Hygiene, Krankenpflege, Kinderpflege. Die praktischen</Unicode>
               </TextEquiv>
            </TextLine>
            <TextLine id="tr_1_tl_11" custom="readingOrder {index:10;}">
               <Coords points="546,1789 3310,1813 3310,1711 546,1687"/>
               <Baseline points="546,1755 684,1758 822,1761 960,1761 1098,1761 1237,1764 1375,1764 1513,1766 1651,1767 1789,1768 1928,1770 2066,1770 2204,1770 2342,1773 2480,1776 2619,1773 2757,1774 2895,1773 3033,1773 3171,1773 3310,1779"/>
               <TextEquiv>
                  <Unicode>Kurse wie Kochen und Kinderpflege werden nach Möglichkeit mit sozialen</Unicode>
               </TextEquiv>
            </TextLine>
            <TextLine id="tr_1_tl_12" custom="readingOrder {index:11;}">
               <Coords points="555,1935 3113,1953 3113,1850 555,1832"/>
               <Baseline points="555,1901 682,1901 810,1903 938,1904 1066,1904 1194,1906 1322,1907 1450,1907 1578,1907 1706,1910 1834,1910 1961,1911 2089,1913 2217,1913 2345,1916 2473,1919 2601,1916 2729,1916 2857,1918 2985,1919 3113,1919"/>
               <TextEquiv>
                  <Unicode>Zwecken verbunden. Die Madchen arbeiten in Kleinkinderschulen, ihre</Unicode>
               </TextEquiv>
            </TextLine>
            <TextLine id="tr_1_tl_13" custom="readingOrder {index:12;}">
               <Coords points="549,2076 3119,2102 3119,1999 549,1973"/>
               <Baseline points="549,2042 677,2045 806,2047 934,2047 1063,2047 1191,2050 1320,2050 1448,2050 1577,2050 1705,2052 1834,2052 1962,2055 2091,2056 2219,2056 2348,2059 2476,2059 2605,2059 2733,2062 2862,2065 2990,2062 3119,2068"/>
               <TextEquiv>
                  <Unicode>Arbeiten dienen den armen Klassen der Bevölkerung. Eine Gruppe von</Unicode>
               </TextEquiv>
            </TextLine>
            <TextLine id="tr_1_tl_14" custom="readingOrder {index:13;}">
               <Coords points="549,2216 3274,2246 3274,2144 549,2114"/>
               <Baseline points="549,2182 685,2188 821,2188 957,2191 1094,2194 1230,2194 1366,2194 1502,2194 1639,2194 1775,2197 1911,2200 2047,2200 2184,2200 2320,2202 2456,2203 2592,2203 2729,2206 2865,2206 3001,2206 3137,2206 3274,2212"/>
               <TextEquiv>
                  <Unicode>Studentinnen in Lissabon kocht täglich die Mahlzeiten für die kleinen</Unicode>
               </TextEquiv>
            </TextLine>
            <TextLine id="tr_1_tl_15" custom="readingOrder {index:14;}">
               <Coords points="543,2353 3251,2395 3251,2293 3115,2285 543,2251"/>
               <Baseline points="543,2319 678,2328 813,2331 949,2334 1084,2337 1220,2337 1355,2337 1490,2337 1626,2337 1761,2337 1897,2339 2032,2340 2167,2341 2303,2344 2438,2346 2574,2346 2709,2349 2844,2349 2980,2350 3115,2353 3251,2361"/>
               <TextEquiv>
                  <Unicode>Zeitungsträger. In der körperlichen Ausbildung wird weniger auf Sport,</Unicode>
               </TextEquiv>
            </TextLine>
            <TextLine id="tr_1_tl_16" custom="readingOrder {index:15;}">
               <Coords points="549,2502 3307,2526 3307,2423 549,2399"/>
               <Baseline points="549,2468 686,2468 824,2474 962,2477 1100,2478 1238,2480 1376,2483 1514,2488 1652,2484 1790,2483 1928,2483 2065,2486 2203,2486 2341,2489 2479,2489 2617,2489 2755,2491 2893,2492 3031,2492 3169,2495 3307,2492"/>
               <TextEquiv>
                  <Unicode>mehr auf Turnen Wert gelegt, mit dem Ziel, den Organismus zu stärken, den</Unicode>
               </TextEquiv>
            </TextLine>
            <TextLine id="tr_1_tl_17" custom="readingOrder {index:16;}">
               <Coords points="555,2649 3230,2670 3230,2567 555,2546"/>
               <Baseline points="555,2615 688,2615 822,2618 956,2621 1090,2624 1223,2624 1357,2627 1491,2627 1625,2624 1758,2627 1892,2627 2026,2627 2160,2627 2293,2630 2427,2633 2561,2633 2695,2636 2828,2636 2962,2637 3096,2636 3230,2636"/>
               <TextEquiv>
                  <Unicode>Willen zu disziplinieren, das Selbstvertrauen zu wecken, und Loyalität</Unicode>
               </TextEquiv>
            </TextLine>
            <TextLine id="tr_1_tl_18" custom="readingOrder {index:17;}">
               <Coords points="549,2797 2985,2812 2985,2713 549,2698"/>
               <Baseline points="549,2764 670,2762 792,2761 914,2761 1036,2764 1158,2767 1279,2767 1401,2770 1523,2770 1645,2770 1767,2773 1888,2773 2010,2773 2132,2773 2254,2776 2376,2776 2497,2775 2619,2774 2741,2776 2863,2776 2985,2779"/>
               <TextEquiv>
                  <Unicode>gegenüber den Kameraden, und eine gesunde Freude zu vermitteln.\:p\</Unicode>
               </TextEquiv>
            </TextLine>
            <TextLine id="tr_1_tl_19" custom="readingOrder {index:18;}">
               <Coords points="549,2931 3310,2964 3310,2865 549,2832"/>
               <Baseline points="549,2898 687,2901 825,2904 963,2907 1101,2910 1239,2911 1377,2913 1515,2916 1653,2916 1791,2918 1929,2916 2067,2916 2205,2919 2343,2919 2481,2919 2619,2919 2757,2922 2895,2922 3033,2925 3171,2925 3310,2931"/>
               <TextEquiv>
                  <Unicode>\p\In Ferienkolonien kommen die jungen Mädchen aus verschiedenen sozialen</Unicode>
               </TextEquiv>
            </TextLine>
            <TextLine id="tr_1_tl_20" custom="readingOrder {index:19;}">
               <Coords points="540,3076 3313,3105 3313,3002 540,2973"/>
               <Baseline points="540,3042 678,3045 817,3048 955,3049 1094,3055 1233,3057 1371,3057 1510,3057 1649,3057 1787,3060 1926,3063 2065,3060 2203,3060 2342,3063 2481,3064 2619,3066 2758,3066 2897,3068 3035,3067 3174,3069 3313,3071"/>
               <TextEquiv>
                  <Unicode>Klassen zusammen, und lernen ein einfaches Leben in freier Luft, und ein</Unicode>
               </TextEquiv>
            </TextLine>
            <TextLine id="tr_1_tl_21" custom="readingOrder {index:20;}">
               <Coords points="552,3216 2480,3246 2480,3143 552,3113"/>
               <Baseline points="552,3182 648,3185 744,3192 841,3195 937,3194 1034,3194 1130,3197 1226,3197 1323,3198 1419,3200 1516,3200 1612,3199 1708,3203 1805,3203 1901,3206 1998,3206 2094,3206 2190,3206 2287,3206 2383,3209 2480,3212"/>
               <TextEquiv>
                  <Unicode>unegoistisches Leben für die Gemeinschaft kennen.\:p\</Unicode>
               </TextEquiv>
            </TextLine>
            <TextLine id="tr_1_tl_22" custom="readingOrder {index:21;}">
               <Coords points="546,3363 3272,3393 3272,3297 546,3267"/>
               <Baseline points="546,3331 682,3331 818,3337 954,3340 1091,3340 1227,3343 1363,3343 1500,3347 1636,3348 1772,3349 1909,3349 2045,3349 2181,3351 2317,3352 2454,3353 2590,3352 2726,3355 2863,3355 2999,3356 3135,3355 3272,3361"/>
               <TextEquiv>
                  <Unicode>\p\Denn die Erzieherinnen der jungen Portugiesinnen haben längst erkannt,</Unicode>
               </TextEquiv>
            </TextLine>
            <TextLine id="tr_1_tl_23" custom="readingOrder {index:22;}">
               <Coords points="552,3492 3412,3530 3412,3434 552,3396"/>
               <Baseline points="552,3460 695,3473 838,3481 981,3483 1124,3483 1267,3486 1410,3492 1553,3490 1696,3492 1839,3492 1982,3495 2125,3495 2268,3495 2411,3495 2554,3495 2697,3498 2840,3498 2983,3498 3126,3498 3269,3498 3412,3498"/>
               <TextEquiv>
                  <Unicode>dass der Egoismus, und das egoistische Streben nach materiellen Gütern und</Unicode>
               </TextEquiv>
            </TextLine>
            <TextLine id="tr_1_tl_24" custom="readingOrder {index:23;}">
               <Coords points="552,3640 3274,3673 3274,3570 552,3537"/>
               <Baseline points="552,3606 688,3615 824,3621 960,3627 1096,3630 1232,3627 1368,3627 1504,3630 1640,3633 1776,3634 1913,3638 2049,3636 2185,3639 2321,3639 2457,3639 2593,3639 2729,3641 2865,3641 3001,3642 3137,3642 3274,3639"/>
               <TextEquiv>
                  <Unicode>Vorteilen, das Grundübel nicht nur jeder Gesellschaft ist, sondern auch</Unicode>
               </TextEquiv>
            </TextLine>
            <TextLine id="tr_1_tl_25" custom="readingOrder {index:24;}">
               <Coords points="552,3780 3152,3822 3152,3719 552,3677"/>
               <Baseline points="552,3746 682,3758 812,3763 942,3766 1072,3770 1202,3776 1332,3776 1462,3776 1592,3776 1722,3779 1852,3782 1982,3782 2112,3785 2242,3785 2372,3784 2502,3783 2632,3785 2762,3786 2892,3790 3022,3788 3152,3788"/>
               <TextEquiv>
                  <Unicode>den Menschen unglücklich macht, und dass die echte Befriedigung aus</Unicode>
               </TextEquiv>
            </TextLine>
            <TextLine id="tr_1_tl_26" custom="readingOrder {index:25;}">
               <Coords points="543,3935 1895,3965 1895,3862 543,3832"/>
               <Baseline points="543,3901 610,3901 678,3904 745,3906 813,3913 881,3912 948,3913 1016,3915 1083,3916 1151,3919 1219,3922 1286,3922 1354,3922 1421,3919 1489,3919 1556,3919 1624,3922 1692,3922 1759,3922 1827,3925 1895,3931"/>
               <TextEquiv>
                  <Unicode>anderer, moralischer Quelle stammt.\:p\</Unicode>
               </TextEquiv>
            </TextLine>
            <TextLine id="tr_1_tl_27" custom="readingOrder {index:26;}">
               <Coords points="540,4088 3221,4115 3221,4013 3086,4004 540,3986"/>
               <Baseline points="540,4054 674,4054 808,4060 942,4063 1076,4066 1210,4069 1344,4069 1478,4066 1612,4066 1746,4069 1880,4072 2014,4078 2148,4081 2282,4078 2416,4080 2550,4078 2684,4078 2818,4075 2952,4075 3086,4072 3221,4081"/>
               <TextEquiv>
                  <Unicode>Diese Ueberzeugung verbreitet sich heute, da wir vor den Ruinen einer</Unicode>
               </TextEquiv>
            </TextLine>
            <TextLine id="tr_1_tl_28" custom="readingOrder {index:27;}">
               <Coords points="543,4234 3430,4267 3430,4165 3285,4154 543,4132"/>
               <Baseline points="543,4200 687,4203 831,4204 976,4206 1120,4209 1264,4209 1409,4209 1553,4209 1697,4214 1842,4215 1986,4218 2130,4218 2275,4219 2419,4218 2563,4221 2708,4221 2852,4221 2996,4220 3141,4221 3285,4222 3430,4233"/>
               <TextEquiv>
                  <Unicode>mtariell orientierten Zivilisation stehen. Dass die Bildung des Charakters,</Unicode>
               </TextEquiv>
            </TextLine>
            <TextEquiv>
               <Unicode/>
            </TextEquiv>
         </TextRegion>
      </Page>
   </PcGts>
   <PcGts xmlns="http://schema.primaresearch.org/PAGE/gts/pagecontent/2013-07-15">
      <Metadata>
         <Creator>prov=READ-COOP:name=PyLaia@TranskribusPlatform:version=2.47.0:model_id=39995:lm=none:date=17_06_2026_22:55</Creator>
         <Created>2026-06-17T14:02:30.536+02:00</Created>
         <LastChange>2026-06-18T10:01:54.100+02:00</LastChange>
         <TranskribusMetadata docId="16922601"
                              pageId="122649973"
                              pageNr="3"
                              userId="194245"
                              imgUrl="https://files.transkribus.eu/Get?fileType=view&amp;id=WVWTTJYPPSGROYDBMXTDPWMI"
                              imageId="104249795"/>
      </Metadata>
      <Page imageFilename="smallform_0548_003.jpg"
            imageWidth="3593"
            imageHeight="4502">
         <TextRegion orientation="0.0" id="tr_1" custom="readingOrder {index:0;}">
            <Coords points="549,514 549,2208 3451,2208 3451,514"/>
            <TextLine id="tr_1_tl_1" custom="readingOrder {index:0;}">
               <Coords points="558,619 3167,622 3167,520 558,517"/>
               <Baseline points="558,585 688,582 818,582 949,585 1079,587 1210,585 1340,585 1471,588 1601,585 1732,584 1862,585 1992,585 2123,588 2253,585 2384,590 2514,594 2645,589 2775,585 2906,585 3036,585 3167,588"/>
               <TextEquiv>
                  <Unicode>die moralische Erneuerung des Menschen, am Anfang jeder politischen,</Unicode>
               </TextEquiv>
            </TextLine>
            <TextLine id="tr_1_tl_2" custom="readingOrder {index:1;}">
               <Coords points="567,762 3310,765 3310,663 3172,657 567,660"/>
               <Baseline points="567,728 704,728 841,728 978,728 1115,728 1252,729 1389,731 1527,728 1664,728 1801,728 1938,728 2075,730 2212,731 2349,728 2487,731 2624,734 2761,731 2898,728 3035,725 3172,725 3310,731"/>
               <TextEquiv>
                  <Unicode>wirtschaftlichen, oder sozialen Erneuerung stehen muss, wird heute durch</Unicode>
               </TextEquiv>
            </TextLine>
            <TextLine id="tr_1_tl_3" custom="readingOrder {index:2;}">
               <Coords points="555,906 1227,909 1227,804 555,801"/>
               <Baseline points="555,871 588,869 622,868 655,869 689,871 723,869 756,869 790,871 823,871 857,873 891,874 924,874 958,874 991,874 1025,872 1059,871 1092,871 1126,871 1159,871 1193,872 1227,874"/>
               <TextEquiv>
                  <Unicode>Leiden begriffen.</Unicode>
               </TextEquiv>
            </TextLine>
            <TextLine id="tr_1_tl_4" custom="readingOrder {index:3;}">
               <Coords points="552,1049 3218,1057 3218,954 3084,946 552,946"/>
               <Baseline points="552,1015 685,1018 818,1018 951,1018 1085,1021 1218,1021 1351,1018 1485,1018 1618,1020 1751,1021 1885,1023 2018,1021 2151,1020 2284,1022 2418,1019 2551,1018 2684,1016 2818,1015 2951,1016 3084,1015 3218,1023"/>
               <TextEquiv>
                  <Unicode>\p\In Portugal war bis zum Anfang der Epoche Dr. Salazars' die Erziehung</Unicode>
               </TextEquiv>
            </TextLine>
            <TextLine id="tr_1_tl_5" custom="readingOrder {index:4;}">
               <Coords points="549,1189 3304,1195 3304,1092 549,1086"/>
               <Baseline points="549,1155 686,1158 824,1158 962,1158 1100,1161 1237,1163 1375,1161 1513,1158 1651,1161 1788,1161 1926,1161 2064,1158 2202,1161 2339,1161 2477,1158 2615,1158 2753,1158 2890,1161 3028,1158 3166,1158 3304,1161"/>
               <TextEquiv>
                  <Unicode>der weiblichen Jugend rückständig. Die Notwendigkeit einer Organisation</Unicode>
               </TextEquiv>
            </TextLine>
            <TextLine id="tr_1_tl_6" custom="readingOrder {index:5;}">
               <Coords points="576,1339 3418,1336 3418,1231 576,1234"/>
               <Baseline points="576,1304 718,1301 860,1301 1002,1304 1144,1302 1286,1304 1428,1304 1570,1304 1712,1304 1854,1304 1997,1303 2139,1304 2281,1304 2423,1304 2565,1307 2707,1301 2849,1304 2991,1304 3133,1304 3275,1301 3418,1301"/>
               <TextEquiv>
                  <Unicode>wie der Mocidade Feminina war daher vielleicht dringlicher als in anderen</Unicode>
               </TextEquiv>
            </TextLine>
            <TextLine id="tr_1_tl_7" custom="readingOrder {index:6;}">
               <Coords points="555,1476 3304,1482 3304,1377 555,1371"/>
               <Baseline points="555,1441 692,1441 829,1444 967,1444 1104,1447 1242,1449 1379,1447 1517,1447 1654,1447 1792,1447 1929,1447 2066,1449 2204,1447 2341,1447 2479,1447 2616,1447 2754,1447 2891,1445 3029,1448 3166,1448 3304,1447"/>
               <TextEquiv>
                  <Unicode>Ländern. Aber die Möglichkeiten, die man dort gefunden hat, um die jungen</Unicode>
               </TextEquiv>
            </TextLine>
            <TextLine id="tr_1_tl_8" custom="readingOrder {index:7;}">
               <Coords points="552,1620 3149,1626 3149,1521 552,1515"/>
               <Baseline points="552,1585 681,1588 811,1591 941,1592 1071,1592 1201,1594 1331,1594 1460,1594 1590,1594 1720,1594 1850,1594 1980,1591 2110,1591 2240,1594 2369,1592 2499,1594 2629,1593 2759,1592 2889,1588 3019,1591 3149,1591"/>
               <TextEquiv>
                  <Unicode>Menschen in einem gesunden, und vor allem ethisch gesunden Geist zu</Unicode>
               </TextEquiv>
            </TextLine>
            <TextLine id="tr_1_tl_9" custom="readingOrder {index:8;}">
               <Coords points="567,1760 3451,1775 3451,1670 567,1655"/>
               <Baseline points="567,1725 711,1729 855,1734 999,1738 1143,1737 1288,1737 1432,1734 1576,1734 1720,1737 1864,1740 2009,1737 2153,1737 2297,1736 2441,1737 2585,1737 2730,1731 2874,1731 3018,1734 3162,1731 3306,1735 3451,1740"/>
               <TextEquiv>
                  <Unicode>erziehen, geben dem neuen Portugal, und seiner Jugend, heute einen Vorsprung,</Unicode>
               </TextEquiv>
            </TextLine>
            <TextLine id="tr_1_tl_10" custom="readingOrder {index:9;}">
               <Coords points="597,1900 3397,1918 3397,1813 597,1795"/>
               <Baseline points="597,1865 737,1874 877,1875 1017,1878 1157,1879 1297,1880 1437,1880 1577,1880 1717,1883 1857,1883 1997,1883 2137,1885 2277,1880 2417,1880 2557,1877 2697,1880 2837,1883 2977,1883 3117,1880 3257,1880 3397,1883"/>
               <TextEquiv>
                  <Unicode>Es ist daher nicht erstaunlich, dass in jüngster Zeit Jugendorganisatoren</Unicode>
               </TextEquiv>
            </TextLine>
            <TextLine id="tr_1_tl_11" custom="readingOrder {index:10;}">
               <Coords points="555,2038 3071,2059 3071,1954 555,1933"/>
               <Baseline points="555,2003 680,2014 806,2019 932,2021 1058,2023 1184,2021 1309,2024 1435,2023 1561,2022 1687,2024 1813,2024 1938,2024 2064,2024 2190,2024 2316,2027 2442,2024 2567,2024 2693,2024 2819,2027 2945,2023 3071,2024"/>
               <TextEquiv>
                  <Unicode>und Erzieher anderer Länder sich immer mehr für das Beispiel der</Unicode>
               </TextEquiv>
            </TextLine>
            <TextLine id="tr_1_tl_12" custom="readingOrder {index:11;}">
               <Coords points="570,2187 1973,2208 1973,2103 570,2082"/>
               <Baseline points="570,2152 640,2154 710,2158 780,2161 850,2161 920,2163 990,2164 1061,2167 1131,2167 1201,2167 1271,2167 1341,2167 1411,2167 1481,2165 1552,2167 1622,2164 1692,2167 1762,2167 1832,2170 1902,2170 1973,2173"/>
               <TextEquiv>
                  <Unicode>"Mocidade Portuguesa" interessieren.\:p\</Unicode>
               </TextEquiv>
            </TextLine>
            <TextEquiv>
               <Unicode/>
            </TextEquiv>
         </TextRegion>
      </Page>
   </PcGts>
   <PcGts xmlns="http://schema.primaresearch.org/PAGE/gts/pagecontent/2013-07-15">
      <Metadata>
         <Creator>prov=READ-COOP:name=PyLaia@TranskribusPlatform:version=2.47.0:model_id=39995:lm=none:date=17_06_2026_22:55</Creator>
         <Created>2026-06-17T14:02:30.665+02:00</Created>
         <LastChange>2026-06-18T10:23:01.863+02:00</LastChange>
         <TranskribusMetadata docId="16922601"
                              pageId="122649975"
                              pageNr="4"
                              userId="194245"
                              imgUrl="https://files.transkribus.eu/Get?fileType=view&amp;id=HKZIEBYFEWWUQOGRHTHEOALS"
                              imageId="104249733"/>
      </Metadata>
      <Page imageFilename="smallform_0548_004.jpg"
            imageWidth="1740"
            imageHeight="1131">
         <TextRegion orientation="0.0" id="tr_1" custom="readingOrder {index:0;}">
            <Coords points="239,317 239,600 1596,600 1596,317"/>
            <TextLine id="tr_1_tl_1" custom="readingOrder {index:0;}">
               <Coords points="277,409 1596,399 1596,333 1387,319 277,343"/>
               <Baseline points="277,387 346,385 415,386 485,387 554,383 624,381 693,381 762,378 832,375 901,373 971,375 1040,370 1110,363 1179,363 1248,362 1318,361 1387,363 1457,367 1526,369 1596,377"/>
               <TextEquiv>
                  <Unicode>Aves les meifleu [?]</Unicode>
               </TextEquiv>
            </TextLine>
            <TextLine id="tr_1_tl_2" custom="readingOrder {index:1;}">
               <Coords points="239,524 1486,512 1486,455 239,467"/>
               <Baseline points="239,505 301,501 363,499 426,500 488,498 550,500 613,501 675,499 737,501 800,497 862,496 924,493 987,495 1049,493 1111,492 1174,492 1236,488 1298,489 1361,489 1423,491 1486,493"/>
               <TextEquiv>
                  <Unicode>des safutafions [? - Vilas Boas um Hilfe gebeten]</Unicode>
               </TextEquiv>
            </TextLine>
            <TextLine id="tr_1_tl_3" custom="readingOrder {index:2;}">
               <Coords points="549,596 1214,596 1214,539 549,539"/>
               <Baseline points="549,577 582,577 615,579 648,579 682,579 715,579 748,580 781,580 815,579 848,581 881,579 914,581 948,580 981,579 1014,579 1047,579 1081,580 1114,581 1147,581 1180,579 1214,577"/>
               <TextEquiv>
                  <Unicode>Condessa de Penha Garcia [handschrift identisch mit Maria Francisca de Assis de Castro : https://archeevo.amap.pt/descriptions/9686]</Unicode>
               </TextEquiv>
            </TextLine>
            <TextEquiv>
               <Unicode/>
            </TextEquiv>
         </TextRegion>
      </Page>
   </PcGts>
</validation-wrapper>
