4775 6320
184 3982 4305 4095 Der Große Zab kommt!
390 4167 1071 4279 Ein Flußübergang im Irak
410 4249 1353 4351 von Annemarie Clark-Schwarzenbach
251 4592 1353 4700 In Ländern zu reisen, wo es keine Straßen gibt, ist
220 4654 1343 4751 für den Automobilisten eine gewisse Unannehmlich¬
231 4741 1358 4807 keit — immerhin gibt es meistens einen Ersatz, seien
226 4802 1353 4858 es Wüstenspuren oder Karawanenwege. Gefährlicher
226 4853 1348 4910 und widerwärtiger als Sand und Lehm ist das Ele¬
220 4905 1353 4966 ment des Wassers. Gerät man mit dem Wagen in die
231 4956 1353 5022 Strömung eines brückenlosen Flusses, dann muß man
226 5012 1348 5069 schon schwindelfrei sein, um nicht zu glauben, man
231 5069 1353 5130 treibe haltlos und in schneller Kreiselbewegung ab¬
236 5125 1358 5186 wärts. Warum es keine Brücken gibt? Es liegt we¬
226 5171 1348 5238 niger am mangelnden Fleiß der Leute, als in der
226 5222 1363 5294 Natur der Flüsse. In Iran, Irak, Syrien und vor allem
236 5284 1348 5345 an den großen Gebirgsrändern im Norden sind die
220 5330 1348 5402 Flüsse unberechenbar: einen Teil des Jahres liegen
226 5386 1297 5448 sie ausgetrocknet, breite Sandbetten, Geröllstreifen —
226 5443 1353 5509 man durchquert sie recht und schlecht. Im Frühjahr,
226 5504 1348 5566 auch schon zur Zeit der winterlichen Regengüsse,
226 5550 1348 5622 kann man von einem heranpolternden Fluß über¬
226 5612 1348 5668 rascht werden wie von einer Lawine oder einem Un¬
236 5663 1358 5720 wetter. Und ist der Fluß einmal da — dann steigt er
231 5720 1343 5781 zuweilen noch viele Stunden lang, unmerklich, doch
236 5776 1348 5848 genug, um dem waghalsigen Autofahrer die unan¬
241 5827 1112 5914 genehmsten Ueberraschungen zu bereiten.
3813 1168 3992 1271 \f\Auto im Fluß\:f\
666 3372 3844 3449 \fp\Vor fünf Minuten hatte ich in meinem eigenen Wagen auf dem Wege nach Kurdistan das Flußbett des Großen Zab hinter Mossul durchquert. Dann kam der
656 3429 3844 3500 zweite Wagen mit Gepäck gefüllt. Der Chauffeur fuhr mitten im Flußbett auf einen Stein auf. Er verlor Zeit. Unterdessen stieg das Wasser. Die Motorhaube
661 3485 3859 3546 wird sorgfältig geöffnet, und die empfindlichen Teile des Motors werden in Tücher gepackt. Beduinen laufen herbei. Ein Bakschisch winkt! Schnell wird ein
656 3531 3844 3598 Seil an der vordern Stoßstange befestigt. Das Wasser fließt schon über das Trintbrett. Höchste Eile ist geboten. Die Leute schieben und ziehen. Es ist schon vor¬
666 3577 3844 3670 gekommen, daß so ein Wagen völlig überschwemmt im Fluß blieb, indessen die Insassen tagelang am Ufer warteten, bis das Wrack wieder aus den Fluten auftauchte.\:fp\
2209 4510 3080 4612 \f\Fähre auf dem Fluß\:f\
4054 5186 4500 5279 \fp\Wir entgingen diesmal
4044 5253 4500 5320 einem solchen Schick¬
4049 5320 4510 5381 sal. Der Wagen kam
4049 5350 4505 5422 noch rechtzeitig hin¬
4049 5402 4505 5479 aus. Die zurückgeblie¬
4049 5453 4510 5514 benen weitern zwei
4049 5509 4510 5576 Fahrzeuge packte man.
4049 5556 4505 5622 auf eine bedenklich
4049 5602 4495 5668 schwankende Fähre,
4049 5653 4505 5709 sie querten auf ihr
4059 5694 4505 5760 glücklich den Fluß und
4049 5730 4510 5802 kommen hier auf dem
4049 5796 4505 5863 kurdistanischen Ufer
4054 5842 4341 5914 eben heil an!\:fp\
