4252 5669
1604 3083 2682 3182 Nantucket, die Friedensinsel
1348 3166 2123 3229 \p\Ich wüsste gern, ob die alte Nigger-Mammie,
1318 3221 2123 3268 die unten am Strand von Sconset in ihrem winzi¬
1310 3255 2123 3308 gen Häuschen unsere Hemden wäscht und plättet,
1310 3300 2102 3357 sich noch manchmal an ihre Heimat erinnert –
1309 3339 2123 3386 ich meine damit natürlich nicht Afrika, sondern
1309 3380 2123 3425 die heisse holprige, von schäbigen Holzhütten und
1307 3417 2123 3464 zerfallenden Veranden gesäumte Hinterstrasse
1307 3459 2124 3511 einer Kleinstadt in Georgia oder Alabama, oder
1307 3504 2122 3548 die von verlorenen Winden umwehte, in endlosen
1306 3535 2124 3577 Feldern einer Baumwollplantage versteckte Hütte
1318 3577 2123 3617 eines armen Sharecroopers, wo sie wahrscheinlich
1314 3615 2123 3659 geboren ist. Vielleicht kam sie als Dienstmädchen
1318 3656 2123 3705 auf diese Insel, heiratete einen zufällig hierher
1305 3691 2123 3733 verschlagenen Hafenarbeiter und legte schliess¬
1305 3733 2123 3776 lich ihre bisschen Ersparnisse an, um das Zwei-
1303 3771 2123 3828 Zimmer-Häuschen zu kaufen und eine Wäscherei
1303 3824 2124 3861 zu eröffnen. Die besseren Sommergäste von Scon¬
1303 3848 2123 3898 set, die sich hier auskennen, fahren selber in die
1301 3887 2123 3933 Schräbergärten hinunter und suchen die Mammie
1302 3926 2123 3971 auf, die in ihrer sauberen Küche feine Wäsche
1309 3959 2123 4011 sorgfältiger zu behandeln versteht als die grosse
1314 4008 2123 4061 "Laundry", die einen eigenen Lieferwagen und
1312 4043 2123 4090 Waschmaschinen besitzt. Natürlich ist die Nigger-
1306 4081 2124 4129 Mammie hier eine Fremde, denn Neger werden
1306 4127 2124 4175 auf der Insel nicht geboren. Aber wieviele der
1306 4162 2096 4209 Bewohner von Nantucket sind hier geboren? –\:p\
1341 4194 2123 4241 \p\Im Dorf Sconset wohnen im Sommer etwa
1307 4252 2123 4284 fünfzehnhundert Menschen. Schon im September
1309 4276 2123 4328 schliessen die beiden Hotels. Dann werden bald
1309 4316 2123 4363 die Obstläden, die kleinen Frisiersalons, der Zei¬
1306 4356 2124 4402 tungsstand und die Bar "Mob bie Dicks" geschlos¬
1306 4394 2124 4437 sen. Und schliesslich bleiben fünfundsiebzig Ein¬
1309 4436 2123 4477 wohner zurück und das Postamt an der Ecke.
1309 4472 2123 4518 Aehnlich ist es drüben am anderen Ende der
1306 4511 2124 4561 Insel, im Hafenstädtchen Nantucket. Jetzt schau¬
1312 4551 2123 4593 kelt dort eine ganze Flottille von Segelbooten und
1314 4592 2112 4641 eleganten Jachten in der Bucht vor dem Gebäude
1294 4631 2123 4682 des Jachtklubs. In den Holzställen des Jagdklubs
1306 4671 2124 4714 draussen in der Heide, stehen an die dreissig
1307 4707 2123 4761 Pferde, und eine Koppel niedriger englischer Jagd¬
1306 4745 2124 4794 hunde kläfft hinter den Drahtgittern. In den klei¬
1299 4793 2124 4824 nen Restaurants gibt es frische Insel-Hummer und
1306 4824 2124 4886 Insel-Fische, in den Läden Körbe voll auf der Insel
1309 4866 2123 4918 gepflückter Blaubeeren und Himbeeren. Alle
2147 3178 2967 3234 Häuser sind bewohnt – die weissen Häuschen
2147 3224 2966 3263 der alten Walfischfahrer-Kapitäne mit den gros¬
2147 3279 2966 3318 sen Schiffslaternen am weissgestrichenen Gatter,
2147 3316 2948 3353 die roten Backsteinhäuser mit weissen Säulen¬
2147 3345 2966 3386 fronten, die Zimmer der hundert Jahre alten
2147 3381 2966 3421 "Schiffs Inn" in der von Ulmen beschatteten Ne¬
2147 3418 2966 3462 benstrasse – und jeder der dreitausend Einwoh¬
2147 3463 2966 3511 ner von Nantucket beherbergt einen oder mehrere
2147 3498 2963 3554 der zwölftausend Sommergäste. Bald, im Herbst,
2147 3537 2966 3581 werden Pferde und Hunde auf das amerikanische
2146 3578 2966 3634 Festland verfrachtet, die Jachten verlassen den
2147 3611 2966 3666 Hafen und steuern nach Florida oder Neuyork,
2147 3656 2966 3703 und die jungen Schauspieler des Sommertheaters
2147 3694 2966 3736 reisen ab und verlieren sich in den grossen Städ¬
2147 3729 2966 3793 ten. Aber der Herbst ist die schönste Jahreszeit
2147 3767 2966 3823 auf der Insel. Dann liegt Nebel über dem Moor,
2147 3807 2966 3865 das sich gegen Süden unendlich und unberührt
2146 3840 2966 3890 auszudehnen scheint, obwohl Nantucket nur fünf¬
2147 3890 2966 3933 zehn Meilen lang und etwa sieben Meilen breit
2147 3933 2966 3982 ist – die Heide färbt sich rostbraun, der Wind
2147 3968 2948 4023 wird noch stärker, und die letzten vierhundert
2147 4004 2946 4057 Schafe der Insel weiden auf den Golfwiesen. Rog¬
2147 4051 2952 4094 gen, Mais und Hafer stapelt sich in den kleinen
2147 4088 2955 4140 Scheunen der Inselbauern, die Windmühle auf dem
2147 4128 2955 4171 Hügel dreht ihre Flügel. Der "Hügel" ist nur etwa
2147 4168 2952 4206 zehn Meter hoch. Die Mühle wurde im Jahre 1746
2147 4211 2948 4254 gebaut, und immer seither wurde eine besondere
2147 4246 2946 4291 Maissorte aus England nach Nantucket impor¬
2147 4277 2954 4330 tiert und in der Mühle gemahlen, damit die Frauen
2147 4324 2946 4362 der Insel ihre "Cornmuffins" backen können wie
2147 4360 2954 4412 sie es gewohnt sind. Sie weben zu Hause auch
2147 4399 2947 4445 Wollstoffe, die so gut sind wie englischer Tweed.
2147 4440 2948 4483 Und sie wohnen zwischen alten Möbeln, Uhren,
2146 4472 2948 4526 Silber, Schiffsmodellen und kolorierten Stichen,
2147 4520 2946 4561 die ihre Vorfahren aus England herübergebracht
2147 4553 2249 4608 haben.\:p\
2174 4588 2946 4643 \p\Ich bin oft in Orten gewesen, die weit entfernt
2147 4636 2948 4676 schienen, ja fast ausserhalb der bewohnten, den
2147 4672 2946 4713 Menschen zugänglichen Welt. Ich habe oft Men¬
2147 4710 2946 4754 schen gesehen, die irgendwo am Rand der Wüste
2147 4747 2948 4793 leben, deren Blick sich am Horizont der Steppe
2147 4786 2936 4839 blindsieht, die in einer verlorenen Hafenstadt in der
2147 4838 2940 4875 dunstigen Glut des Orients ihr Leben damit ver¬
2147 4872 2948 4915 bringen, auf Dampfersirenen zu lauschen und auf
2979 1204 3800 1263 die Abfahrt eines Schiffes zu warten. Ich weiss,
2979 1248 3806 1289 dass man ohne Radio, ohne Elektrizität und ohne
2979 1285 3806 1341 Zeitungen leben kann. Ich habe gesehen, dass
2999 1320 3797 1375 Menschen ausserhalb des reissenden und tragen¬
2995 1364 3808 1408 den Stromes der Zeit glücklich sind, und andere,
2991 1403 3807 1454 in grossen Städten, in wahren Nervenzentren der
2990 1442 3800 1481 weltbewegenden Ereignisse zugrunde gehen. Aber
2990 1479 3801 1517 ich habe noch nie auf einer Insel gelebt, und be¬
2990 1522 3803 1561 sonders nicht in einer solchen Zeit. Heute ist es
2990 1553 3808 1603 schwer, sich auch nur für einen Tag oder eine
2988 1583 3801 1650 Nachtstunde frei zu machen von der fürchterli¬
2990 1634 3806 1689 chen Bedrängnis von Zeit und Raum, und dem
2995 1673 3796 1719 "Gebot der Stunde". Selbst diejenigen unter uns,
2993 1709 3808 1756 die noch nicht direkt betroffen scheinen, die noch
2990 1746 3801 1801 keinen Militärdienst tun, nicht ihr Haus brennen,
2990 1782 3801 1833 ihre Felder zerstampft sehen, um keinen ihrer
2990 1825 3803 1884 Lieben zittern müssen, selbst diese spüren wohl,
2990 1864 3796 1920 dass die Zeit reif ist, dass es heute sein kann oder
3002 1901 3801 1954 übermorgen – und sie sind wie gelähmt und war¬
2990 1939 3803 1997 ten auf übermorgen, und begreifen nur das Eine:
2990 1978 3800 2040 dass es "Zufall" oder "Schicksal" ist, was ihnen
2990 2018 3801 2073 zustossen, was über sie hinwegrollen wird, dass
2990 2053 3797 2110 sie nicht mehr über die nächste Stunde bestim¬
2990 2104 3796 2149 men. Um diesem allem zu entkommen, meinen
2990 2137 3800 2186 einige, weit fortgehen zu müssen. Aber gerade
2986 2176 3796 2237 dort, in den letzten Städten, am Wüstenrand, sah
2991 2220 3800 2270 ich viele so hoffnungslos die kommende Dämme¬
2986 2252 3236 2306 rung erwarten!\:p\
3019 2275 3801 2344 \p\Diese Insel ist von solchen tödlichen Gefahren
2988 2322 3801 2392 weit entfernt. Genau genommen, liegt sie der
2988 2372 3801 2428 freundlichen Küste von Massachusetts, der Halb¬
2991 2412 3803 2468 insel Cape Cod vorgelagert, und wurde wahr¬
2993 2455 3804 2497 scheinlich vom gleichen Kapitän Bartholomew
2988 2490 3801 2544 Gosnold entdeckt, der im März 1602 auf seinem
2990 2526 3803 2579 Segelschiff "Concord" von Falmouth, England,
2990 2569 3800 2616 ausfuhr, um sieben Wochen später Cape Cod nach
2978 2612 3797 2666 einem reichen Codfisch-Fang zu taufen. Heute
2978 2649 3793 2700 fahren die Schiffe mehrmals täglich, und brau¬
2978 2690 3799 2740 chen nach dem amerikanischen Festland nur drei
2979 2728 3793 2776 Stunden. Aber das hat wenig zu sagen. Die Insel-
2979 2769 3793 2810 Bewohner nennen das nahe Festland des Konti¬
2987 2806 3796 2853 nents "Amerika", als gehörten sie nicht dazu. Sie
2979 2850 3800 2888 sind nicht einmal wirklich abhängig vom Frem¬
2979 2888 3806 2928 denverkehr, obwohl viele von ihnen während drei
2993 2923 3804 2967 Sommermonaten ihr Bargeld von Sommergästen
2988 2958 3795 3013 verdienen – als Chauffeure, Hummerköche, Häu¬
2983 2984 3793 3060 sermakler, Hotelportiers, Gepäckträger. Aber sie
2986 3034 3793 3097 könnten auch von ihrem Roggenbrot, ihrem Fisch¬
2983 3073 3793 3124 fang, ihren handgewobenen Stoffen und Farmen
2987 3111 3793 3167 und vierhundert Schafen leben und den Winter
2993 3150 3795 3214 überdauern wie ihre Vorfahren, die ersten neun¬
2979 3199 3796 3252 undzwanzig Pioniere. Es gibt auf der Insel keine
2979 3245 3793 3292 einzige Fabrik – ausser der Preisselbeerkocherei
2979 3273 3799 3328 in der Heide. Es gibt kein proletarisches Problem
3009 3322 3803 3369 – selbst die Hütten der ärmeren Leute, unten an
2979 3350 3793 3404 der Bucht, sind freundliche, menschliche Behau¬
2979 3396 3793 3440 sungen verglichen mit einer Vorortsstrasse einer
2979 3435 3795 3476 amerikanischen Grosstadt – und der fünfzehn¬
2979 3466 3793 3521 jährige Sohn der Nigger-Mammie könnte sich als
2979 3506 3792 3560 Bauernknecht oder Netzeflicker seine "Hambur¬
2979 3549 3799 3599 ger Sandwichs" ebenso verdienen wie als herum¬
2979 3581 3791 3634 lungernder Fremdenführer. Es genügt, hier zu
2978 3631 3797 3683 landen, und den gewundenen, schmalen Insel-
2979 3670 3791 3718 Wegen entlang zu fahren, die Schindelhäuser der
2979 3707 3788 3752 Kleinbauern, die weissen Schafe auf der Weide,
2979 3745 3795 3796 die Webstühle in den Stuben, von weitem einen
2978 3771 3797 3842 Kirchturm oder ein Segelschiff, ein Fischerboot
2978 3828 3788 3874 zu sehen, – um zu wissen: so haben Menschen
2979 3859 3788 3910 gelebt, so leben sie, – von Brot, von der Arbeit
2979 3908 3788 3949 auf ihren Feldern, unter ihren friedlichen Dä¬
2979 3934 3087 3990 chern.\:p\
3658 3937 3788 3996 A. C.-S.
