3903 5669
1400 1679 3314 1832 Schrecken der orientalischen Landstraßen
1394 1862 2199 2013 Von Dr. Annemarie Clark.*
1528 2051 3574 2210 \p\«Landstraßen» ist gar nicht immer der richtige Aus¬
1394 2177 3582 2322 druck: manchmal sind es Karawanenwege, manchmal Maul¬
1400 2292 3591 2435 tierpfade, Pässe, Berg- und Talrouten, manchmal nichts als
1394 2402 3585 2525 ein Bündel von schwach sichtbaren Spuren in der Wüste.
1391 2509 3574 2640 Man spricht von Landstraßen, weil sie weit durch die Län-
1400 2635 3591 2733 der laufen, unendlich weit, — manchmal so weit, daß man
1400 2744 3580 2892 die Hoffnung aufgibt, sie hätten überhaupt eine Absicht und
1397 2846 1728 2982 ein Ziel.\:p\
1578 2958 3492 3106 \p\Es ist wunderschön, auf ihnen unterwegs zu sein –
1397 3073 3588 3207 weder Eisenbahnen, noch sogar Flugzeuge geben so sehr das
1391 3193 3585 3330 Gefühl, verloren zu sein mitten in der Welt, hinter dem
1400 3303 3574 3445 Bosporus und dem Kaukasus, hinter den Toren des großen
1394 3415 3582 3569 Asien. Flugzeuge geben eine gewaltige Übersicht, man kann
1394 3528 3585 3645 sich nachher die Gegenden vorstellen wie eine Landkarte.
1386 3640 3580 3779 Eisenbahnen sind gebunden: an Schienen, Fahrpläne und
1400 3747 3580 3895 Stationen, und wir fahren darin passiv wie Postpakete. Aber
1394 3859 3448 3982 die Landstraßen sind das große Abenteuer des Orients.\:p\
1531 3968 3582 4097 \p\In der Türkei habe ich damit die ersten Erfahrungen
1400 4094 3580 4240 gemacht. Kleinasien, Anatolien, ist ein schönes Land, noch
1400 4204 3580 4346 ganz neu, bisher hat es nur die Geschichte von Wanderungen
1405 4316 3574 4456 gekannt. Die Gallier sind hier eingebrochen, Vorboten der
1410 4434 3585 4571 Völkerwanderung. Etwa fünfzehnhundert Jahre vor ihnen
1386 4544 3580 4681 kamen die Arier aus dem Kaukasus bis an den Vansee, der
1380 4650 3582 4804 noch von phantastischen Felsenbauten aus jener Frühzeit der
1487 4812 2333 4938 * Annemarie Schwarzenbach.\fml\\:p\
414 619 2620 762 \p\\fml\Menschheit umgeben ist. Im Mittelalter kamen die Türken
414 743 2612 892 aus den asiatischen Ebenen, Seldschukken und Osmanen,
431 862 1381 994 dazwischen die Mongolen.\:p\
558 975 2618 1121 \p\Und Kreuzritter, aus Venedig, Frankreich und Deutsch¬
414 1102 2620 1223 land unterwegs ins Heilige Land, saßen lange in Konya ...\:p\
574 1223 2623 1361 \p\Heute wecken die Türken die anatolische Steppe auf,
431 1328 2612 1491 wie die bolschewistischen Pioniere Sibirien und die Turk¬
414 1441 2623 1582 menensteppen bis hinauf zum neuen Tadschickenstaat am
439 1563 2618 1701 Pamir. Mitten in Anatolien liegt die neue Hauptstadt An¬
414 1671 2634 1820 kara: von dort gehen auch die neuen Landstraßen aus. Am
431 1792 2612 1930 Anfang sind es breite, moderne, schwarz asphaltierte Stra¬
411 1903 2623 2054 ßen. Sie laufen über ein paar Hügel hinweg, dann hört der
431 2024 2612 2162 Asphaltbelag auf, und sie werden gelb wie der Steppen¬
425 2126 2623 2286 boden. Zuerst gibt es Brücken, bald nur noch Furten durch
431 2239 2623 2388 mehr oder weniger tiefes Wasser. Und endlich tut man gut
439 2358 2612 2507 daran, die eigentliche «Straße» zu verlassen, und neben¬
431 2471 2631 2626 her über den Grasgrund zu fahren, der immer noch ebener
425 2593 2612 2723 und leichter zu überwinden ist, als das von Löchern über¬
422 2689 2623 2858 säte, von Furchen durchschnittene, mit Geröll überhäufte
431 2819 897 2963 Straßenbett.\:p\
569 2932 2623 3090 \p\In Kaiserie war es, dem alten römischen Caesarea,
431 3048 2631 3173 Hauptstadt von Kappadokien [siehe Kapitel in WiV]. Zwölf Stunden Eisenbahn
431 3164 2640 3286 von Ankara, lange, einsame, gleichförmige Reise durch die
425 3280 2631 3427 Hügel, die sich nicht verändern bis ans Ende des Tags
431 3394 2631 3504 und der Nacht. Und von Kaiserie aus wollten wir in ein
425 3510 2637 3631 Tal hinüber fahren, welches im Altertum das Tal der
425 3614 2637 3766 tausend Pyramiden hieß [vgl. smallform_102 u. ev. a. = das würde auf die erste Persienreise hindeuten, mit jsg klären]. Später wohnten hier christliche
425 3736 2623 3907 Einsiedler, auch Flüchtlinge, in den phantastischen Fels¬\fml\\:p\
1380 1862 3495 2020 \p\\fml\türmen, den Erosionshöhlen, dem Labyrinth aus Säulen,
1393 1983 3500 2107 Kerzen, Blöcken und Pyramiden, die wie eine vom
1388 2099 3484 2244 Sturm geschüttelte Armee geisterhaft das gelbe, ausge¬
1393 2197 3495 2349 waschene Tal füllen. Der Paß, über den die Landstraße
1380 2307 3474 2470 hinüberführte, hieß «Indsche Su», das bedeutet Wasser¬
1396 2441 3477 2576 scheide, — und man sagte uns (es war Anfang Dezem¬
1399 2526 3477 2671 ber), daß die Straße schlecht, ja kaum zu befahren sei,
1393 2628 3477 2779 wir mieteten ein Auto, man brachte uns alte, ausgediente
1385 2736 3479 2879 Fordwagen, ohne Ersatzreifen, ohne Bremsen. Endlich fan¬
1393 2852 3471 2989 den wir einen Chevrolet, der ein paar Jahre jünger schien,
1393 2966 3484 3105 bezahlten ihn teuer, — es regnete in Strömen, als wir durch
1383 3079 3487 3197 die von Ruinen und Brandstätten eingesäumten Straßen von
1383 3182 3482 3305 Kaiserie und an seiner hohen, alten Festungsmauer vorbei
1388 3274 3471 3432 fuhren. Der Vorstand der Eisenbahn begleitete uns — er
1383 3395 3477 3527 nannte es eine richtige Narretei und Gottversuchung, bei
1383 3503 3477 3637 diesem Wetter. «Aber begreifen Sie doch», sagten wir zu
1383 3611 3474 3737 ihm, — «wir sind den ganzen, langen Weg von Istambul und
1399 3724 3484 3869 Ankara hierher gekommen, um die Höhlen von Urgüb und
1399 3822 3477 3964 Göreme zu sehen. Da können wir uns doch nicht wegen ein
1375 3930 3471 4072 bißchen Regen abhalten lassen?» — «Regen und schlechte
1388 4030 3487 4174 Straßen», sagte er fast böse, — «Ihr in Europa nehmt solche
1383 4138 3477 4290 Dinge zu leicht. Ihr habt keinen Respekt mehr vor den
1388 4246 3471 4390 Naturgewalten.» — «Und doch kommen Sie mit?» — «Ich
1388 4359 3060 4517 muß doch sehen, ob das gut ausgeht!» sagte er.\:p\ [space?]
1501 4485 3477 4638 \p\Als wir die Höhe von Indsche Su noch nicht erreicht
1370 4601 3474 4733 hatten, begann der Wagen zu gleiten. Die Räder drehten
1388 4717 3466 4836 leer und warfen den Kot wie Wasserräder hinter sich. Wir
1370 4830 3463 4978 sagten dem Chauffeur, daß er Ketten anlegen sollte. Aber\fml\\:p\
344 612 2424 716 \p\\fml\er behauptete, das ruiniere die Kuppelung! Und als wir
344 698 2424 838 endlich auf der Paßhöhe waren, weigerte er sich über¬
349 815 2421 937 haupt, weiterzufahren. «Wir kommen nie wieder zurück»,
349 919 2416 1047 sagte er, «die Bremsen gehen zum Teufel, — und in Urgüb
344 1015 2424 1153 können Sie lange suchen, wenn Sie einen Wagen mieten
338 1135 2421 1281 wollen.» — «Fahren Sie schon», sagten wir. Und dann
341 1245 935 1372 fuhr er auch ...\:p\
469 1370 2419 1492 \p\Aber diese Talfahrt wird keiner der Beteiligten so
328 1469 2411 1609 schnell vergessen! Der Boden war Lehm, — weicher, glat¬
349 1575 2429 1718 ter, vom Regen geschmierter Lehm, — und die Straße war
346 1685 2416 1815 ein alter Saumweg, der haarscharf am glatten steilen, tiefen
331 1799 2424 1909 Abhang entlang führte. Die Bremsen richteten nicht viel
331 1903 2416 2036 aus, — wir hielten beständig die Türklinke in der Hand,
344 2005 2315 2127 während der Wagen sich sanft schaukelnd bewegte, –
349 2122 2421 2244 manchmal halb um seine eigene Achse, manchmal mit dem
349 2213 2421 2356 Kühler wie mit einer neugierigen Schnauze bis über den
349 2333 2416 2448 Abgrund vordringend. — Unten war Nebel, und verdeckte
344 2453 2427 2580 das gespenstische Urgüb, und die Tiefe, die wir nicht messen
341 2541 2424 2669 konnten. Wir wären alle lieber ausgestiegen, — aber wir
352 2643 2427 2781 fürchteten, daß dann der Chauffeur sich weigern würde,
344 2763 2427 2903 weiter zu fahren. Neben uns saß leichenblaß der Herr
349 2877 1031 3000 Eisenbahnvorstand.\:p\
461 2987 2419 3138 \p\Aber schließlich waren wir doch unten, und die Höhlen
349 3104 2421 3216 tauchten vor uns aus dem Nebel. Gegen Abend gab es
349 3205 2429 3356 Sonne, die die Lehmerde ein wenig trocknete. Wir brauch¬
349 3315 2416 3450 ten sehr lange für die Heimfahrt, aber wir hatten keine
349 3416 2421 3565 Angst mehr. Ja, am liebsten wären wir, zwei Wochen später,
338 3523 2421 3682 mit einem Fordwagen über den alten Taurus-Paß gefahren,\fml\\:p\
1352 1815 3456 1988 \p\\fml\der in tausend engen Windungen das wunderbare Grenz¬
1365 1950 3472 2096 gebirge Kleinasiens überwindet. Aber das erwies sich, zu
1357 2067 3472 2207 dieser Jahreszeit, als absolut unmöglich, — und so fuhren
1367 2173 3466 2327 wir eben mit dem Taurus-Expreß in das warme, reiche,
1357 2276 2398 2419 gesegnete Syrien hinüber ...\:p\
1481 2419 3461 2552 \p\Dort gibt es viele ausgezeichnete Straßen, sie sind neu,
1352 2525 3469 2637 breit, für Automobile gedacht, es ist ein Vergnügen, auf
1352 2626 3456 2761 ihnen zu fahren, — der blauen Küste entlang, von Antiochia
1365 2745 3350 2867 und Lattakieh bis hinunter nach Tripolis und Beyrouth,
1357 2846 3442 2984 oder in prachtvollen Kurven durch den terrassierten, wein¬
1352 2952 3461 3098 reichen Libanon, drüben hinunter in die Ebene der Stadt
1352 3058 3461 3201 Damaskus und der Tempelruinen von Baalbek-Heliopolis,
1465 3172 3466 3315 auf glatten, geschwinden Wüstenspuren endlich bis zum
1352 3281 3461 3421 glanzvollen Palmyra, und von Aleppo bis zu den Wüsten¬
1354 3389 3461 3517 garnisonen von Abu Kemal und Deir-ez-Zor. Man fühlt sich
1352 3498 3458 3630 dort in einem zivilisierten Land, — selbst die Schreckens¬
1352 3607 3469 3747 fahrt durch die syrische Wüste wird jetzt von den großen
1352 3718 3456 3856 Nairn-Autobussen in 24 Stunden zurückgelegt, ob die Reisen¬
1357 3829 2957 3975 den es wollen und bequem finden oder nicht.\:p\
1481 3948 3469 4089 \p\Aber diese Fahrt war vor wenigen, ganz wenigen
1352 4068 3461 4195 Jahren noch ein gefährliches Unternehmen, man fuhr in
1338 4176 3461 4301 Buickwagen normaler Größe, und wurde vorher im Hand¬
1352 4280 3448 4418 haben von Revolvern unterrichtet. Es kam nicht selten vor,
1352 4386 3448 4513 daß Beduinen die Wagen überfielen, die Reisenden aus¬
1338 4486 3456 4645 raubten und beschossen. Inzwischen hat man ein Abkom¬
1346 4603 3466 4728 men mit den Wüstensöhnen getroffen, man zahlt ihnen etwas
1338 4709 3461 4855 dafür, daß sie die Transporte in Frieden lassen. Trotzdem,
1338 4820 3469 4985 belehrte man meine Freunde und mich, sei es immer noch\fml\\:p\
350 611 2423 739 \p\\fml\gefährlich, allein im Land herumzufahren, und besonders
350 726 2423 849 im Winter, wenn die Beduinen anfangen Hunger zu leiden.\:p\
494 854 2415 984 \p\Wir wohnten damals in einem schönen, gut eingerichte¬
350 969 2428 1102 ten Expeditionshaus, eine Autostunde von Aleppo entfernt.
350 1071 2423 1186 Es regnete, die Ausgrabung unserer hettitisch-assyrischen
350 1175 2423 1290 Stadt mußte unterbrochen werden, außerdem waren es die
355 1285 2421 1428 Weihnachtstage, und wir waren in Ferienstimmung [vgl. Vor Weihnachten, smallform_0060]. Wenn
350 1389 2410 1517 wir uns langweilten, führen wir in unseren Ford-Station-
345 1494 2421 1619 Cars nach Aleppo, — auch zweimal bis hinunter nach
345 1601 2431 1713 Beyrouth, welches uns großstädtisch, fröhlich, verführerisch
345 1723 2434 1851 vorkam. Aber am liebsten waren wir doch in Aleppo, am
345 1807 2418 1930 Fuß der herrlichen arabischen Zitadelle, in den Soldaten¬
355 1927 2421 2050 kaffees, wo Neger, Leute aus Algier in hellen Turbanen,
345 2034 2410 2183 Araber und Franzosen zuhörten, wie Sängerinnen aus Stam¬
345 2149 2421 2295 bul und Kairo ihre traurigen Lieder vortrugen. Manchmal
342 2254 2421 2408 fuhren wir erst spät in der Nacht zurück, — und eben davor
355 2376 1368 2494 warnten uns unsere Freunde.\:p\
480 2502 2439 2650 \p\Unser Chauffeur hieß Hussein. Er war ein Türke, und
337 2622 2415 2737 haßte die Araber und besonders die Beduinen bitter. Ge¬
350 2731 2423 2883 wöhnlich schlief er im Wagen, während er auf uns wartete,
452 2836 2423 2979 wurde dann aber schnell munter, und begann türkische
350 2945 2428 3097 Lieder zu singen, — solange, bis wir sie wiederholen konn¬
345 3068 1648 3217 ten und ihren Text verstanden hatten.\:p\
480 3188 2423 3340 \p\Eines Abends hatte man uns viele Geschichten von den
355 3306 2421 3426 Raubüberfällen der Beduinen erzählt. Eine besonders be¬
337 3413 2434 3546 rüchtigte Bande war kürzlich an der türkisch-syrischen
345 3536 2431 3658 Grenze festgenommen worden, und man hatte alle Mitglie¬\fml\\:p\
1285 1702 3434 1881 \p\\fml\der geköpft. Eine Photographie der so Gerichteten wurde
1285 1833 3079 1975 als Reklame und Abschreckung überall verteilt.\:p\
1432 1964 3410 2109 \p\«Es handelt sich nicht um gewöhnliche Gauner», er¬
1280 2063 3415 2205 klärte man uns, — «die Beduinen fangen erst an zu stehlen,
1296 2183 3415 2328 wenn sie in Not sind. In besonders harten oder langen
1310 2293 3423 2405 Wintern geht ihnen das Futter für die Schafherden aus, die
1291 2395 3413 2528 Schafe sterben vor Hunger und Frost, — und das ist doch
1291 2509 3415 2651 ihr einziger Besitz. Aus Verzweiflung gehen sie dann auf
1285 2619 3423 2755 die Landstraße und überfallen die Autos. — Wenn Ihr damit
1285 2731 3423 2876 fortfahrt, nachts ohne Schutz im Auto unterwegs zu sein,
1304 2841 2937 3001 werdet Ihr ihre Bekanntschaft schon machen.»\:p\
1416 2974 3415 3140 \p\Etwa um ein Uhr nachts fuhren wir weg. Wir ließen
1291 3084 3426 3228 die Lichter von Aleppo hinter uns, und tauchten in die
1285 3196 3426 3333 dunkle, meeresähnliche Halbwüste unter. Es hatte lang und
1285 3301 3423 3423 stark geregnet, die Straße hatte überall gelitten, die
1291 3415 3418 3554 Böschung bröckelte, da und dort bildeten sich mit Wasser
1291 3522 3413 3661 gefüllte Löcher. — Wir saßen zu dritt vorne, der junge
1285 3635 3413 3784 Amerikaner Bob steuerte, Fred und ich saßen dicht gedrängt
1285 3752 3407 3910 neben ihm. Hussein hatte eine Weile gesungen, jetzt lag
1285 3856 3421 4011 er hinten im Wagen und schlief. Wir redeten nicht, starrten
1291 3979 2584 4121 alle drei vor uns in die Dunkelheit.\:p\
1427 4137 3413 4255 \p\Plötzlich schien mir, daß ich einen Lichtschein sehe,
1291 4244 3418 4386 der sich langsam von der Wüste auf die Straße zu bewegte.
1283 4359 3434 4514 Dann waren es mehrere Lichter, auf beiden Seiten der
1285 4471 3434 4597 Straße, und ich konnte, als wir näher kamen, in ihrem
1291 4591 3413 4749 Schein dunkle Gestalten in langen Beduinen-Mänteln er¬
1288 4709 1574 4851 kennen.\:p\
463 645 2481 815 \p\Ich sah Bob und Fred an, — aber sie sahen immer
306 769 1801 921 noch starr geradeaus, und sagten nichts.\:p\
447 888 2470 1035 \p\Ich sah jetzt, daß die Kerle vor uns eine Kette quer über
320 1013 2476 1154 die Straße gebildet hatten, und, während einige von ihnen
325 1116 2489 1249 Fackeln hoch hielten, schwangen die anderen uns Gewehre
306 1235 2470 1363 entgegen, um uns zum Anhalten aufzufordern. Ich war
330 1335 2487 1490 jetzt ganz sicher, daß diese Beduinen es auf uns abgesehen
320 1452 2470 1576 hatten, — unwillkürlich zog ich meinen Revolver aus der
320 1566 2462 1704 Tasche. Aber im gleichen Augenblick fühlte ich, wie Hus¬
314 1671 2470 1826 sein von hinten über meine Schulter langte und mir den
306 1780 2476 1942 Revolver aus der Hand nahm. «Ich verstecke ihn», sagte
314 1888 2481 2021 er. «Wenn die dort Waffen sehen, schießen sie uns sofort
306 2021 2476 2124 tot.» — «Aber wir sollten doch versuchen, uns zu verteidi¬
314 2124 2484 2267 gen», dachte ich. Ich sah, daß Bob mit den Achseln zuckte,
306 2235 799 2397 und schwieg.\:p\
447 2348 2470 2514 \p\Wir waren jetzt ganz nahe vor den Beduinen, die, ohne
314 2476 2470 2633 von der Stelle zu weichen, ihre Gewehre schüttelten. Wir
306 2595 2462 2717 fuhren langsamer, hielten. Bob öffnete die Türe, und war¬
306 2714 2470 2855 tete, bis einer der Beduinen näher trat. Der bückte sich,
306 2809 2470 2955 um Bob ins Gesicht zu sehen, und sagte: «Wir sind hier als
317 2920 2468 3069 Wache aufgestellt. Sie können hier nicht weiter.» Bob, ohne
312 3034 2470 3180 ihn aus den Augen zu lassen, schüttelte Hussein am Arm.
306 3145 2457 3272 «Sag ihnen, daß wir noch heute nacht nach Rihanie müssen.
314 3267 2465 3389 Sag ihnen, daß, wenn sie uns nicht im Guten durchlassen,
295 3370 2473 3508 sie die Gendarmen auf dem Hals haben werden.» Hussein
320 3478 2462 3630 begann zu übersetzen. Der Beduine unterbrach ihn, wieder¬
314 3586 2457 3714 holte nur: «Wir sind hier die Wache. Die Straße ist ge-
301 3697 2470 3822 sperrt.» — Plötzlich sprang Bob aus dem Wagen, lief an\fml\\:p\
1345 1709 3518 1847 \p\\fml\dem Beduinen vorbei nach vorne, besah aufmerksam die
1350 1852 3507 1967 Straße, die Böschung, kehrte zurück. «Kinder», sagte er,
1345 1950 3515 2092 «man kann wirklich nicht durch. Der Kerl hat ja ganz recht!»
1345 2070 3528 2225 Hussein, grinsend, sagte: «Sind von der Gendarmerie als
1345 2187 3515 2336 Wache aufgestellt. Straße vom Regen kaputt.» Alles klärte
1342 2290 3499 2426 sich auf. Der Regen hatte an dieser Stelle ein Stück der
1350 2401 3507 2542 Böschung weggeschwemmt, außerdem hatte sich in der
1358 2515 3496 2662 Mitte der Straße ein Loch, groß wie ein Granattrichter, ge¬
1345 2621 3507 2743 bildet. Die Beduinen, die wir für Räuber gehalten hatten,
1345 2727 3507 2860 waren brave Wächter und hatten wahrscheinlich unser
1345 2847 3496 2988 Leben, sicher aber die Achsen unseres Wagens gerettet ...
1358 2958 3515 3102 Übrigens brachten wir es gemeinsam fertig, den Wagen um
1358 3072 3507 3194 den Rand des Trichters herumzuheben, sodaß wir unseren
1364 3181 3507 3319 Weg fortsetzen konnten. Wir hatten die ganze Zeit über
1345 3284 3515 3433 kaum ein Wort zusammen gewechselt. Als die Beduinen
1345 3395 3515 3539 und ihre Fackeln außer Sicht waren, sagte ich: «Ich habe sie
1358 3515 3507 3656 für Banditen gehalten.» «Für was glaubst Du denn, daß
1345 3626 3490 3767 wir sie gehalten haben?» fragte Fred. «Für Banditen», sagte
1350 3740 3496 3890 Bob, — «ich war sicher, daß sie auf uns schießen würden.»
1483 3843 3490 3977 Wir kamen in der besten Laune in Rihanie an. — Nach¬
1350 3958 3406 4129 her gaben wir aber unsere Nachtfahrten doch nicht auf. –\:p\
1489 4093 3512 4218 \p\In Irak sind die Straßen wieder sehr viel schlechter als
1350 4205 3512 4349 in Syrien. Man sitzt dort niemals ruhig im Auto, sondern
1350 4313 3496 4438 ist beständig bereit, sich am Rahmen des Verdecks festzu¬
1345 4427 3507 4547 halten, um nicht gegen die Decke gestoßen zu werden.
1350 4539 3528 4688 Nachdem man zehn Stunden auf diese Weise gefahren ist,
1364 4645 3520 4767 würde man gern ein Vermögen geben, um dem entsetzlichen
1358 4762 3515 4914 Gefängnis des Wagenraums zu entgehen, — aber es hilft\fml\\:p\
311 597 2503 763 \p\\fml\nichts, man kann ja nicht einfach in der Wüste aussteigen
321 722 1119 861 und spazieren gehen.\:p\
455 833 2476 1002 \p\Dort, in Irak, habe ich auch zum erstenmal einen Staub¬
332 961 2495 1084 sturm erlebt. Wir waren unterwegs nach dem Süden, nach
338 1060 2500 1188 den alten Städten Ur und Erech[auch zu diesem Ereignis gibt es m.M. mindestens einen Artikel]. Der Sturm erhob sich
324 1182 2487 1324 plötzlich und trug den Sand wie eine Fahne vor sich her.
324 1297 2503 1419 Sandhosen wirbelten da und dort wie kleine, geschwinde
324 1400 2500 1550 Rauchsäulen über den Wüstenboden. Ihrer wurden immer
332 1509 2484 1656 mehr, viele versammelten sich und bildeten einen wandeln¬
324 1632 2500 1765 den Turm, und schließlich war es, als stehe irgendwo eine
349 1727 2500 1896 große Sanddüne auf, und werde zum eilig wandernden
343 1844 2492 1975 Riesen, dann zur schwarzen Wand, die sich mit Windeseile
338 1961 2492 2105 auf uns zu bewegte. Der Fahrer sprang aus dem Wagen,
324 2081 2500 2206 riß die Türe auf und rief uns zu, daß wir uns neben den
338 2190 2506 2340 Wagen flach auf den Boden legen sollten. Wir warfen uns
343 2293 2492 2419 nieder, und schon war der Sturm da und trug unser Ver¬
338 2405 2492 2560 deck wie einen Vogel davon. Wir hörten ein donnerähn¬
349 2511 2506 2664 liches Krachen, glaubten schon, der Wagen werde sich
343 2634 2492 2773 drehen und auf uns stürzen, — dann verging uns der Atem,
338 2754 2492 2898 und wir spürten den Sand wie Schrot auf unserer gespann¬
343 2857 2391 2991 ten Gesichtshaut. Das mochte einige Sekunden dauern,
354 2963 2503 3089 während derer ich zu ersticken meinte. Als ich den Kopf
349 3081 2492 3219 hob, — Luft um jeden Preis! — war die ganze Welt rings
354 3184 2511 3301 um in einen grauen Nebel gehüllt, und darüber segelten
360 3301 2509 3424 Wolken, — oder war es immer noch Sand? Langsam be¬
349 3424 2514 3563 freite sich die Luft ein wenig, – aber den ganzen Tag fuhr
343 3516 2519 3677 es fort, Sand zu regnen, und quer über der Straße lagen oft
354 3636 1672 3775 breite Dünen wie große, tote Tiere.\:p\
1449 1698 3467 1843 \p\Nun könnte ich noch von den Landstraßen Irans erzäh¬
1320 1829 3467 1975 len, die ich am besten kenne, und auch am meisten liebe.
1315 1936 3462 2079 Aber ich habe dort keine Abenteuer bestanden, nicht ein-
1320 2043 3459 2183 mal einen ordentlichen Staubsturm, der dort — so behaup¬
1328 2147 3462 2309 ten die Perser, noch viel unheimlicher sein kann als die
1328 2257 3467 2410 Wüstenstürme. Dafür gab es himmelhohe Pässe, Schnee,
1320 2383 3481 2520 fast noch im Sommer, und im Frühjahr überschwemmte
1328 2490 3478 2626 Straßen, in denen die Lastwagen ertranken wie große,
1320 2588 3481 2731 dumme Kälber. Dann saßen die Chauffeure drei Tage lang
1309 2711 3470 2843 in ihrer engen Kabine und warteten, bis sich das Wasser
1328 2807 3467 2972 wieder senkte. Und wir suchten, oft mitten in der Nacht, bis
1309 2930 3470 3051 zu den Hüften watend, eine Furt, schleppten den Wagen
1309 3040 3470 3152 über Sandbänke ans andere Ufer. Dort lernte ich auch, daß
1317 3144 3481 3284 man buchstäblich Tag und Nacht fahren kann — nur muß
1309 3262 3478 3404 man dann neben dem Führer sitzen und genug lustige Ge¬
1309 3369 3511 3525 schichten erzählen können, um ihn am Steuer wach zu
1315 3486 1586 3645 halten!\:p\
