3698 5669
104 597 909 742 Vor Schulschluß
92 704 1372 870 Skizze von Annemarie Schwarzenbach
258 918 2474 1066 \p\Gerda war gerade achtzehn Jahre alt, als sie aus unserer
104 1025 2468 1149 Schule fortging. Es kam so plötzlich, sie war mehr als zwei
110 1126 2477 1256 Jahre lang dagewesen, und im Herbst hätte sie mit Marianne und
110 1200 2462 1334 mir die Maturität in Z. machen sollen. Wir freuten uns schon lange
92 1298 2468 1414 darauf, zu dritt hinunter zu fahren, und eine Woche lang im Hotel
92 1405 2471 1527 zu wohnen. Wegen des Examens hatten wir überhaupt keine Angst,
110 1485 2474 1598 auch Gerda nicht, denn bisher hatten alle Mädchen aus unserer
110 1574 2468 1708 Schule die Maturität am Gymnasium in Z. leicht bestanden, und
116 1669 2477 1797 schließlich waren wir die ganze Zeit über ziemlich fleißig. In Ma¬
104 1752 2477 1892 thematik waren wir ungefähr gleich, aber in alten Sprachen war
104 1838 2477 1960 Gerda am besten. Wir lasen damals gerade Tacitus' Annalen und
101 1933 2480 2067 die Oden von Horaz. Gerda konnte Tacitus fließend vom Blatt
116 2023 2474 2177 übersetzen. Wir hatten vor, nach der Maturität in Zürich zu stu¬
104 2112 2486 2228 dieren und dort zusammen zu wohnen, und auch darauf freuten wir
110 2204 2483 2311 uns schon lange. Gerdas Mutter wohnte auch in Zürich, aber Gerda
128 2281 2492 2429 sagte immer, daß sie lieber nicht mit ihrer Mutter zusammen wohnen
116 2382 2498 2524 würde. Ihre Eltern sind seit zwei Jahren geschieden — wahrschein¬
122 2474 2486 2614 lich wurde Gerda deswegen in ein Internat geschickt. In den Som¬
122 2569 2474 2709 mer- und Winterferien war sie aber immer bei ihrer Mutter, ich
122 2664 1357 2804 glaube, die beiden liebten sich sehr.\:p\
270 2718 2504 2863 \p\Man konnte nicht viel von Gerda über ihre Eltern und über zu
128 2833 2492 2973 Hause erfahren. Selbst Marianne, mit der sie am meisten befreundet
122 2925 2480 3053 war, wußte eigentlich fast nichts von ihr. Und ich konnte nie so
119 3015 2480 3127 recht mit Gerda warm werden, obwohl wir, Marianne, Gerda und
128 3116 2489 3243 ich, fast alle Stunden zusammen hatten und immer zusammen arbei¬
128 3193 2480 3317 teten. Ich verstand sie nicht. Jetzt tut es mir leid, man hätte sich
116 3294 2492 3407 vielleicht mehr Mühe geben müssen. Aber Marianne gab sich Mühe,
116 3383 2492 3493 und es hat doch nichts geholfen. Da war etwas im Weg was stärker
128 3463 2492 3579 war als unser Einfluß, und sogar stärker als der Einfluß der Schule.
134 3555 2495 3704 Es ging übrigens nicht nur mit Gerda so, — besonders vor dem
128 3638 2492 3787 Anfang der Ferien verloren viele Mädchen den Zusammenhang mit
128 3745 2492 3882 der Schule und entfremdeten sich. Nachher, wenn sie wieder ein paar
134 3828 2495 3962 Wochen das Internatsleben mitgemacht hatten, gewöhnten sie sich
134 3938 2495 4057 natürlich daran und vergaßen ganz, daß es außerhalb der Schule noch\fml\\:p\
1150 1626 3441 1755 \p\\fml\ein anderes Leben gab, unten, in den Städten, oder wo sie zu Hause
1144 1746 3435 1861 waren. Wenn sie von dort Besuch bekamen, war es ihnen fast un¬
1161 1821 3447 1947 angenehm, es störte sie — und die Besuche verstanden ja doch nichts
1161 1921 3447 2039 von uns. Von außen her geht das nicht. Aber vor den Ferien ging
1156 1999 3447 2128 alles nicht mehr so glatt, und es ging vielen so wie Gerda: sie wur¬
1156 2088 3447 2191 den nervös, dachten an die Menschen, die sie nun bald sehen würden,
1161 2174 3447 2297 und konnten ihre Gedanken nicht mehr beisammen halten. Die
1167 2265 3452 2371 Schule stand nicht mehr im Mittelpunkt, das war es — und die
1156 2357 3441 2460 Mädchen, mit denen sie Monate lang gelebt hatten, waren ihnen
1161 2437 3447 2555 plötzlich fremd. Dazu kam die Sache mit den Kleidern: während der
1158 2526 3447 2638 Schulzeit waren wir alle ähnlich angezogen und kümmerten uns gar
1161 2609 3447 2710 nicht darum. Aber am Abreisetag erschienen alle in ihren städtischen
1161 2701 3441 2813 Kleidern, mit Hüten, Mänteln und Pelzkragen – und das ent¬
1173 2787 3458 2905 fremdete uns einander. Es gab elegante, reiche Mädchen, und man
1161 2876 3447 2997 wußte: die würden von Z. aus zweiter Klasse fahren — die „Dritt¬
1161 2962 2658 3085 klaß-Mädchen“ trennten sich von ihnen .... [corr ...]\:p\
1328 3045 3452 3169 \p\Gerda gehörte zu denen, die aus den Ferien verändert zurück¬
1156 3137 3447 3246 kamen, und sich erst wieder an die Schule gewöhnen und das andere
1161 3226 3447 3321 Leben vergessen mußten. Oder vielmehr, sie vergaß es nie ganz, und
1161 3309 3438 3401 das war Schuld an ihrem Unglück. Sie konnte sich nicht daran ge¬
1156 3387 3441 3521 wöhnen ohne ihre Mutter zu leben. Wir lernten in der Schule, daß
1161 3475 3447 3593 viele Mädchen gar nicht an ihren Eltern hingen, das Wort „zu
1156 3570 3450 3690 Hause“ sagte ihnen nichts. Andere hatten die ganze Zeit Heimweh
1282 3656 3447 3765 – für sie waren die Ferien der schönste Teil des Jahres. Aber am
1173 3742 3452 3854 schlimmsten war es für Gerda, denn ihr bedeutete jeder Brief, den
1173 3825 3452 3946 sie von ihrer Mutter bekam, furchtbar viel, und doch hatte sie jedes¬
1156 3917 3447 4040 mal Angst ihn aufzumachen. Sie las ihn nie bei der Postverteilung,
1181 4012 3441 4129 sondern erst oben in ihrem Zimmer, oder im Studiensaal, und nach¬
1158 4089 3447 4192 her hatten wir den ganzen Abend zu tun, um sie wieder aufzuheitern.
1156 4178 3447 4284 Ob es mit der Scheidung zusammenhing? Oder ob sie einfach Heim¬
1167 4270 3447 4390 weh hatte? Aber sie ging nicht gern nach Hause, der Ferienanfang
1161 4347 3455 4473 war ihr immer unangenehm. Und wenn sie aus den Ferien zurück¬
1156 4436 3461 4562 kam, war sie ein anderes Mädchen, und wir hatten Mühe, uns mit
1161 4525 3452 4651 ihr zurecht zu finden. Ich dachte oft, daß ich Gerda ganz verstehen
1161 4617 3447 4734 würde, wenn ich einmal die Briefe ihrer Mutter an sie lesen könnte.
1156 4703 3452 4806 Aber sie zeigte sie nicht einmal Marianne. Ihre Mutter war noch
1173 4786 3450 4901 sehr jung und sehr schön. Gerda hatte viele Photographien von ihr,
1181 4878 3458 5015 im Tenniskleid, im Auto, an Bord eines Segelschiffes. Es gab auch\fml\\:p\
56 584 2408 755 \p\\fml\ein Bild von Gerda und ihrer Mutter zusammen, darauf sahen sie
56 725 763 852 aus wie Schwestern.\:p\
215 805 2417 937 \p\Am Anfang fragten wir Gerda, ob ihre Mutter sie besuchen
53 878 2402 1029 würde. Sie hatte es ihr wohl versprochen, aber während der ganzen
68 964 2411 1114 zwei Jahre ist sie nie gekommen. Und sie hatte doch nicht viel zu
68 1055 2411 1185 tun ... Natürlich fragten wir Gerda später nicht mehr darnach, es
62 1144 2417 1282 machte sie nur traurig. Wir fragten sie auch nie wegen der Ferien aus.
71 1226 2420 1382 Wir wußten, daß sie nicht gern davon sprach, und schließlich ging es
71 1315 2438 1465 uns ja nichts an. Darin waren wir ein wenig sonderbar: Unser Gefühl
85 1418 2441 1562 für Gemeinsamkeit und sogar unsere Freundschaft ging nur so weit
74 1503 2420 1642 wie der Einfluß der Schule reichte. Alles was außerhalb davon lag,
74 1612 2420 1730 wollten wir nicht wissen, damit wollten wir nichts zu tun haben.
80 1689 2420 1816 Darum mußte es wohl so kommen, daß Gerda ihre schwersten Erleb¬
80 1780 2429 1922 nisse ganz allein überstand und daß sie nicht einmal Marianne und
80 1872 2426 2016 mich um Hilfe angehen konnte, obwohl wir einander sehr gern
85 1963 1948 2090 hatten ... Aber sicher fand sie das ganz in Ordnung.\:p\
221 2046 2420 2196 \p\Nach den letzten Winterferien kam Gerda zwei Wochen ver¬
91 2119 2441 2296 spätet zurück. Marianne und ich waren schon mitten in der Arbeit
80 2231 2426 2358 wegen des Examens — wir wunderten uns auch, daß Gerda das so
85 2329 2429 2452 leicht nahm. Sie kam eines abends an, wir kamen aus dem Eßsaal,
85 2408 2432 2538 das Nachtessen war gerade fertig, und wir liefen an das Fenster der
85 2494 2443 2620 Halle um den Schlitten zu sehen. Sie kam in einem zweispännigen
85 2588 2438 2723 Schlitten, ein Herr begleitete sie, er stieg aber nicht aus, sondern um¬
85 2676 2432 2800 armte Gerda und zog dann die Pelzdecke von ihren Knien weg. In¬
91 2771 2441 2921 zwischen hatte unser Direktor die Türe geöffnet und ging Gerda
97 2856 2455 2986 entgegen. Sie stieg rasch aus und gab ihm die Hand. Dann neigte
100 2950 2443 3086 sie sich noch einmal zu dem Mann im Schlitten, schlang die Arme um
109 3057 2443 3180 seinen Hals, und blieb einen Augenblick so stehen, die Stirn gegen
97 3113 2443 3251 die Schulter des Mannes gestützt. Dann fuhr der Schlitten weg, und
91 3219 2449 3342 Gerda kam mit dem Direktor ins Haus. — Später erzählte sie uns,
97 3292 2452 3446 der Herr, der sie begleitet hatte, sei ein Freund ihrer Mutter, sie sei
97 3407 2464 3543 vierzehn Tage mit ihm in Arosa gewesen. Darüber, daß sie vierzehn
109 3475 2455 3622 Tage lang die Schule versäumt hatte, verlor sie kein Wort, sie fing
91 3575 1766 3726 auch gleich an zu arbeiten und holte alles ein ...\:p\
253 3652 2464 3802 \p\Dann wurde Gerda, eines Abends, ans Telephon gerufen. Das
109 3740 2467 3873 war in unserer Schule immer ein Ereignis, und fast immer bedeutete
106 3838 2455 3970 es, daß etwas passiert sei. Marianne und ich gingen hinunter und
103 3917 2461 4085 warteten vor dem Bureau auf Gerda. Es dauerte ziemlich lange,\fml\\:p\
1117 1474 3499 1617 \p\\fml\aber dann kam Gerda heraus und sagte es sei nichts besonderes ge¬
1120 1584 3516 1730 wesen, ihre Mutter habe nur gefragt wie es ihr gehe. Aber sie war
1134 1673 3499 1795 sehr bleich und sah unglücklich aus, und natürlich glaubten wir ihr
1123 1763 1453 1873 nicht ...\:p\
1289 1831 3496 1977 \p\Seit jenem Anruf begann es: die Schule interessierte Gerda
1102 1947 3499 2099 nicht mehr, wenn wir vom Examen und von Z. redeten, ging sie weg,
1128 2051 3484 2159 und von der Universität wollte sie überhaupt nichts hören. Es war
1123 2123 3490 2254 nichts mehr mit ihr anzufangen, nicht einmal zum Skilaufen kam
1120 2227 3502 2355 sie mit. Ich dachte, daß sie irgend einen Entschluß vorbereite. Das
1120 2311 3490 2445 war so ihre Art: sie verstummte, tat kalt und uninteressiert, ver¬
1120 2397 3487 2546 ärgerte die Lehrer durch ihre Gleichgültigkeit, und die Mädchen durch
1117 2477 3493 2629 ihre Schroffheit und Verschlossenheit. Und dann kam plötzlich etwas,
1123 2579 3496 2710 sie fragte den Direktor um Erlaubnis eine Klasse zu überspringen,
1120 2671 3487 2808 schrieb in irgendeinem Fach die besten Arbeiten — auf diese Weise
1117 2757 3496 2876 hatte sie sich nach und nach in allen Fächern bis zum obersten Kurs
1111 2852 3484 2995 emporgearbeitet. Aber diesmal war es etwas anderes, und ihre
1108 2930 3371 3082 Leistungen in der Schule wurden im Gegenteil immer schwächer.\:p\
1259 3034 3484 3156 \p\Dann kam der zweite Telephonanruf, aber das war schon kurz bevor
1108 3114 3475 3260 Gerda wegging. Marianne und ich saßen in meinem Zimmer und
1117 3198 3484 3347 lernten Physik als Gerda hereinkam. Ich werde das nie vergessen:
1125 3293 3472 3445 sie stand plötzlich unter der Tür, in einem weißen Kinderpyjama,
1111 3391 3478 3528 ganz bleich und verweint, und sagte: — Der Mann hat telepho¬
1099 3475 3347 3627 niert. Er will daß ich mit ihm fortgehe. — Welcher Mann? –
1105 3558 3472 3710 Der aus dem Schlitten. Der Freund von Mama. Er will daß ich
1096 3647 3478 3799 mit ihm fortgehe. — Nach Amerika ... — Hast du dich mit ihm
1096 3758 3460 3901 verlobt? — fragte Marianne – Nein, nicht verlobt. Aber ich
1093 3844 3475 3984 war mit ihm in Arosa. — Gerda sah uns so unglücklich an, ich
1096 3921 3478 4085 werde das nie vergessen. — Aber das macht doch nichts, sagte ich,
1131 4029 3472 4168 — Du warst doch sehr froh in Arosa. — Ja, ja, sagte sie, aber
1093 4103 3475 4249 Mama wußte es nicht. Sie dachte ich sei in der Schule. — Marianne
1096 4198 3466 4350 und ich sahen uns an. Wir waren sehr verlegen. — Du hättest dir
1099 4291 3463 4425 denken können, daß sie es erfährt — sagte Marianne. Gerda nickte
1093 4374 3406 4520 und weinte wieder. — Sie hat mit ihm gesprochen — sagte sie, –
1099 4481 3472 4618 und dann hat sie mir telephoniert, daß ich ihn nicht mehr sehen darf,
1093 4567 3469 4710 und ihm nicht mehr schreiben. — Warum — fragten wir, — war
1087 4645 3463 4800 er denn nicht anständig? — Es klang furchtbar dumm, aber etwas
1093 4743 3472 4895 mußte doch mit ihm nicht in Ordnung sein. — Deine Mutter muß
1078 4838 3466 5002 doch einen Grund haben — sagte ich. — Nein, sagte Gerda, das ist\fml\\:p\
78 554 2469 715 \p\\fml\es nicht. Sie ist ja mit ihm befreundet. Sie kennt ihn schon lange,
81 673 1822 805 und ich auch, wir waren alle drei sehr befreundet.\:p\
377 763 2454 880 \p\– Ich sagte ihr, es würde schon wieder in Ordnung kommen.
84 853 2451 979 Das mit Arosa sei nicht so schlimm. — Aber Mama wußte es doch
90 952 2032 1074 nicht, wiederholte sie, — und sie war doch ganz allein ...\:p\
233 1017 2451 1140 \p\Marianne und ich nahmen uns vor, Gerdas Mutter zu tele¬
96 1128 2451 1248 phonieren. Wir dachten, es sei am besten ihr alles zu sagen, auch
84 1218 2472 1347 daß Gerda fort wolle und daß sie so verzweifelt sei, und in diesem
78 1308 2460 1424 Zustand niemals ihr Examen machen würde. Wir baten den Direk¬
84 1397 2463 1514 tor um Erlaubnis, und er ließ uns von seinem Bureau aus telepho¬
78 1475 2463 1601 nieren. Während wir auf die Verbindung warteten bot er uns Zi¬
84 1580 2469 1715 garetten an. Ich habe dann mit Gerdas Mutter gesprochen. Zuerst
78 1667 2463 1793 war sie sehr nett und sagte, es sei vernünftig von uns, sie anzurufen.
90 1766 2466 1897 Was denn los sei mit Gerda? — Es geht ihr so schlecht — sagte
93 1849 2463 1984 ich. Wegen des Examens? — fragte sie. Nein, nicht wegen des
87 1930 2469 2065 Examens — wegen einem Mann. Sie wissen doch. — Es war sehr
78 2032 2469 2167 unangenehm, mit einer fremden Dame so zu sprechen. Zuerst ant¬
78 2110 2487 2256 wortete sie gar nicht. Dann sagte sie: Es ist besser wenn Sie sich
84 2208 2110 2343 da nicht einmischen. Das geht nur Gerda und mich an. —\:p\
245 2319 2364 2421 \p\Ja, ja, sagte ich, und fühlte mich ein wenig eingeschüchtert,
84 2376 2469 2505 aber Gerda will fort. Sie hat es uns gesagt. — Wieder war es zuerst
96 2481 2463 2612 still. Dann sagte Gerdas Mutter: — Ich werde heraufkommen. Sie
96 2574 2463 2690 brauchen sich nicht aufzuregen — und dann lachte sie ein bißchen, mit
96 2663 1508 2792 einer tiefen und unangenehmen Stimme.\:p\
233 2744 2469 2882 \p\Sollten wir es Gerda sagen? Wir beschlossen, lieber abzuwar¬
93 2834 2481 2978 ten ob ihre Mutter wirklich komme — und sie kam nicht. Mit Gerda
90 2930 2475 3073 ging es scheinbar ein wenig besser, aber sie sah immer noch sehr
114 3028 2469 3151 schlecht aus und zur Postverteilung kam sie überhaupt nicht mehr.
96 3127 2481 3259 Wir nahmen die Briefe für sie in Empfang und brachten sie ihr ins
96 3208 2472 3343 Zimmer. Sie bekam fast jeden Tag einen Brief aus Zürich, aber
90 3301 2484 3438 nicht von ihrer Mutter. Etwa eine Woche später, als wir ihr wie¬
102 3388 2466 3510 der einen dieser Briefe brachten, las sie ihn gar nicht, sondern zer¬
96 3477 2472 3609 riß ihn und brach dann in Tränen aus. Es war das zweitemal, daß
90 3564 2469 3714 wir sie weinen sahen. Sie saß am Tisch, den Kopf auf den Armen.
183 3660 2481 3774 – Meine Mama schreibt mir nicht mehr — sagte sie. Es war ent¬
99 3747 2487 3878 setzlich, sie so weinen zu sehen. Wir hatten das Gefühl, daß Gerda
114 3839 2481 3962 sich von ihrer Mutter losreißen müsse. Darum waren wir immer
102 3935 2487 4094 dafür gewesen, daß sie mit uns zusammen studiere. Aber daran war\fml\\:p\
1191 1396 3597 1581 \p\\fml\jetzt nicht mehr zu denken ... Am nächsten Morgen war Gerda ab¬
1191 1554 3615 1681 gereist. Der Direktor sagte uns, sie sei spät am Abend noch zu ihm
1194 1617 3597 1741 gekommen und habe gesagt, sie müsse für ein paar Tage zu ihrer
1185 1711 3591 1832 Mutter fahren. Natürlich glaubten wir nicht daran, weder daß sie
1200 1807 3600 1950 nach Hause gefahren sei, noch daß sie in ein paar Tagen zurück¬
1194 1898 3612 2019 komme ... Vielleicht hatte sie wirklich den Mann aus dem Schlitten
1200 1992 3579 2107 getroffen, und wir dachten, daß es am besten so sei. Wir waren doch
1194 2089 3594 2206 nicht stark genug, sie vor der Liebe zu ihrer Mutter zu schützen. Viel¬
1185 2170 2560 2306 leicht würde der Mann stärker sein ...\:p\
1357 2264 3594 2403 \p\Aber das war ein schrecklicher Irrtum. Gestern hat es uns unser
1176 2345 3591 2491 Direktor mitgeteilt: Gerda ist zu ihrer Mutter gefahren, aber sie
1176 2445 3591 2575 wird nie wieder zurückkommen. Sie hat einen Streit mit ihr gehabt
1173 2539 3606 2678 und ist weggelaufen, und dann, sagte der Direktor, ist unserer lieben
1176 2633 2282 2766 Gerda ein Unglück zugestoßen. –\:p\
1339 2729 3585 2874 \p\Vor einigen Tagen bekamen wir, Marianne und ich, einen
1170 2817 3588 2947 Brief von Gerdas Mutter. Sie schrieb uns, daß wir doch Gerdas
1170 2905 3591 3038 beste Freundinnen gewesen seien, und daß sie glücklich sein würde,
1188 3001 3591 3131 wenn wir in den Ferien zu ihr kommen und von Gerda erzählen
1170 3089 3476 3216 würden. — Sie habe im Grunde so wenig von Gerda gewußt. –\:p\
1342 3186 3585 3322 \p\Marianne war sehr erbittert über den Brief. Sie sagte, daß sie
1164 3261 3573 3406 diese Frau niemals besuchen würde, denn niemand anders als sie
1182 3376 3594 3503 sei Schuld an Gerdas Tod ... Vielleicht hat Marianne recht. Aber
1185 3470 3527 3600 ich glaube, ich werde in den Ferien doch zu Gerdas Mutter gehen –
1170 3548 3579 3675 ich erinnere mich noch so gut an die Photos in Gerdas Zimmer, und
1170 3645 3579 3787 an ihre Stimme am Telephon. — Und schließlich ist sie doch die
1161 3736 1457 3860 Mutter.\:p\
