3887 5669
628 372 3732 411 IM AMERIKANISCHEN SÜDOSTEN
1932 533 2419 609 VON DR. A. CLARK
607 680 1061 757 DIE LEERE LOHNTÜTE
647 751 1384 807 \p\Am 13. November 1937 erschien in der popu¬
609 787 1384 848 lären amerikanischen Wochenzeitung "Colliers
614 835 1368 883 Weekly" ein Artikel von \g\Walter Daven¬
609 876 1384 922 port\:g\, der den sensationellen Titel trug: "ALL
614 919 1386 960 WORK AND NO PAY" (wörtlich: Alle Arbeit und
607 955 1384 998 kein Lohn). Der Autor befaßt sich darin mit den
609 998 1384 1041 Zuständen in einigen Textilfabriken in Nord– und
604 1033 1384 1079 Süd–Carolina, die er als typisch für den ganzen
609 1076 1384 1122 \g\Südosten der Vereinigten Staaten\:g\
602 1115 1384 1158 erklärt. Photographische Reproduktionen von
599 1150 1358 1198 Lohnumschlägen (der amerikanische Arbeiter er¬
599 1193 1384 1244 hält gewöhnlich seinen Wochenlohn in einem
599 1234 1384 1274 "Lohnkuvert" zugestellt) erbringen den Beweis
599 1269 1384 1318 für die Behauptung Davenports: "daß Männer
599 1300 1384 1356 und Frauen jahrelang in diesen Fabriken arbeiten,
599 1358 1384 1391 ohne auch nur einen Cent Bargeld zu sehen".\:p\
640 1389 1384 1437 \p\Diese unglaublich erscheinende Tatsache ist
604 1424 1384 1475 leicht erklärlich, wenn man das System des
599 1467 1363 1513 "Fabrikdorfs" kennt, das gerade in den Süd¬
604 1513 1358 1549 staaten noch durchaus üblich ist: Grund und Bo¬
599 1541 1384 1597 den, Arbeiterhäuser, Licht und Wasser gehören
599 1584 1384 1620 ebenso der Gesellschaft wie der "Company¬
599 1625 1384 1673 store", der Laden, wo der Arbeiter alles kaufen
604 1655 1366 1704 kann – oder kaufen muß –, vom Radio bis zum
607 1698 1368 1762 Bier, von der Arbeitskleidung bis zum täglichen
599 1742 1366 1787 Brot. Statt mit Bargeld, zahlt der Arbeiter mit
599 1785 1363 1830 Gutscheinen. Die Preise sind höher als in ge¬
599 1818 1384 1866 wöhnlichen Geschäften, weil der Arbeiter für
604 1861 1384 1904 seinen Kredit Zins zahlen muß. Abrechnungen
599 1899 1384 1947 gibt es nicht – der Gesamtbetrag der während
599 1935 1384 1980 einer Woche gezeitigten Einkäufe wird vom
599 1978 1384 2026 Wochenlohn abgezogen, ebenso Miete und an¬
604 2018 1384 2061 dere Ausgaben. Zwei der von Davenport repro¬
604 2056 1384 2105 duzierten Umschläge zeigen Wochenlöhne von
599 2097 1384 2140 Dollar 14.40 und Dollar 13.60, die sich beide nach
594 2135 1384 2191 Abzug aller "Unkosten" genau auf Null belaufen.\:p\
594 2191 1290 2285 "KU KLUX KLAN REITET WIEDER"
647 2265 1384 2338 \p\Eine andere mit dem Artikel publizierte Pho¬
597 2320 1384 2379 tographie zeigt ein Plakat, das Davenport an
597 2366 1384 2414 einer Hausnummer in einem Fabrikdorf gefunden
597 2409 1082 2465 hat und das die Inschrift trägt:\:p\
703 2450 1082 2508 \p\ClO ist kommunistisch.
706 2480 1267 2554 Kommunismus wird nicht geduldet.
703 2539 1241 2584 Der Ku Klux Klan reitet wieder.\:p\
640 2554 1386 2633 \p\"ClO" ist bekanntlich die Abkürzung für das
597 2617 1384 2681 "Komitee für Industrie‐Organisation" des ameri¬
597 2668 1351 2716 kanischen Arbeiterführers John L. Lewis. Seit un¬
599 2706 1358 2755 gefähr sieben Monaten führt das an CIO ange¬
597 2752 1384 2798 schlossene TWOC (Organisationskomitee der
604 2782 1384 2831 Textilarbeiter) im Süden seine erste große Kam¬
597 2826 1384 2869 pagne durch. Zwischen der Kommunistischen
594 2866 1361 2912 Partei und dem ClO besteht keine Verbindung.
597 2904 1384 2947 Aber die Beschuldigung des "Kommunismus" ist
594 2940 1384 2986 ein wirksames Argument im Kampf gegen die
604 2980 1363 3034 Gewerkschaftsbewegung. Man warnt den reli¬
604 3026 1386 3069 giösen, patriotischen oder eigenwillig‐individua¬
592 3059 1384 3102 listischen amerikanischen Arbeiter, daß ClO die
597 3095 1361 3151 Religion untergrabe, die Gewerkschaftsbeiträge
594 3143 1366 3186 nach Rußland schicke, "verjudet" sei, in die pri¬
604 3176 1384 3222 vaten Rechte des Individuums eingreife. Ein Teil
599 3219 1384 3265 dieser Propaganda geht aus vom Geheimbund
604 3257 1384 3303 des Ku Klux Klan, der für ungezählte Fälle von
602 3295 1361 3344 Lynchmorden verantwortlich ist und mit fanati¬
604 3341 1358 3382 schem Haß "Neger, Juden und Katholiken" ver¬
604 3371 1384 3420 folgt. Ein Geheimbund, geboren aus der Furcht
599 3410 1363 3458 der weißen Minorität im Süden vor der schwarzen
594 3453 1381 3506 Rasse, der jetzt im Kampf gegen die Arbeiter¬
594 3498 1318 3549 klasse ein neues Aktionsfeld gefunden hat.\:p\
645 3519 1384 3572 \p\Der Artikel von Davenport hat in Amerika
599 3569 1384 3610 riesiges Aufsehen gemacht und in den Südstaaten
599 3610 1366 3656 einen Sturm der Meinungen hervorgerufen, die
599 3651 1386 3696 wochenlang die lokalen Zeitungen füllten. Die
599 3686 1363 3740 Direktoren der von Davenport zitierten Textil¬
599 3724 1366 3768 fabriken kündigten eine Untersuchung an, die
607 3765 1361 3811 ihn als Sensationsmacher, wenn nicht als Lügner,
599 3806 1361 3864 entlarven würde. Die Resultate dieser Unter¬
599 3836 1366 3889 suchung sind nie bekannt geworden. Die Büros
604 3892 1384 3933 des TWOC produzierten mehr Beweise, um Da¬
607 3922 1366 3966 venports Behauptungen zu unterstützen. Meine
599 3960 1363 4006 amerikanische Kollegin und ich lasen den Ar¬
599 3993 1363 4049 tikel in Chattanooga, einer Industriestadt im Staat
607 4039 1384 4085 Tennessee. Wir hatten bald darauf Gelegenheit,
599 4077 1384 4128 die Wahrheit und Exaktheit von Davenports Fest¬
602 4115 1008 4179 stellungen nachzuprüfen.\:p\
604 4171 939 4278 "ALTER SÜDEN"
655 4245 1384 4318 \p\Wir hatten einen Ford 8, zwei Rolleiflex‐
599 4285 1384 4369 Kameras und drei Wochen Zeit zu unserer Ver¬
594 4354 1384 4405 fügung, als wir aufbrachen, um herauszufinden,
607 4395 1384 4445 was heute im amerikanischen Süden wirklich vor¬
1399 660 2160 734 geht. In Washington ist viel von der "Hinter¬
1394 716 2160 772 bühne der amerikanischen Prosperität" die Rede,
1389 767 2160 820 vom "Stiefkind der Nation" und vom "verges¬
1389 812 2163 853 senen Mann Amerikas". Das Interesse für die
1406 835 2160 896 Staaten des "Alten Südens" ist erst vor wenigen
1389 878 2160 924 Jahren erwacht – als die Wirtschaftskrise den
1389 924 2160 967 Landwirtschaftssekretär Wallace und die ver¬
1389 965 2160 1008 schiedenen, von Präsident Roosevelt gegründe¬
1389 1003 2160 1061 ten Unterstützungsbehörden zwang, sich mit den
1389 1038 2163 1087 Problemen des schwer betroffenen Baumwoll¬
1389 1084 2160 1120 systems auseinanderzusetzen. Die ausländischen
1389 1117 2160 1165 Märkte schwanden, die Preise für Rohbaumwolle
1391 1165 2163 1208 fielen – Aegypten, Indien, Südamerika machten
1389 1196 2160 1252 Amerika erfolgreich Konkurrenz. Gleichzeitig
1389 1226 2160 1280 wurde der Schwerpunkt der amerikanischen
1389 1274 2160 1320 Baumwollproduktion nach Westen verlegt, in die
1389 1315 2160 1366 fruchtbaren Ebenen von Texas und Arizona, wo
1389 1351 2160 1396 sich riesige Felder mit dem Traktor bearbeiten
1389 1389 2160 1442 ließen. Das Maultier auf den kleinen Pachtgütern
1389 1439 2163 1480 des "Alten Südens" – genauer ausgedrückt den
1401 1472 2155 1516 Staaten im Südosten – konnte nicht mit dem
1389 1511 2160 1556 Traktor konkurrieren. Der Boden war erschöpft
1389 1549 2160 1594 durch die einseitige Bebauung mit Baumwolle
1389 1589 2160 1637 als "Profiternte". Die Seuche des "Boll weevil"
1389 1622 1843 1678 suchte die Plantagen heim.\:p\
1399 1686 1742 1782 "ERNTETEILUNG"
1429 1757 2163 1846 \p\In Wirklichkeit war dieser Höhepunkt nur die
1389 1818 2160 1871 letzte Phase einer langen Degeneration, die
1389 1861 2155 1907 Land und Menschen seit dem amerikanischen
1389 1907 2160 1955 Bürgerkrieg und der Niederlage des Südens un¬
1389 1952 2160 1990 aufhaltsam demoralisiert hat. Die Pflanzer‐Aristo¬
1389 1983 2160 2041 kraten hatten damals, nach der Sklavenbefreiung,
1389 2031 2155 2072 das System der "Ernteteilung" (Share‐cropping)
1389 2061 2155 2112 erfunden, das zu einem festen Bollwerk gegen
1389 2105 2160 2150 jede Veränderung, jeden Fortschritt geworden
1389 2143 2160 2186 ist und errichtet war, um die Ueberlegenheit
1391 2181 2155 2226 einer zahlenmäßig geringen weißen Oberschicht
1391 2221 2155 2272 gegenüber den ehemaligen Sklaven zu sichern.\:p\
1432 2259 2160 2305 \p\Die Pächter oder "Sharecropper" – zu den
1389 2298 2160 2343 Negern gesellte sich bald ein Landproletariat
1389 2338 2160 2381 von "armen Weißen" – erhielten Land, Werk¬
1389 2379 2160 2422 zeug, Maultier, eine Hütte und Kredit im Laden
1389 2417 2160 2463 (der dem Landherrn gehörte) und lieferten dafür
1391 2452 2163 2501 einen Teil ihrer Baumwollernte ab. Bargeld war
1389 2496 2160 2544 aus diesem System praktisch ausgeschaltet. Der
1389 2534 2160 2577 Sharecropper blieb an das Land gebunden, und
1389 2574 2160 2620 mit dem Schwinden der "Baumwollprosperität"
1389 2610 2160 2656 wuchsen Armut, schlechte Ernährung, Krankheit,
1389 2650 2160 2691 Unwissenheit. Und je mehr der Reichtum der
1391 2683 2163 2737 Pflanzer und Landherren schwand, um so rigo¬
1389 2727 2160 2775 roser hielten sie ein System des Rassenvorurteils
1391 2767 2163 2810 und Klassengegensatzes aufrecht. Es war ein fa¬
1389 2800 2160 2856 taler Kreislauf – der Kreislauf von "Profiternte"
1389 2846 2160 2889 und einer verrotteten sozialen Ordnung, der nicht
1389 2884 2150 2940 aufzuhalten war, wenn nicht die eigentliche Trieb¬
1389 2925 2008 2980 feder, die Baumwolle, zerstört wurde.\:p\
1424 2942 2158 3001 \p\Die Staaten des "Alten Südens", wo Baum¬
1389 3001 2160 3057 wolle die dominierende Ernte ist und die Bevöl¬
1389 3039 2160 3085 kerung einen größeren Prozentsatz Neger als
1389 3077 2160 3130 Weiße aufweist, wird "Baumwollgürtel", "Schwar¬
1391 3120 2163 3168 zer Gürtel", "Bibelgürtel" und der "Tiefe Süden"
1389 3158 2160 3206 genannt. Als die Propaganda und Aufklärungs¬
1389 3194 2160 3245 arbeit der Roosevelt‐Regierung ihre Wirkung
1389 3229 2160 3285 tat, wurde es in Amerika Mode, sich für den
1391 3278 2163 3326 armen Sharecropper zu interessieren, die trau¬
1389 3323 2160 3369 rigen Negerlieder der Baumwollplantagen wur¬
1389 3351 2160 3397 den auf Grammophonplatten registriert, die
1394 3394 2160 3440 prachtvoll‐schlichte Architektur der zerfallenden
1389 3432 2160 3473 Plantagenhäuser und die schäbigen Hütten der
1391 3470 2163 3516 Baumwollpflücker wurden photographiert – das
1389 3503 2160 3554 Buch "Gone with the wind", das sich mit dem
1401 3539 2160 3597 Schicksal einer durch den Bürgerkrieg ruinierten
1389 3587 2160 3641 aristokratischen Pflanzerfamilie beschäftigt, wurde
1389 3623 1762 3684 ein Sensationserfolg.\:p\
2181 663 2767 744 BUND DER BAUERNPÄCHTER
2224 757 2963 807 \p\Gleichzeitig gründete eine Handvoll mutiger
2181 802 2965 848 Männer und Frauen aus dem Baumwollproletariat
2181 845 2965 891 die "Union der südlichen Farmpächter" (Southern
2181 886 2953 924 Tenant Farmers Union), die sogleich von Pflan¬
2181 922 2965 967 zern, Landherren, lokalen Richtern und Polizei
2181 965 2965 1005 auf das bitterste bekämpft und verfolgt wurde.
2181 1003 2965 1051 Negerpriester wurden ermordet, die sich für die
2181 1043 2965 1082 Union eingesetzt hatten, weil sie darin ein Instru¬
2181 1079 2965 1120 ment der Nächstenliebe erblickten, um den alten
2181 1117 2965 1163 Haß zwischen Negern und armen Weißen zu
2181 1153 2965 1198 überbrücken. Die Fälle von Lynchjustiz mehrten
2181 1196 2965 1241 sich. Weiße Agitatoren büßten als Kettensträf¬
2181 1234 2965 1282 linge, schwarze wurden ohne Gerichtsverhand¬
2181 1274 2965 1323 lungen auf Plantagen geschickt, um ihre Strafe
2181 1313 2965 1358 abzuarbeiten. Manchmal drangen solche Fälle
2181 1358 2965 1401 an die Oeffentlichkeit, weckten Entrüstung, wur¬
2181 1389 2965 1437 den "revidiert". Aber kein wirksames Mittel
2181 1429 2953 1480 schien gefunden, um die tragische Verkettung
2186 1467 2963 1513 von Plantagensystem, Baumwollsklaverei, lokaler
2181 1505 2965 1556 Politik und sozialem Vorurteil zu lösen. Der
2181 1544 2965 1589 Niedergang der Baumwolle und die Maßnahmen
2181 1587 2960 1630 der Regierung zur Einschränkung der Ernte und
2181 1625 2965 1670 Kontrolle der Preise schienen die Armut noch zu
2183 1663 2963 1716 vermehren. Tausende von ehemaligen Baumwoll¬
2181 1711 2965 1754 pächtern sind während der letzten Jahre in die
2181 1744 2942 1792 Städte abgewandert oder vermehren das Heer
2181 1785 2965 1828 der "Wanderarbeiter" auf den Landstraßen von
2181 1820 2564 1869 Florida bis Kalifornien.\:p\
2219 1838 2965 1912 \p\Noch vor einem Jahr hatte man den Eindruck,
2181 1886 2965 1942 daß der "Alte Süden" für immer ruiniert, ein be¬
2181 1937 2965 1983 deutender Teil der amerikanischen Nation hoff¬
2181 1980 2843 2028 nungsloser Degeneration ausgeliefert sei.\:p\
2181 2072 2788 2143 GEWERKSCHAFTSBEWEGUNG
2470 2138 2958 2206 UND NEUE INDUSTRIEN
2219 2199 2945 2270 \p\Seither hat \g\John L. Lewis\:g\ seine Gewerk¬
2181 2259 2965 2310 schaftsorganisatoren in die Industrielandschaften
2181 2305 2965 2351 des Südens geschickt. Schon seit einigen Jahren
2181 2348 2965 2399 verlegen industrielle Unternehmer aus dem Nor¬
2181 2379 2965 2422 den ihre Fabriken in die Südstaaten, wo die
2181 2414 2965 2475 Steuern geringer, die Löhne niedriger sind und
2181 2460 2965 2503 das ländliche Proletariat eine Reserve an unor¬
2181 2491 2942 2546 ganisierter und billiger Arbeitskraft bietet. Für
2181 2531 2965 2592 die Industrie ist der Süden Neuland und Nie¬
2181 2572 2930 2630 mandsland, wie der ganze amerikanische Konti¬
2181 2620 2965 2663 nent es vor hundert und noch vor fünfzig Jahren
2181 2656 2942 2704 war. Unbegrenzte Möglichkeiten öffnen sich fü¬
2181 2691 2965 2747 den Unternehmungslustigen, das starke Indivi¬
2178 2737 2965 2777 duum, den Pionier. Aber während früher der
2181 2765 2965 2813 Pioniergeist gerechtfertigt war, wo unendliche
2181 2813 2965 2856 Reserven an Land sich boten, wird heute Kapital
2181 2851 2965 2904 im Süden investiert, um menschliche Arbeitskraft
2181 2889 2940 2932 auszunützen. Und sie ist billig zu haben, wo Ar¬
2181 2927 2945 2970 mut, Rückständigkeit und Unwissenheit herrschen.\:p\
2221 2968 2963 3006 \p\Immerhin gibt es auch im Süden einige alte
2181 2988 2942 3046 lokale Industrien. In Georgia und in Nord‐ und
2181 3041 2965 3097 Süd‐Carolina gibt es Baumwollfabriken, die teil¬
2181 3085 2942 3125 weise bis in die Zeit des Bürgerkriegs zurück¬
2181 3125 2965 3171 gehen. Die "Stahlstadt" Birmingham im Staate
2181 3163 2940 3204 Alabama ist sechzig Jahre alt und hat eine Be¬
2181 3196 2965 3247 völkerung von 250 000. In den Bergen von Ten¬
2181 3247 2940 3288 nessee findet man Kohlengruben, die bereits er¬
2181 3283 2965 3331 schöpft sind und eine verarmte Bevölkerung von
2181 3318 2965 3366 ehemaligen Grubenarbeitern zurückgelassen ha¬
2181 3356 2965 3404 ben. Agrarökonomen versichern, was der Süden
2181 3397 2942 3448 brauche, sei ein vernünftiges Landprogramm, um
2181 3437 2965 3486 den Boden zu konservieren, gegen Erosion zu
2181 3476 2942 3521 schützen, mit Kunstdünger zu verbessern – die
2181 3511 2965 3557 Baumwolle durch andere Ernten zu ersetzen, den
2181 3552 2965 3602 Baumwollpächter zum selbständigen Eigenbauern
2181 3592 2965 3633 zu machen. Mustersiedlungen und Projekte der
2178 3628 2945 3686 Landkonservierung zeigen heute bereits, was auf
2978 663 3742 736 diesem Wege erreicht werden kann. Aber ein
2978 726 3742 772 Landprogramm allein genügt nicht. Kapital wird
2975 764 3740 810 gebraucht, um Industrien zu etablieren und die
2975 800 3747 856 Rohstoffe und landwirtschaftlichen Produkte im
2975 838 3336 896 Lande zu verarbeiten.\:p\
3019 866 3745 927 \p\Neben zahlreichen neuen Textilfabriken wur¬
2975 919 3747 967 den während der letzten sechs Jahre nicht weni¬
2975 962 3742 1008 ger als vierzehn \g\Papiermühlen\:g\ gebaut, die
2975 1003 3747 1043 das Holz einer im Süden gedeihenden Fichten¬
2975 1036 3740 1084 art mit kurzer Wachstumsperiode verwenden
2975 1074 3737 1122 \g\Kunstseide\:g\ ist eine junge Industrie im Süden,
2975 1117 3740 1160 die das gleiche Rohmaterial verwendet. \g\Ford\:g\
2975 1153 3740 1208 hat ein Automobilwerk in Memphis, Tennessee,
2975 1196 3742 1247 eröffnet. In  Columbus, Georgia, einer alten Textil¬
2975 1234 3747 1280 stadt, befinden sich die \g\Coca‐Cola‐Werke\:g\
2975 1267 3742 1320 und die zweitgrößte Fabrik der Welt für Baum¬
2975 1315 3742 1363 wollgin‐Maschinen. \g\Möbelfabrikation\:g\ ist
2975 1353 3742 1399 eine andere neue Industrie, die einheimisches
2975 1386 3247 1442 Holz verwendet.\:p\
3006 1406 3740 1475 \p\\g\Die Goodyear‐Autoreifen‐Werke\:g\
2973 1445 3742 1518 befinden sich in Gadsden, Alabama. Eine Kon¬
2975 1503 3747 1554 kurrenzfirma, die sich ebenfalls dort etablieren
2975 1546 3747 1592 wollte, hat den Plan aufgegeben, nachdem die
2975 1587 3747 1630 Goodyear‐Arbeiter von Gadsden gegen die
2975 1627 3742 1670 niedrigen Löhne gestreikt haben und es Good¬
2975 1663 3740 1711 year nicht gelungen ist, die Gewerkschaftsorgani¬
2975 1706 3747 1749 satoren mit Gewalt aus der Stadt zu jagen. Im
2978 1742 3742 1790 Grubendistrikt von Harlan County wurden im
2975 1780 3740 1823 Frühjahr 1937 alle Arbeiter entlassen, die im Ver¬
2975 1825 3742 1866 dacht standen, etwas mit den Gewerkschaften zu
2975 1861 3740 1909 tun zu haben. Mehrere Organisatoren wurden er¬
2975 1902 3747 1947 schossen, andere mit Gas vergiftet, viele unter
2975 1937 3747 1985 irgendeinem Vorwand ins Gefängnis geworfen.
2975 1975 3747 2021 Der "Fall" von Harlan County kam vor das
2975 2008 3747 2064 Arbeits‐Schiedsgericht in Washington (National
2975 2056 3747 2110 Labour Relation Board); mehrere Unternehmer
2978 2097 3740 2148 wurden wegen unlauterer Methoden und Ge¬
2975 2127 3293 2183 walttaten verurteilt.\:p\
3016 2145 3737 2221 \p\Die Funktionäre und Organisatoren von CIO
2978 2211 3737 2257 wissen, daß der "Zug der Industrie nach Süden"
2975 2252 3740 2298 eine neue Phase von Ausbeutung, Unterdrückung
2975 2292 3740 2333 und Gewalt bedeutet. Aber sie glauben, daß die
2975 2331 3735 2379 Konzentration von Arbeitern in industriellen Zen¬
2975 2371 3737 2419 tren ihnen die Chance gibt, Gewerkschaften zu
2975 2409 3735 2452 organisieren, und daß Organisation das einzige
2975 2445 3729 2496 Mittel ist, um gegen die Ausbeutung der "billi¬
2975 2488 3735 2531 gen Hände" zu kämpfen, die heute in den Süd¬
2975 2526 3729 2574 staaten im Gange ist. Das ist es, was uns Gewerk¬
2978 2567 3737 2610 schaftsorganisatoren, aufgeklärte Arbeiter, Män¬
2975 2605 3724 2645 ner und Frauen in den Südstaaten immer wieder
2975 2645 3729 2689 versicherten: "Wir wollen keine Revolution. Wir
2975 2678 3729 2727 wollen eine starke Organisation, damit das Kapi¬
2975 2722 3740 2767 tal gezwungen wird, mit der Arbeiterschaft fair
2975 2760 3740 2808 zu verhandeln." Ich hatte in reaktionären Kreisen
2975 2793 3737 2841 wiederholt die Ansicht gehört, das weiße und
2975 2838 3737 2881 schwarze Proletariat im "Tiefen Süden" sei so
2975 2871 3740 2917 degeneriert und demoralisiert, daß es zwecklos
2978 2914 3740 2958 sei, ihm eine "faire Chance" zu bieten. Tatsächlich
2975 2955 3740 3001 fand ich in den Baumwollgegenden von Alabama
2973 2993 3729 3044 und Georgia weiße und schwarze Sharecroopers,
2975 3034 3747 3080 die, geschlagen von Armut, Hunger, Pellagra und
2975 3069 3740 3115 Malaria, in einer Art von stumpfer Resignation
2975 3110 3747 3151 vegetierten. Diese fürchterliche Demoralisation
2975 3148 3328 3201 war nicht ihre Schuld.\:p\
3006 3156 3742 3232 \p\Im gleichen Staate, nur wenige Stunden von
2975 3209 3735 3270 den erschöpften Baumwollfeldern und zerfallenen
2975 3267 3740 3313 Hütten dieser im Gesetz des Baumwollsystems
2975 3305 3727 3351 gefangenen Leute besuchte ich das "\g\Pine‐
2975 3344 3729 3389 Valley‐Project\:g\", wo die Regierung ehe¬
2975 3384 3727 3427 malige Sharecroopers als selbständige Farmer
2975 3425 3729 3468 angesiedelt hat. Die Siedlung wird als Kollektiv
2973 3460 3729 3516 betrieben. Die Farmer übernehmen nach Neigung
2975 3503 3729 3544 und Talent einzelne Produktionszweige wie Ge¬
2975 3539 3729 3582 müsebau, Hühnerzucht, Molkerei oder Kartoffel‐
2975 3580 3740 3623 und Maisbau. Die Produkte werden zum eigenen
2975 3615 3729 3663 Gebrauch verwendet oder durch eine Koopera¬
2975 3653 3729 3699 tive verkauft. Das Projekt beweist, daß die Baum¬
2973 3699 3735 3742 wolle in dieser Gegend durch andere Produkte
2975 3737 3729 3780 ersetzt werden kann, und daß die früheren Share¬
2975 3773 3729 3821 croopers durchaus fähige und tüchtige Farmer ab¬
2975 3813 3735 3874 geben, wenn man ihnen eine "faire Chance"
2973 3851 3080 3902 bietet.\:p\
3019 3856 3729 3933 \p\Es ist zweifellos schwieriger, den Kreislauf der
2975 3927 3729 3978 Industrie zu ändern, der nach dem Prinzip "mög¬
2975 3966 3729 4006 lichst viel, möglichst billig" produziert und des¬
2975 4006 3729 4049 halb dem Pendelschlag von fieberhafter Produk¬
2975 4042 3729 4087 tion, Ueberproduktion und Krise unterworfen ist.
2975 4082 3740 4136 Im amerikanischen Süden, einem verhältnismäßig
2975 4123 3729 4166 jungen und rohen Land, sind diese fundamen¬
2975 4164 3729 4207 talen Vorgänge deutlich sichtbar. Der Gegensatz
2975 4202 3740 4242 zwischen der perfekten Technik der Industrie und
2975 4242 3729 4283 der Armut und Rückständigkeit der für die In¬
2975 4280 3740 4321 dustrie arbeitenden Menschen macht heute den
2975 4318 3729 4364 Süden, das "Hinterland der amerikanischen Pro¬
2975 4356 3740 4405 sperität", zum Schauplatz eines höchst aktuellen
2975 4397 3671 4440 und mit brutalen Mitteln geführten Kampfes.\:p\
