3485 4457
665 202 1853 259 Annemarie Clarac-Schwarzenbach
1901 274 2827 328 Auf dem Kongo, Juli 1941
1170 417 2307 483 Wie bei uns ein Oktobertag ...
973 565 2934 625 \p\Eigentlich darf man hier von keinem besonderen Tag
635 639 3131 691 sprechen, denn die Tage gehen unterschiedslos vorbei, man vergisst
635 711 3218 763 sie zu zählen, und um das Datum kümmert sich auf dem Schiff niemand
635 784 3322 838 ausser dem Kapitän. Aber gerade für ihn, der diese Reise ununterbrochen
626 857 3280 909 zurücklegt, bedeutet der Kalender nicht mehr als eine Art notwendiger
626 930 3095 981 Rechenmaschine, darüber hinaus haben die Zahlen und Namen keinen
641 998 3071 1052 wirklichen Sinn. Die einzige Wirklichkeit, die wir noch berühren
629 1075 3137 1127 können, ist der Fluss, und man beginnt schon nach kurzer Zeit sich
632 1149 3209 1201 zu fragen, ob man ihn jemals wieder wird verlassen können, und ob er
632 1220 3200 1269 überhaupt irgendwo ein Ende hat. Sie sagen, der Kongo sei der zweit¬
632 1299 3259 1351 grösste Strom der Welt, und wir sind schon an Stellen vorbeigekommen,
635 1368 3170 1414 wo er fünfunddreissig Kilometer breit war, – trotzdem hatte ich nie
641 1437 3062 1488 gedacht, dass ein so grosser Teil unserer Erde immer gleich und
641 1509 3203 1563 und von einem einzigen Bild beherrscht sein könne, und ich bin doch
635 1578 3212 1635 schon viel gereist. In manchen Gegenden richtet man sich nach einem
635 1649 3173 1703 Berg wie nach einem Sternbild, in anderen findet man stets wieder
635 1721 3179 1778 zu einer Küste zuruck, oder Türme dienen als Wahrzeichen, oder eine
632 1795 3233 1849 Strasse begleitet einem getreulich über Hügel und durch Gebirgsket¬
635 1864 3182 1927 ten, so wie die Grusinische Heerstrasse im Kaukasus [siehe Artikel]. Aber sogar den
638 1933 3215 1999 weissen Kegel des Demawend, der wie ein Gestirn über der persischen
632 2010 3241 2073 Hochebene schwebte, verlor man doch einmal aus den Augen, und überall
638 2081 3173 2145 konnte man wenigstens Ausschau halten, andere Län Taler und Länder
644 2151 3101 2214 vermuten, und einen Horizont erblicken. Hier hingegen gibt es nur
641 2221 1032 2276 den Strom.\:p\
635 2300 3170 2363 \p\Auf beiden Seiten sind die Ufer wie dichte, grüne Kulissen, das ist
641 2370 3185 2431 die Wand des Urwalds, und er ist undurchdringlich. Auf kleinen Lich¬
647 2444 3193 2504 tungen gibt es manchmal ein Negerdorf, und manchmal öffnet sich die
638 2512 3104 2578 Wand, um einem Fluss den Durchgang zu gewähren, da sieht man dann
638 2585 3173 2651 anmutige Piroquen, von einem aufrecht stehenden Schwarzen gerudert
641 2653 3146 2723 ins Dunkel gleiten, das ist alles. Vor uns liegen unzählige Inseln,
638 2729 3131 2793 der Umkreis für das Auge ist daher nicht weit, und man kann daher
638 2802 3033 2864 nicht wissen, dass man auf einem riesigen Strom ist, der in das
641 2873 3236 2942 innerste Afrika führt. Natürlich denkt man trotzdem beständig daran.\:p\
1638 2950 3176 3011 Auf dem Schiff gibt es nur sechs weisse
638 3013 3182 3085 Passagiere, und Jeder [sic] hat ein Ziel, das er möglichst bald erreichen
638 3085 3241 3157 möchte. Ein schottisches Missionars-Ehepaar, das aus England zurück¬
638 3159 3137 3232 kehrt und schon sechzehn Jahre Kongo hinter sich hat, – zwei junge
650 3230 3113 3300 französische Unteroffiziere, die nach Kairo gelangen und sich in
638 3305 3203 3384 Nordafrika für General De Gaulle schlagen möchten, – eine Belgierin,
647 3379 3024 3449 die ihren Mann auf einem Ingenieur-Posten an der Sudan-Grenze
647 3447 3253 3520 treffen wird, – und ein schweigsamer Kaufmann, der im Kivu den Handel
638 3518 3253 3593 mit Gemüsen und Truthähnen betreiben will. Obwohl wir viel Zeit mit
650 3591 3298 3665 Gesprächen untereinander verbringen, und ich die Pläne und Hoffnungen
638 3665 3182 3737 meiner Mitreisenden schon recht gut kenne, kann ich ihnen doch nur
635 3737 3146 3809 mit halbem Ohr zuhören, so, als habe, was sie erzählen, keine rechte
638 3812 3203 3880 Wirklichkeit. Glauben sie wirklich an ihre zukünftigen Wiederverei¬
644 3886 3185 3958 nigungen, und Siege? – Sind ihre Erinnerungen wirklich so stark, dass
1501 209 1612 264 –2–
710 431 3024 485 sie sich daran halten, dass sie davon leben können? – Sind die
716 503 3238 569 Wünsche, die sie vor langer Zeit und in einem anderen Land hegten,
707 577 3182 631 heute die gleichen, und glühend genug, um auch nur einen einzigen
704 649 3212 703 Abend hier auf dem Fluss standzuhalten? – Brennt der Kuss noch wie
719 724 3182 775 ein Gelübde, den sie einmal empfingen, und können sie, wenn sie in
716 795 3274 846 verzweifelt heissen und trostlosen Nächten von der Mutterzärtlich¬
707 864 3209 918 keit traumen und vielleicht weinen, – können sie in solchen Tränen
710 939 3203 990 die Einsamkeit leichter besiegen, die uns hier so recht gnadenlos
713 1010 1074 1064 umgibt? ...
746 1079 3176 1133 \p\Ich weiss nicht, ich glaube ihnen nur halb. Sie können sich doch
710 1154 3277 1208 nicht ernstlich darüber streiten, ob [unleserlich]
683 1224 3227 1285 [unleserlich] die Belgier halten doch nicht im
713 1296 3301 1366 Ernst jeden Flämen für einen Verbrechen, u[addinline: U]nd unter uns ist Keiner[sic], der,
713 1371 2821 1425 wenn die Not ihn ankommt, lang von der Lüge leben kann.\:p\
713 1445 3218 1496 \p\Natürlich übt hier der Strom eine grosse Macht aus, denn man kann
710 1513 3212 1568 nicht anders als begreifen, dass unser Leben sehr nichtig ist, und
710 1587 3074 1639 dass weder Krieg noch Pestilenz ihn aufhalten, oder sein Bild
722 1654 3134 1715 verändern könnten, dass uns heute abend tröstet und bis morgen.
722 1727 3343 1796 Viele Dampfer sind untergegangen, viele Menschen am Fieber gestorben,
716 1801 3352 1867 uns kann es morgen ereilen. Und soeben noch habe Ich mich nicht wenig
716 1879 3098 1934 gefürchtet, weil ich mit Moskitostichen bedeckt auf das Schiff
710 1951 3307 2009 zuruckkam, und der Kapitan mir sagte, im Dorf, wo wir angelegt hatten,
716 2018 3241 2070 herrsche das gelbe Fieber. Aber dann, – ist das Leben anders, und si¬
722 2090 3074 2142 cherer, in anderen Gegenden, wa[ä]ren wir dort, an den unbekannten
746 2164 3104 2219 Küsten, geringeren Gefahren ausgesetzt, atmeteten wir in einem
725 2237 3134 2288 besseren Klima leichter, und ist es endlich wichtig, auf welchen
716 2302 1817 2360 Schlachtfeldern wir sterben?\:p\
719 2381 3203 2435 \p\Ich verbrachte dann die Nacht mit dem Kapitän auf der Brücke. Wir
716 2452 3071 2506 legten um 2 Uhr in einem Negerdorf an, wo uns das Tam-tam der
716 2524 3280 2575 Trommeln schon lang angekündigt hatte. Zwei Stunden lang trugen die
716 2598 3235 2652 Schwarzen Holzlasten an Bord, denn unsere Maschine heizt mit Holz.
719 2670 3218 2724 Indessen suchten wir mit dem Scheinwerfer die Ufer ab, das weisse
719 2747 3224 2795 Licht glitt über Palmenwipfel und Piroquen und verweilte auf dem
719 2812 3289 2863 klaren Wasser, worin sich schon die Inseln spiegelten, denen wir ein
725 2884 3200 2942 wenig später entgegensteuerten. Wir hörten auch Radio, aus Moskau,
719 2956 3253 3014 London, Berlin, und New York, Nachrichten, und sogar sanfte Musik, und
725 3032 3143 3087 gaben dann unsere eigene Meldung nach Leopoldville durch: "Hier
716 3104 3140 3153 Flussdampfer Colonel C, hier Flussdampfer Colonel C, halloh Herr
713 3174 3307 3238 Direktor, der 'Colonel C' befindet sich auf dem funfhundertdreissig¬
722 3242 3191 3302 sten Kilometer, hat in Bulongo 10 Ster Holz gefasst, 10 Ster Holz
722 3312 3253 3369 in Bulongo, alles in Ordnung, gute Nacht, Herr Direktor, der 'Colonel
716 3386 2650 3447 C' schaltet um und hört, Colonel C stop stop stop".\:p\
740 3457 3218 3515 \p\– Als die Schiffsglocke läutete, und wir gegen drei Uhr weiterfuh¬
716 3537 3155 3592 ren, erkannte man im Mondlicht keine Palmen und Mangobaume mehr,
716 3605 3337 3657 nur noch in weissen Dunst gehüllte Ufer und Inseln, ebensogut hatten
728 3676 2785 3730 wir uns in den schwedischen Schären befinden konnen, –
722 3751 3155 3805 der Kapitän schaltete[add inline: stellte] den Radioapparat ab, und wir schauten aus
731 3824 3280 3882 und schauten aus und merkten nicht, wie die Morgendämmerung begann.\:p\
2015 3971 2358 4029 \p\(Schluss)\:p\
3304 2935 3982 3032 With all my love
3286 3045 4158 3163 all my tenderness
3677 3142 3833 3221 A.
