1883 2597
85 162 1723 192 Lorenz Saladin's Last Journey
100 258 1715 358 The ascent of Khan Tengri in the Tien Shan
798 376 1763 445 by ANNEMARIE CLARK-SCHWARZENBACH
89 459 1757 524 \p\Heroes of the past are often divested by later generations of their local labels and promoted to the
89 520 1754 572 select group of those whose achievements are acclaimed by humanity at large. Contemporary heroes,
89 563 1754 607 however, have a habit of being national; and unless he can get the backing of a single nation, your
94 605 1763 653 heroic soul is apt to vanish into oblivion. Lorenz Saladin, as this story shows, was something of a
114 644 1738 694 hero, but it would take a less nationalistic age than our own to give so unattached a being his due.\:p\
98 713 896 773 \p\At the end of September 1936 a short
102 767 879 821 telegram reached Zürich (Switzerland)
100 819 881 867 announcing that Lorenz Saladin, during
100 875 900 923 or after an ascent of 'Khan Tengri’ in
100 908 898 962 Russian Tien Shan, near the Chinese
96 960 898 1010 frontier, had met with an accident and
98 1004 900 1052 lost his life. The telegram had been sent
102 1052 900 1102 by the Moscow correspondent of a little
102 1100 896 1156 Communist newspaper in Switzerland,
102 1145 900 1197 Die Freiheit, and aroused considerable
108 1193 898 1245 attention. Saladin’s name had become
106 1243 904 1291 famous far beyond the borders of his Swiss
108 1289 902 1341 homeland owing to the ascents he had
114 1337 902 1389 made in the Caucasus in the course of his
118 1378 908 1445 two consecutive expeditions of 1933 and
125 1432 906 1493 1934, and owing to his successful part in
125 1478 886 1547 the Russian Pamir Expedition of 1935.
125 1522 904 1586 The news of his death caused a sensation
121 1572 913 1628 in spite of the facts that few people had
121 1619 913 1671 even known that he had returned in 1936
125 1659 919 1717 to Turkestan, and that Saladin, although
118 1715 921 1765 famous, had never been really popular in
118 1763 484 1821 his native country.\:p\
162 1800 921 1858 \p\He was an 'adventurer’ — a peasant’s
118 1858 927 1904 son, who, born in 1896 in the village of
121 1894 925 1950 Nuglar in the Canton of Solothurn, had
118 1946 919 1996 ran away from home as a small boy, and,
123 1987 923 2045 in spite of poverty, had never endured for
121 2039 929 2091 long in any trade or profession. For years
121 2089 929 2147 he had wandered around in the Pyrenees,
121 2135 925 2185 in South America, in the United States:
127 2181 908 2237 he had been a dish-washer, swimming
127 2235 927 2285 instructor, mechanic, policeman — in short,
127 2285 931 2332 he had raced through the career of
129 2334 929 2388 good-for-nothing and candidate for the
127 2376 929 2428 status of American which tradition has
125 2420 933 2476 rendered almost respectable; but without
950 711 1767 775 becoming a millionaire or anything of
950 767 1152 819 that kind.\:p\
996 809 1763 869 \p\The only thing that distinguished him
948 863 1763 915 from his companions in vagabondage was
952 910 1765 965 his passion for mountains. This passion
960 962 1765 1019 gave meaning to his life; its practical
954 1012 1765 1064 aim can scarcely be accorded name or
960 1060 1769 1108 value, but it remains, as we know, one
954 1108 1746 1150 of the most deeply implanted driving
952 1147 1767 1204 forces of mankind, to which we owe the
952 1197 1767 1245 accomplishment of many truly great deeds.\:p\
998 1243 1765 1295 \p\Saladin was an absolutely simple fellow.
962 1289 1771 1341 While he was clambering about in South
954 1337 1773 1389 America in the Andes, or was (in his own
960 1387 1773 1436 words) “doing some fine climbs” in North
956 1432 1777 1484 America, it scarcely occurred to him that
958 1482 1777 1532 he might become famous just by being a\fml\\:p\
1594 2403 1781 2467 \f\Karte der Grenzregion Turkestans\:f\
77 1411 874 1488 \p\\fml\master of the alpinist’s métier. He pub¬
79 1464 878 1533 lished in the Alpine Journal of May 1935
79 1517 882 1572 a report on the Caucasus expeditions
81 1568 880 1621 which he had carried out with some Swiss
77 1619 880 1668 comrades; from the Pamir Expedition he
79 1666 874 1715 brought back a meagre diary and a num¬
79 1708 878 1763 ber of really excellent Leica photographs.
75 1755 878 1804 His name was now known. But he still
75 1802 874 1853 had no idea of making a career for himself.
81 1851 874 1900 When, in June 1936, he went back to
77 1890 859 1949 Moscow, with the intention of climbing
73 1945 876 1996 Mustagh Ata in the Pamirs or Khan
81 1993 867 2053 Tengri in the Tien Shan, he was merely
75 2038 874 2091 following a suggestion made by Sven
71 2081 874 2132 Hedin, the Swedish explorer, and then
73 2126 869 2181 only because they happened to be two
83 2175 876 2250 'fine' and so far unconquered peaks [das trifft nicht auf den Khan Tengri zu, der bereits zwei Mal zuvor bestiegen wurde (für den Mustag Ata überprüfen)] which
71 2226 739 2277 awoke his mountaineer’s ambition.\:p\
118 2274 869 2323 \p\The fact that this expedition was to be
69 2317 872 2370 carried out in Russia from Moscow, with
71 2362 867 2413 Russian colleagues, and that Saladin,
67 2407 869 2462 thanks to his earlier feats, was on the best
937 1417 1729 1486 possible terms with Russian mountaineers,
937 1474 1729 1525 may be partly to blame for so compara¬
935 1523 1733 1574 tively little being said elsewhere about his
933 1568 1727 1621 ascent of Khan Tengri. The announce¬
931 1619 1733 1664 ment of his death from Moscow may have
931 1660 1733 1708 increased the sensation it caused, but
931 1712 1733 1757 made the possibility of ever learning more
931 1755 1729 1806 exact details appear distinctly less. In
931 1804 1729 1853 Switzerland a few sketchy reports were
929 1845 1723 1908 published without even an attempt being
926 1898 1729 1949 made to rescue the material which Saladin
926 1945 1729 1996 left behind him. So it was that one of the
926 1993 1729 2044 really great mountaineering feats of the
926 2034 1729 2083 world was scarcely heard of, and might
924 2079 1729 2132 almost have passed into oblivion while
922 2132 1729 2183 Saladin was being mourned as a hero in
920 2177 1093 2228 Moscow.\:p\
967 2228 1729 2277 \p\By chance I heard Saladin’s story — or at
922 2270 1727 2323 least the little that was known of it — eight
922 2315 1725 2370 months later, in May 1937, in Zürich. I
920 2370 1727 2421 came into touch with his brother Peter, a
922 2413 1725 2462 taxi driver, who gave me 'Lenzli’s' last\fml\\:p\
1291 1139 1407 1173 \f\Martkttag in Karakol, Pferde\:f\
1391 1234 1735 1315 \fp\Photograhps by Lorenz Saladin\:fp\
86 1303 1723 1362 \fp\Market day in Karakol, a 'garden city' of Kirghizia, 5800 feet above sea-level and situated among
179 1346 1645 1411 orchards. Here pack horses were hired for the journey to Khan Tengri, 146 miles away\:fp\
91 151 886 211 \p\\fml\letters and one from his friend, Gog Har¬
91 205 892 261 lampiev, from Moscow, to read. As Peter
91 259 896 308 himself could not take leave and had no
93 306 898 354 money, he was very anxious that someone
89 354 896 410 should go to Russia and fetch the belong¬
97 395 898 451 ings which Saladin had left. So I was
101 439 896 505 given the necessary authority by him,
95 486 900 542 secured a visa on the way through Berlin
99 540 894 588 and went via Tallinn and Leningrad to
101 586 269 635 Moscow.\:p\
143 627 892 687 \p\I there met first of all Gog Harlampiev,
101 683 898 733 a young student of music and Saladin’s
108 727 898 780 best friend. He had not, however, taken
108 778 900 830 part in the Khan Tengri Expedition, but
106 826 900 892 had only flown, on receiving the first
106 874 896 923 telegram, to Alma Ata, and taken charge
103 915 898 973 of all Saladin’s film material. Through
101 971 898 1027 Harlampiev I met Saladin’s companions.
103 1014 898 1068 One of them, Vitaly Abolakov, told me
103 1064 896 1116 the story of the tragic expedition and
108 1122 894 1172 gave me exact information to accompany
103 1153 435 1219 the photographs.\:p\
1000 153 1757 213 \p\These photographs (of which only a few
954 211 1755 261 can be included here) form a really valu¬
952 261 1764 308 able record — valuable since the scene of
954 306 1762 356 this mountaineering drama, the Tien Shan,
954 348 1766 404 is a little-known region; most of its peaks
956 402 1764 451 are still unnamed; high passes separate
952 445 1768 501 it from China and from the inhabited
956 497 1762 551 parts of Kirghizia; strict frontier con¬
954 546 1768 604 trol had up to then made it impossible
952 584 1768 635 for explorers and mountain climbers to
956 635 1768 693 penetrate into it, to take photographs or
956 679 1768 733 to carry out ascents. Saladin himself
954 729 1770 780 had not secured permission to enter this
954 770 1770 828 strategic zone without difficulty. When
954 818 1770 876 he learnt in Moscow that the Chinese
954 869 1759 923 authorities absolutely refused him ad¬
954 925 1766 973 mittance to Chinese Turkestan, he gave
954 965 1770 1021 up his first plan, to climb Mustagh Ata, a
956 1016 1768 1070 peak on Chinese territory, and bent all
956 1066 1762 1118 his energies on securing a permit to enter
954 1114 1770 1163 Russian Tien Shan. He received a tourist
956 1159 1766 1213 visa valid for the whole of the Soviet\fml\\:p\
431 2010 474 2064 \f\Lager zu Reisebeginn, Lorenz Saladin nackt\:f\
116 2385 1774 2436 \fp\The first part of the journey, through a pleasant mountain region, whose green pastures and abundant
112 2432 1776 2476 streams afforded ideal camping-grounds, was the easiest. Preparing a meal in brilliant August sunshine\:fp\
143 1420 940 1484 \p\\fml\Union; the Central Office of the Trade
141 1482 938 1533 Unions’ gave the money, about 15,000
135 1523 936 1580 roubles, required by him and his four
139 1572 940 1629 Russian companions; and the expedition
135 1627 441 1676 seemed assured.\:p\
290 1698 779 1756 SALADIN AND THE SOVIET [dieser Teil scheint nicht identisch mit smallform_285]
178 1762 932 1813 \p\Saladin had left Switzerland with the
135 1805 940 1860 most modest equipment imaginable — a
135 1862 936 1909 rucksack, a Leica and another film camera.
139 1905 936 1956 Incidentally, he had not paid for this film
133 1956 934 2005 camera, and his brother Peter had given his
135 2001 934 2052 guarantee for it. When it became known
135 2046 932 2093 later that Saladin had received money
137 2085 928 2138 from the Russians, the rumour immedi¬
135 2138 924 2189 ately went round that he had sold himself
139 2185 936 2236 to the Soviet Government: presumably, it
139 2232 934 2285 was said, he had promised as a quid pro
133 2283 932 2334 quo to make strategic observations on the
139 2330 934 2373 Chinese frontier, and in any case to hand
135 2371 932 2420 over his entire photographic material on
135 2420 337 2469 his return.\:p\
1044 1422 1792 1484 \p\To be sure, the Tien Shan is a district of
1001 1482 1790 1539 great strategic importance, and certainly
995 1525 1796 1580 significance still attaches to those southern
993 1576 1799 1627 routes to India’, lying further south in the
997 1625 1796 1670 Pamirs, for which search was made even
993 1668 1799 1723 before the World War. But Saladin the
995 1711 1801 1764 Swiss was just as certainly not the right
995 1762 1801 1819 person to secure useful information of this
993 1809 1799 1860 kind, to draw maps, and do all the various
993 1856 1801 1907 other things necessary. He never even
991 1907 1801 1956 succeeded in keeping a diary as almost all
989 1948 1794 2011 mountaineers do, and the scenes of a large
991 2005 1799 2050 number of his photographs could not be
989 2048 1796 2101 located on account of inadequate data
993 2097 1801 2146 His notes cease at August 17, 1936. That
993 2144 1792 2189 was the day on which he and his four com¬
989 2187 1801 2242 panions set out from Karakol for the Khan
999 2236 1136 2293 Tengri.\:p\
1036 2269 1801 2332 \p\Incidentally, we know that the Russian
991 2328 1792 2385 Government is very keen about sporting
989 2379 1799 2428 achievements, and disburses large sums
985 2420 1796 2475 for expeditions, even when they have\fml\\:p\
620 1136 807 1166 \f\Familie kirgisischer Nomaden\:f\
141 1308 1770 1363 \fp\Kirghiz nomads, grazing their herds during summer on the serts (Alpine meadows) of the Terskei-
141 1357 1780 1410 Alatau range, were frequently met. A Kirghiz with his large family of five wives and their children\:fp\
71 153 878 210 \p\\fml\no immediate practical object. Saladin’s
71 202 876 251 friends, Leoni Guttmann, Misha Dadio¬
73 250 878 302 mov, Evgeny and Vitaly Abolakov, rank
71 310 881 354 as the best mountaineers of the Soviet
76 345 877 395 Union: Saladin himself had made his
73 394 876 459 name on the Pamir Expedition of 1935,
72 441 876 489 and was unusually popular with his
77 490 874 539 Russian comrades. It is, therefore, not so
76 539 876 587 surprising that the necessary money should
76 586 878 635 have been made available for the ascent of
80 632 879 682 Khan Tengri. Even more than this was
82 681 881 730 done: Saladin was insured by the Central
87 730 877 779 Office of the Trade Unions for 10,000
89 777 877 827 roubles. This sum is bein held in
86 826 876 874 Moscow at the disposal of his family, but
80 866 879 922 it has so far not been possible to send it to
80 915 875 978 Switzerland owing to exchange regulations.\:p\
130 965 876 1018 \p\None of Saladin’s equipment — with the
82 1018 877 1065 exception of the two cameras — was bought
84 1059 878 1114 until he reached Moscow. He enumerates
82 1113 879 1162 the items: tinned food of all kinds, dried
88 1162 863 1218 vegetables, valinki (felt boots) and clothing
84 1202 875 1265 for the porters, sleeping-bags, a tent,
88 1250 844 1305 measuring apparatus, picks and rope –
90 1297 883 1355 only 450 kilograms in all. On July 2nd
93 1346 880 1403 Saladin, Leoni Guttmann and Evgeny
98 1394 886 1443 Abolakov left Moscow and travelled via
109 1437 888 1490 Tashkent to the Tamingen district in the
106 1481 888 1538 Turkestan range, which they had visited
104 1531 891 1587 the previous year in company with a
97 1571 891 1635 group of scientists, principally geologists,
97 1625 893 1674 who had been searching for samples of
96 1667 896 1723 rock and, in particular, for veins of ore.
100 1715 884 1770 The geologists had established a per¬
94 1770 899 1818 manent camp in the Tamingen and were
97 1810 523 1862 continuing their work.\:p\
144 1858 899 1915 \p\Saladin and his friends carried out
95 1906 899 1961 various ascents in this district and on
97 1955 896 2018 July 27, leaving the Turkestan mountains,
97 2012 898 2058 made their way to Frunze, the terminus
96 2050 901 2104 of their railway journey. There they met
96 2097 898 2155 Misha Dadiomov and Evgeny’s brother,
103 2149 895 2202 Vitaly, and drove in a lorry via Rebatchi,
96 2194 897 2243 along the shore of Lake Issyk Kul, to
97 2241 901 2290 Karakol, which they finally reached on
96 2290 897 2351 August 7, after a very difficult journey
94 2350 894 2386 owing to the bad roads. A thermometer
94 2399 896 2435 and an altimeter arrived broken — a loss
101 2433 897 2491 which of course could not be made good.\:p\
973 158 1739 211 \p\Karakol is a 'garden city', situated
939 210 1739 266 5800 feet above sea-level, with a mild
933 257 1738 306 climate, surrounded by orchards and
932 305 1742 346 melon and poppy fields. Saladin visited
932 353 1742 394 the weekly market next morning, and
933 394 1739 442 recounts with delight all there was to
936 441 1739 498 buy: raspberries, bilberries, apples, pears,
934 490 1739 538 radishes, turnips, butter, milk, cheese.
933 539 1742 586 ... The time of the year was favourable
932 586 1744 634 not only for the fruit market, but for the
933 635 1742 683 start of the ascent of Khan Tengri as well.
932 682 1743 730 But when Saladin went with his friends to
936 731 1739 779 the frontier authorities, in order to have
938 778 1739 826 their passports visa-ed, he, the foreigner
932 831 1742 874 of the party, was flatly refused entry into
937 873 1743 920 the Tien Shan. It was pointed out that
935 920 1742 970 his tourist visa was not valid for the\fml\\:p\
1244 2125 1375 2155 \f\Kirgisisches Mädchen auf Pferd\:f\
959 2303 1763 2354 \fp\Among the Kirghiz everybody rides—old and
960 2354 1761 2410 young, mothers and infants; and ’the little girls,
957 2399 1762 2443 silver ornaments round their necks, sitting securely
956 2436 1751 2483 and gracefully in the saddle ... look like princesses'\:fp\
115 138 908 187 \p\\fml\frontier district, and that so far no
112 183 908 227 foreigner had ever received this favour.
112 232 909 274 Saladin and his friends began wiring to
112 275 906 322 Moscow, until the total number of tele¬
121 324 910 378 grams mounted up to fourteen; one of them
118 371 909 418 was addressed personally to Joseph Stalin.
114 418 907 466 Soviet Russian bureaucracy works slowly.
119 466 874 513 The days went by, the season advanced –
116 513 912 561 even Saladin, tough and obstinate though
112 558 912 610 he was, became nervous. Release came
117 604 908 651 with a telegram from Moscow which
116 652 912 698 arrived on August 17; Lorenz Saladin, the
115 697 912 746 only foreigner to do so, received a permit
114 746 562 795 to enter the Tien Shan.\:p\
243 834 784 875 THE ROAD TO KHAN TENGRI
154 891 906 931 \p\From this moment he made no further
113 939 907 978 notes, wrote no more letters, had no other
115 985 908 1026 thought in his head but to reach Khan
120 1027 906 1074 Tengri. Saladin’s last letter, from Kar¬
112 1074 906 1131 kol, is dated August 17. “Today we are
111 1122 908 1171 setting out,” he writes, “five climbers and
112 1172 911 1219 three Kirghizians, who are staying behind
116 1220 910 1266 with the horses. I shall be in Zürich
113 1268 910 1314 about October 3rd. The report on Khan
118 1317 911 1363 Tengri will follow after our return to
113 1363 388 1412 Karakol ..."\:p\
153 1403 911 1451 \p\In actual fact the little expedition did
111 1460 912 1498 not set out until two days later, on August
116 1500 905 1546 19, after all preparations had been care¬
107 1546 905 1594 fully made. Compared with the appa¬
113 1594 911 1642 ratus and equipment of a Mount Everest
109 1643 909 1691 expedition, these preparations sound more
108 1689 902 1738 like those for a harmless week-end ex¬
107 1741 905 1787 cursion. Saladin and his four Russian
109 1788 907 1834 companions had to be content with the
107 1837 904 1882 simplest of equipment, and to rely on their
106 1875 900 1922 own intuition and mountaineering ex¬
109 1931 907 1986 perience. Even the route of their approach
107 1970 907 2018 to Khan Tengri was known only in its
109 2019 906 2066 broad outlines. From Karakol they wanted
111 2066 905 2114 to cross the Terskei-Alatau range in a
106 2114 905 2162 south-easterly direction over two 13,000-ft
111 2161 902 2218 passes in order to reach the Sari Djas
109 2208 901 2250 valley. The Sari Djas flows into the
108 2248 902 2299 Innültchek river, which they were to
106 2299 903 2347 follow up in a north-easterly direction as
106 2346 899 2394 far as the Innültchek glacier. This stretch
106 2394 900 2442 is about 100 miles long. Then follows the
967 125 1805 179 march over the glacier, which, 46 miles
968 178 1745 226 long, ends at the foot of Khan Tengri.\:p\
1011 225 1797 273 \p\Their rations were apportioned as fol¬
968 273 1802 322 lows: for the journey from Karakol to the
970 322 1804 370 Innültchek glacier, 2 kilograms per man
968 363 1804 426 per day, of rice, barley, macaroni, tinned
968 411 1804 465 milk, with a sheep for fresh meat; tea and
970 459 1794 514 bread. For the march across the glacier
972 508 1796 562 1 1/2 kilograms per man per day, of tea,
968 555 1797 610 dry bread, tinned milk, cocoa, cheese,
966 603 1795 651 sausage and groats. For the actual ascent
975 651 1788 707 (on which they wanted to establish only
971 697 1790 749 one single camp at about 20,000 feet!),
974 749 1793 803 1 kilogram per man per day, of dry bread,
967 792 1790 850 nuts, dried fruit, chocolate, tinned milk,
971 841 1787 900 tinned meat, semolina, and egg powder.
977 888 1785 938 They were to take also a Primus stove
968 938 1377 986 with Meta solid fuel.\:p\
1010 986 1786 1027 \p\Ten horses with three Kirghizians were
963 1027 1785 1090 hired for transporting the bagage, and
967 1082 1780 1123 at nine o’clock on the morning of August
972 1123 1771 1171 19 the little caravan left Karakol. The
968 1179 1765 1219 actual ascent of Khan Tengri is a moun¬
967 1226 1769 1267 taineering feat which it is not easy to
968 1266 1770 1322 appreciate properly. Apart from the very
971 1315 1772 1363 considerable height (the summit is 23,600
968 1362 1775 1418 feet high) and from fatigue caused by
970 1409 1771 1457 the thin air, it seems not to be a particu¬
967 1460 1766 1514 larly difficult mountain as far as climbing
967 1505 1776 1546 is concerned. Nevertheless this ascent
968 1553 1765 1600 must rouse the admiration of every moun¬
972 1594 1112 1643 taineer.\:p\
1016 1641 1759 1689 \p\When in Switzerland a few sensation¬
963 1689 1745 1738 loving or careless and ambitious young
965 1746 1765 1794 people climb the Eiger Wall, it constitutes
963 1785 1766 1835 first a suicidal and secondly, at best, an
963 1835 1770 1882 acrobatic undertaking. Experienced Swiss
976 1881 1764 1938 guides shake their heads over it, every
964 1923 1767 1972 one wonders at the way they risk their
960 1976 1774 2018 lives time and again to save people so
958 2020 1779 2074 often warned. Then again, doctors and
956 2081 1777 2123 nurses, hospitals and hotels, are at their
958 2114 1121 2170 disposal.\:p\
1000 2158 1780 2211 \p\Saladin, Dadiomov, Guttmann and the
959 2210 1784 2258 two Abolakovs on the other hand went
955 2252 1789 2307 alone; they could hope for no help, and
956 2313 1790 2353 even their trek to Khan Tengri represented
955 2347 1789 2402 a feat of endurance which would have
951 2407 1776 2467 shattered the enthusiasm of many young\fml\\:p\
367 105 445 572 \f\Pass im Terskei-Alatu Gebiet mit Gruppe von Pferden\:f\
152 2453 1797 2539 \fp\A pass (13,000 feet) across the Terskei-Alatau range, difficult even for tough little Kirghiz horses\:fp\
123 1430 923 1485 \p\\fml\aspirants to the ascent of the Eiger North
127 1477 915 1532 Wall. A 100-mile journey to the Innült¬
125 1526 923 1581 chek glacier and 46 miles over the glacier:
125 1573 919 1630 to cover this distance of 146 miles they
123 1626 917 1681 took ten days, which in itself was a very
123 1673 631 1716 considerable achievement.\:p\
170 1703 923 1765 \p\The first part of the way was the easiest.
133 1757 921 1814 The Terskei-Alatau range, which was
125 1812 923 1859 crossed, had ample water and green
125 1859 921 1914 pasture; they met everywhere Kirghiz
123 1906 919 1957 nomads who with their herds were spend¬
123 1953 919 2004 ing the summer months on their serts,
125 1998 923 2045 as they call the Alpine meadows. Saladin
125 2045 919 2092 took some charming photographs of these
127 2089 917 2141 nomads — the last outpost at the border
125 2143 921 2188 of the inhabited world. The women are
127 2188 921 2237 unveiled, like the women of all nomad
127 2234 921 2284 tribes; a man has three or more wives, who
123 2273 921 2326 all live together with a host of children in
125 2322 921 2371 one of the yurts, which are solidly built and
133 2369 919 2435 give good protection from heat and cold.\:p\
165 2416 919 2467 \p\Horses are the most precious possession
1021 1424 1779 1485 – little, tough animals with thick manes,
980 1475 1781 1530 sure-footed, pony-like. Children and old
982 1522 1781 1583 people, mothers and infants, all ride, and
982 1569 1773 1622 the little girls, silver ornaments round their
980 1616 1775 1667 necks, sitting securely and gracefully in
984 1669 1761 1724 the saddle dressed in their long sheep¬
978 1712 1773 1765 skin coats, look like princesses. They had
978 1752 1769 1818 never yet seen any other human beings
984 1801 1779 1859 than the members of their tribe, and the
978 1851 1785 1908 five climbers with their pack-horses and
980 1900 1777 1957 strange baggage aroused delighted curi¬
978 1953 1783 2004 osity. They were offered koumiss, sour
978 1989 1775 2047 milk, the nomads’ chief food. Mares'
978 2042 1609 2108 milk, incidentally, is also drunk.\:p\
1027 2089 1791 2161 \p\Then followed the steep descent of
980 2132 1785 2194 the Tjus Pass and the Sari Djas valley,
978 2190 1789 2245 the passage of the Sari Djas river, and the
978 2237 1787 2296 way through the Innültchek valley to the
980 2277 1791 2333 glacier. Here human habitation ends.
984 2328 1791 2380 The frontier region between Russia and
978 2371 1789 2426 China, between Russian and Chinese
984 2422 1783 2484 Turkestan, seems to have been designed by\fml\\:p\
121 1215 155 1258 \f\Innültchek-Tal mit Expeditionsgruppe\:f\
133 1295 1771 1356 \fp\The Innültchek Valley with Petrowskowa, one of the few peaks to have a name in this formidable
165 1350 1736 1405 natural frontier region between Russian and Chinese Turkestan. Here human habitation ends\:fp\
502 1070 620 1100 \f\Innültchek-Gletscher\:f\
113 1180 1756 1242 \fp\Nourished by minor glaciers, the Innültchek glacier, one of the three largest in Central Asia, con¬
160 1231 1727 1293 fronted Saladin and his companions with 46 miles of difficult going to the foot of Khan Tengri\:fp\
854 2189 1065 2228 \f\Pferd, im Eis eingebrochen\:f\
182 2463 1733 2518 \fp\One horse broke through into a crevasse but was recovered uninjured after some hours of work\:fp\
117 1374 919 1428 \p\\fml\nature for its purpose. On the glacier the
119 1426 911 1477 Kirghiz pack-horses proved their worth;
117 1475 913 1525 one of the ponies broke through into a cre¬
119 1521 915 1572 vasse, but was recovered quite uninjured.\:p\
156 1572 921 1620 \p\Horses and porters had at last to be sent
115 1620 881 1669 back; the base camp — a single little tent –
117 1660 917 1721 was established at the foot of Khan Tengri,
117 1713 917 1763 on the snow surface of the glacier. At
113 1749 911 1820 ten o’clock on the night of August 30,
111 1798 911 1852 in calm weather, the ascent was begun.
109 1842 915 1901 Saladin and his friends at first followed
109 1905 911 1947 a chimney which led to the western
111 1945 911 1996 ridge of the Khan Tengri pyramid. At
115 1994 911 2042 18,700 feet they established their first
111 2034 909 2091 bivouac. As they had not taken the tent
113 2087 909 2133 with them, they used a primitive method
113 2129 905 2178 which had already been tried out by
107 2180 907 2228 Saladin in the Caucasus: they dug holes in
111 2228 907 2275 the snow which were just large enough to
107 2275 903 2331 take the body like an icy coffin, and they
109 2325 905 2374 were sufficiently protected in this way
107 2359 907 2412 by their own warmth. The weather had
107 2416 907 2468 changed: a heavy storm, the first they met,
976 1374 1761 1428 forced the five men to hold out two days in
978 1424 1763 1477 this, their very first camp, before they could
976 1475 1761 1527 continue the ascent up the western ridge.
976 1521 1763 1572 Further bivouacs followed at 20,300 feet
976 1570 1757 1620 and 22,000 feet; the last, at 23,000 feet,
980 1614 1757 1666 was only 600 feet below the summit. This
976 1658 1761 1713 last stage, the exceptionally steep summit
978 1715 1666 1770 wall, was overcome on September 5.\:p\
1018 1749 1759 1804 \p\The photographs which Saladin took
972 1802 1770 1852 during their short rest show clearly that
974 1850 1770 1899 the weather was calm up there, and
972 1893 1768 1963 visibility good, while lower down heavy
970 1939 1755 2004 banks of clouds were already forming.
970 1994 1770 2046 Reason enough for anxiety. After a respite
970 2042 1774 2093 of only 40 minutes, therefore, the descent
966 2091 1772 2147 was begun, and the so-called third camp
968 2139 1774 2188 at 22,000 feet was reached on the same
966 2184 1774 2236 day. Next morning, on December 6, the
966 2228 1772 2285 descent as far as the first camp at the
962 2277 1774 2333 end of the westem ridge was to have
966 2321 1273 2374 been continued.\:p\
1010 2359 1774 2426 \p\The climbers had now entered a zone
957 2424 1768 2485 of fierce storm. Snow was falling; con¬\fml\\:p\
511 1092 733 1139 \f\Schneehöhle als Biwak\:f\
117 1265 1737 1323 \fp\During the ascent the party sheltered at night, protected by their own warmth, in snow-hole bivouacs
230 1319 1634 1374 just large enough to take one man’s body. The last bivouac 600 ft below the summit\:fp\
94 155 892 211 \p\\fml\sequently, visibility was bad; and bitter
96 213 898 258 cold taxed their strength to the utmost.
97 258 906 307 On this day an incident, which at first
96 308 902 353 appeared trivial, gave a tragic turn to
98 355 895 401 the hitherto fortunate course of the ex¬
98 395 902 458 pedition. During a short rest a rucksack
100 442 897 492 was blown over the edge of the ridge.
103 490 897 555 Guttmann, trying to stop it, lost his
101 539 896 586 balance and slid about 600 feet down.
100 586 897 654 Saladin succeeded in climbing down to
106 635 895 692 the scene of the accident and in carrying
107 683 902 731 back his half-conscious comrade on his
109 731 902 778 shoulder as far as immediately below the
115 779 906 833 first camp—an immense effort which ex¬
111 826 698 889 hausted the last of his strength.\:p\
313 917 684 963 DEATH OF A HERO
142 967 900 1019 \p\Further progress during the storm, in
106 1019 902 1066 falling darkness, was out of the question.
109 1068 902 1114 In that frightful cold the friends spent the
110 1114 905 1162 night in their snow-holes; the ice melted
111 1163 902 1219 under their warm bodies, so that they
111 1212 912 1258 were lying in water. Their hands and feet
112 1260 910 1298 were all badly frozen; Saladin attempted
115 1297 913 1346 to scratch off the frost-bitten places on the
118 1345 911 1402 backs of his hands with his pocket-knife,
120 1394 910 1442 and plunged his hands in petrol to dis¬
123 1433 921 1491 infect them. In so doing he seems to have
129 1481 920 1536 poisoned himself, although the effects
126 1530 844 1578 did not appear until a few days later.\:p\
171 1578 920 1626 \p\The five men finally reached the base
122 1626 912 1674 camp and struggled on over the In¬
119 1676 914 1730 nültchek glacier, in the hope that they
121 1724 920 1770 would soon meet the porters and horses
122 1770 922 1818 which, according to arrangement, should
117 1818 918 1873 have been coming towards them. They
117 1867 921 1914 also sent a radiotelegram at once to Alma
117 1915 913 1970 Ata, which was transmitted to Moscow,
120 1964 918 2010 but did not arrive there until September
151 2003 924 2067 7. The Kirghizian Government itself
120 2051 920 2099 immediately equipped a rescue party, and
120 2107 921 2146 sent an aeroplane over the Terskei-Alatau
120 2146 923 2194 range which dropped a message to the
121 2195 920 2242 sufferers that help was already on the
953 160 1761 210 way. In the meantime they had met their
960 212 1760 267 porters and were slowly continuing their
957 258 1099 306 march.\:p\
998 305 1765 354 \p\On September 9 Saladin admitted for the
953 354 1769 401 first time that he was feeling ill. He begged
960 399 1767 448 the others to go on without him, but his
956 443 1769 490 friends packed him in a sleeping-bag and
956 489 1769 537 fastened him to his horse. So it was he
955 539 1763 586 died, on September 14. One of his com¬
957 587 1770 634 rades remarked that Saladin had lost a
961 634 1769 690 glove, and asked whether he could help
955 683 1767 731 him. I don’t understand”, he answered:
957 730 1768 778 at the same moment he collapsed onto the
958 776 1767 826 neck of his horse. On the evening of the
955 825 1769 874 same day the four completely exhausted
961 874 1772 931 Russians met the rescue party from Alma
962 922 1770 970 Ata. They brought the body of Lorenz
961 971 1770 1018 Saladin as far as the end of the Innültchek
962 1018 1770 1065 valley and buried it at the junction of the
961 1067 1771 1114 Innültchek and Sari Djas rivers under a
976 1115 1306 1170 group of fir trees.\:p\
1009 1153 1768 1210 \p\A few days later they were picked up
965 1204 1772 1258 by an aeroplane and flown to Alma Ata.
968 1252 1772 1298 All of them recovered completely except
974 1298 1774 1354 young Evgeny Abolakov, half of whose
973 1346 1770 1394 fingers and toes had to be amputated.
981 1394 1774 1442 But even he has remained true to his
978 1443 1776 1499 passion and last summer, when he could
972 1490 1776 1538 still scarcely walk, occupied a post as
977 1529 1764 1593 teacher of theory in a mountaineering
977 1577 1772 1626 school in the Caucasus. His brother
983 1626 1778 1674 Vitaly, and Dadiomov, Guttmann and
978 1675 1781 1723 Gog Harlampiev intend to attempt the
978 1722 1776 1770 ascent of Mustagh Ata — that second
993 1772 1777 1836 giant of the Chinese-Russian border which
977 1817 1778 1866 Lorenz Saladin had in mind. When
988 1863 1781 1914 Vitaly told me of this plan in Moscow, I
976 1915 1763 1962 noticed that he and his friends felt them¬
977 1964 1777 2009 selves to be the executors of a testament.
983 2010 1781 2051 They put it in these simple words: “If
981 2051 1780 2099 Lenz were still alive, he would have been
977 2098 1780 2146 sure to climb Mustagh Ata. We in the
977 2147 1780 2194 Soviet Union will not forget Lenz. He
983 2195 1549 2242 was the best of our comrades."\:p\
