<?xml version="1.0" encoding="UTF-8"?>
<validation-wrapper>
   <PcGts xmlns="http://schema.primaresearch.org/PAGE/gts/pagecontent/2013-07-15"
          xmlns:xsi="http://www.w3.org/2001/XMLSchema-instance"
          xsi:schemaLocation="http://schema.primaresearch.org/PAGE/gts/pagecontent/2013-07-15 http://schema.primaresearch.org/PAGE/gts/pagecontent/2013-07-15/pagecontent.xsd">
      <Metadata>
         <Creator>prov=READ-COOP:name=PyLaia@TranskribusPlatform:version=2.24.0:model_id=39995:lm=none:date=06_03_2025_10:58</Creator>
         <Created>2025-03-01T17:56:08.444+01:00</Created>
         <LastChange>2025-03-06T11:20:42.553+01:00</LastChange>
         <TranskribusMetadata docId="7181993"
                              pageId="92803077"
                              pageNr="1"
                              tsid="232638769"
                              status="IN_PROGRESS"
                              userId="194245"
                              imgUrl="https://files.transkribus.eu/Get?id=NVCPOMGSQABTZRJIUYTZSZXQ&amp;fileType=view"
                              xmlUrl="https://files.transkribus.eu/Get?id=CBCCTTVKMAPLJOAGMVOGBDVJ"
                              imageId="77563546"/>
      </Metadata>
      <Page imageFilename="smallform_0227_001.jpg"
            imageWidth="3680"
            imageHeight="5669">
         <ReadingOrder>
            <OrderedGroup id="ro_1741256442553" caption="Regions reading order">
               <RegionRefIndexed index="0" regionRef="r_2"/>
               <RegionRefIndexed index="1" regionRef="r_1"/>
            </OrderedGroup>
         </ReadingOrder>
         <TextRegion id="r_2" custom="readingOrder {index:0;}">
            <Coords points="2417,4962 1644,4962 1644,3757 2417,3757"/>
            <TextLine id="r_2_tl_1" custom="readingOrder {index:0;}">
               <Coords points="1817,3837 2232,3835 2233,3774 1972,3786 1919,3772 1878,3789 1816,3778"/>
               <Baseline points="1821,3803 1862,3815 1907,3815 1952,3815 1997,3815 2041,3815 2086,3815 2131,3815 2176,3818 2221,3818 2235,3818"/>
               <TextEquiv>
                  <Unicode>Baltisches Tagebuch.</Unicode>
               </TextEquiv>
            </TextLine>
            <TextLine id="r_2_tl_2" custom="readingOrder {index:1;}">
               <Coords points="1833,3865 2415,3871 2415,3843 2363,3828 2283,3843 2064,3828 1978,3848 1833,3835"/>
               <Baseline points="1838,3859 1862,3856 1907,3856 1952,3856 1997,3856 2041,3856 2086,3856 2131,3856 2176,3856 2221,3856 2265,3856 2310,3856 2355,3856 2400,3856 2417,3853"/>
               <TextEquiv>
                  <Unicode>[div type redactional]\p\Die junge, weitgereiste Schweizer Schrift¬</Unicode>
               </TextEquiv>
            </TextLine>
            <TextLine id="r_2_tl_3" custom="readingOrder {index:2;}">
               <Coords points="1798,3901 2415,3897 2396,3865 1798,3863"/>
               <Baseline points="1803,3892 1847,3886 1892,3886 1937,3886 1982,3886 2026,3886 2071,3886 2116,3886 2161,3886 2206,3886 2250,3886 2295,3886 2340,3889 2385,3889 2400,3892 2417,3885"/>
               <TextEquiv>
                  <Unicode>stellerin Annemarie Clark-Schwarzenbach,</Unicode>
               </TextEquiv>
            </TextLine>
            <TextLine id="r_2_tl_4" custom="readingOrder {index:3;}">
               <Coords points="1798,3933 2415,3925 2415,3897 1798,3901"/>
               <Baseline points="1803,3919 1821,3919 1865,3919 1910,3919 1955,3919 2000,3916 2044,3919 2089,3916 2134,3919 2179,3919 2224,3916 2268,3916 2313,3916 2358,3919 2403,3916 2417,3915"/>
               <TextEquiv>
                  <Unicode>deren Berichte aus Amerika unsere Leser</Unicode>
               </TextEquiv>
            </TextLine>
            <TextLine id="r_2_tl_5" custom="readingOrder {index:4;}">
               <Coords points="1795,3966 2415,3960 2399,3926 1795,3933"/>
               <Baseline points="1800,3952 1844,3949 1889,3949 1934,3946 1979,3949 2024,3949 2068,3949 2113,3949 2158,3949 2203,3949 2247,3949 2292,3949 2337,3949 2382,3949 2403,3952 2417,3945"/>
               <TextEquiv>
                  <Unicode>zweifellos mit großem Interesse beachtet</Unicode>
               </TextEquiv>
            </TextLine>
            <TextLine id="r_2_tl_6" custom="readingOrder {index:5;}">
               <Coords points="1789,3984 2415,3992 2415,3962 2380,3958 1789,3967"/>
               <Baseline points="1794,3979 1838,3979 1883,3979 1928,3979 1973,3979 2018,3979 2062,3979 2107,3979 2152,3979 2197,3979 2241,3979 2286,3979 2331,3979 2376,3979 2394,3982 2417,3972"/>
               <TextEquiv>
                  <Unicode>haben, ist schon wieder auf neuer Fahrt be¬</Unicode>
               </TextEquiv>
            </TextLine>
            <TextLine id="r_2_tl_7" custom="readingOrder {index:6;}">
               <Coords points="1798,4021 2415,4025 2415,3992 2385,3988 1798,3997"/>
               <Baseline points="1803,4012 1809,4012 1853,4012 1898,4012 1943,4012 1988,4012 2032,4009 2077,4009 2122,4009 2167,4009 2212,4009 2256,4009 2301,4009 2346,4012 2391,4009 2417,4004"/>
               <TextEquiv>
                  <Unicode>griffen. Ihr Ziel ist diesmal der europäische</Unicode>
               </TextEquiv>
            </TextLine>
            <TextLine id="r_2_tl_8" custom="readingOrder {index:7;}">
               <Coords points="1789,4056 2224,4042 2415,4060 2415,4030 2349,4019 1789,4018"/>
               <Baseline points="1794,4042 1838,4039 1883,4039 1928,4042 1973,4042 2018,4039 2062,4042 2107,4039 2152,4039 2197,4039 2241,4039 2286,4042 2331,4042 2376,4042 2394,4045 2417,4034"/>
               <TextEquiv>
                  <Unicode>Nordosten, aus dessen für uns vielfach ganz</Unicode>
               </TextEquiv>
            </TextLine>
            <TextLine id="r_2_tl_9" custom="readingOrder {index:8;}">
               <Coords points="1789,4086 2415,4084 2404,4055 2225,4042 2194,4060 1789,4056"/>
               <Baseline points="1794,4071 1838,4071 1883,4068 1928,4071 1973,4068 2018,4068 2062,4068 2107,4071 2152,4071 2197,4071 2241,4068 2286,4071 2331,4071 2376,4071 2400,4071 2417,4068"/>
               <TextEquiv>
                  <Unicode>unbekannten Lebensgebieten sie unter dem</Unicode>
               </TextEquiv>
            </TextLine>
            <TextLine id="r_2_tl_10" custom="readingOrder {index:9;}">
               <Coords points="1795,4109 2415,4119 2415,4084 2394,4080 1795,4084"/>
               <Baseline points="1800,4104 1818,4101 1862,4101 1907,4101 1952,4101 1997,4101 2041,4101 2086,4101 2131,4101 2176,4101 2221,4098 2265,4101 2310,4101 2355,4101 2400,4101 2417,4094"/>
               <TextEquiv>
                  <Unicode>Titel „\g\Baltisches Tagebuch\:g\“ Neues und</Unicode>
               </TextEquiv>
            </TextLine>
            <TextLine id="r_2_tl_11" custom="readingOrder {index:10;}">
               <Coords points="1801,4138 2107,4157 2147,4140 2236,4142 2217,4109 2120,4121 2064,4108 2026,4124 1975,4107 1801,4111"/>
               <Baseline points="1806,4131 1850,4131 1895,4134 1940,4134 1985,4131 2029,4131 2074,4131 2119,4134 2164,4131 2209,4131 2238,4134"/>
               <TextEquiv>
                  <Unicode>Aufschlußreiches erzählen wird.\:p\</Unicode>
               </TextEquiv>
            </TextLine>
            <TextLine id="r_2_tl_12" custom="readingOrder {index:11;}">
               <Coords points="2225,4184 2270,4183 2300,4173 2315,4185 2333,4180 2371,4186 2370,4148 2326,4149 2310,4136 2271,4151 2242,4135 2224,4141"/>
               <Baseline points="2229,4170 2274,4170 2319,4170 2364,4173 2373,4173"/>
               <TextEquiv>
                  <Unicode>\p\Die Red.\:p\</Unicode>
               </TextEquiv>
            </TextLine>
            <TextLine id="l" custom="readingOrder {index:12;}">
               <Coords points="2013,4203 2041,4203 2041,4173 2013,4173"/>
               <Baseline points="2013,4203 2041,4203"/>
               <TextEquiv>
                  <Unicode>I.</Unicode>
               </TextEquiv>
            </TextLine>
            <TextLine id="r_2_tl_13" custom="readingOrder {index:13;}">
               <Coords points="1699,4255 2374,4242 2374,4215 2172,4201 1699,4214"/>
               <Baseline points="1704,4239 1749,4239 1794,4239 1838,4239 1883,4236 1928,4239 1973,4239 2018,4239 2062,4239 2107,4239 2152,4239 2197,4239 2241,4239 2286,4239 2331,4239 2376,4242"/>
               <TextEquiv>
                  <Unicode>Kaunas, die Hauptstadt einer „ersten Generation“.</Unicode>
               </TextEquiv>
            </TextLine>
            <TextLine id="r_2_tl_14" custom="readingOrder {index:14;}">
               <Coords points="1672,4284 2416,4286 2416,4247 2393,4245 2046,4246 2004,4268 1672,4249"/>
               <Baseline points="1677,4277 1686,4274 1731,4274 1776,4277 1821,4277 1865,4277 1910,4274 1955,4274 2000,4274 2044,4274 2089,4274 2134,4274 2179,4274 2224,4274 2268,4274 2313,4274 2358,4277 2403,4274 2417,4277"/>
               <TextEquiv>
                  <Unicode>\p\Am Teetisch im Hause eines Professors an der Uni¬</Unicode>
               </TextEquiv>
            </TextLine>
            <TextLine id="r_2_tl_15" custom="readingOrder {index:15;}">
               <Coords points="1639,4320 2415,4322 2415,4293 2373,4285 1639,4281"/>
               <Baseline points="1644,4305 1647,4307 1692,4307 1737,4307 1782,4307 1826,4307 1871,4307 1916,4304 1961,4307 2006,4304 2050,4307 2095,4304 2140,4307 2185,4307 2229,4307 2274,4304 2319,4307 2364,4307 2409,4307 2417,4307"/>
               <TextEquiv>
                  <Unicode>versität von Kaunas klärten mich drei weißhaarige Damen</Unicode>
               </TextEquiv>
            </TextLine>
            <TextLine id="r_2_tl_16" custom="readingOrder {index:16;}">
               <Coords points="1639,4348 2415,4350 2415,4322 2309,4313 1639,4321"/>
               <Baseline points="1644,4337 1644,4337 1689,4337 1734,4337 1779,4337 1823,4337 1868,4337 1913,4337 1958,4337 2003,4337 2047,4337 2092,4337 2137,4337 2182,4337 2227,4337 2271,4337 2316,4337 2361,4337 2403,4337 2417,4339"/>
               <TextEquiv>
                  <Unicode>und ein bejahrter Herr über \g\Litauen\:g\ und die Eigenart</Unicode>
               </TextEquiv>
            </TextLine>
            <TextLine id="r_2_tl_17" custom="readingOrder {index:17;}">
               <Coords points="1639,4371 2386,4378 2375,4346 1639,4353"/>
               <Baseline points="1644,4364 1650,4367 1695,4367 1740,4367 1785,4367 1829,4367 1874,4367 1919,4367 1964,4370 2009,4367 2053,4367 2098,4367 2143,4367 2188,4367 2232,4367 2277,4367 2322,4367 2367,4367 2388,4367"/>
               <TextEquiv>
                  <Unicode>seiner Kapitale auf: „Beachten Sie das Straßenbild",</Unicode>
               </TextEquiv>
            </TextLine>
            <TextLine id="r_2_tl_18" custom="readingOrder {index:18;}">
               <Coords points="1639,4414 2415,4416 2388,4373 1639,4385"/>
               <Baseline points="1644,4396 1644,4397 1689,4400 1734,4397 1779,4397 1823,4397 1868,4397 1913,4397 1958,4397 2003,4397 2047,4397 2092,4397 2137,4397 2182,4397 2227,4397 2271,4400 2316,4400 2361,4403 2406,4400 2415,4397 2417,4397"/>
               <TextEquiv>
                  <Unicode>sagten die wohlwollenden Herrschaften einstimmig, „in</Unicode>
               </TextEquiv>
            </TextLine>
            <TextLine id="r_2_tl_19" custom="readingOrder {index:19;}">
               <Coords points="1639,4435 2415,4436 2356,4404 1639,4414"/>
               <Baseline points="1644,4427 1689,4427 1734,4430 1779,4430 1823,4427 1868,4430 1913,4427 1958,4427 2003,4427 2047,4427 2092,4424 2137,4427 2182,4427 2227,4427 2271,4427 2316,4430 2361,4430 2403,4433 2417,4429"/>
               <TextEquiv>
                  <Unicode>Kowno gibt es keine alten Leute!“ — Mein verwunderter</Unicode>
               </TextEquiv>
            </TextLine>
            <TextLine id="r_2_tl_20" custom="readingOrder {index:20;}">
               <Coords points="1639,4464 2378,4469 2371,4437 1639,4447"/>
               <Baseline points="1644,4461 1653,4462 1698,4459 1743,4459 1788,4459 1832,4459 1877,4459 1922,4459 1967,4456 2012,4456 2056,4459 2101,4456 2146,4456 2191,4459 2235,4459 2280,4456 2325,4459 2370,4459 2379,4462"/>
               <TextEquiv>
                  <Unicode>Blick erregte ihre Heiterkeit. „Wir sind ja keine Litauer",</Unicode>
               </TextEquiv>
            </TextLine>
            <TextLine id="r_2_tl_21" custom="readingOrder {index:21;}">
               <Coords points="1639,4499 2415,4495 2388,4464 1639,4471"/>
               <Baseline points="1644,4486 1644,4486 1689,4489 1734,4489 1779,4489 1823,4489 1868,4489 1913,4489 1958,4489 2003,4489 2047,4489 2092,4489 2137,4489 2182,4489 2227,4489 2271,4489 2316,4489 2361,4492 2397,4489 2417,4494"/>
               <TextEquiv>
                  <Unicode>so erklärten sie mir, „wir sind nur Gäste, Flüchtlinge, die</Unicode>
               </TextEquiv>
            </TextLine>
            <TextLine id="r_2_tl_22" custom="readingOrder {index:22;}">
               <Coords points="1639,4525 2299,4535 2299,4509 2243,4498 1639,4504"/>
               <Baseline points="1644,4519 1644,4519 1689,4519 1734,4519 1779,4519 1823,4519 1868,4519 1913,4519 1958,4519 2003,4519 2047,4519 2092,4519 2137,4519 2182,4519 2227,4519 2271,4519 2301,4522"/>
               <TextEquiv>
                  <Unicode>durch sonderbare Umstände hier hängen blieben."\:p\</Unicode>
               </TextEquiv>
            </TextLine>
            <TextLine id="r_2_tl_23" custom="readingOrder {index:23;}">
               <Coords points="1674,4566 2320,4558 2320,4538 2178,4527 1675,4534"/>
               <Baseline points="1680,4552 1695,4552 1740,4549 1785,4552 1829,4549 1874,4549 1919,4549 1964,4549 2009,4549 2053,4549 2098,4549 2143,4549 2188,4549 2232,4549 2277,4549 2322,4546"/>
               <TextEquiv>
                  <Unicode>\p\In der Tat waren sie alle vier Emigranten, — zwei</Unicode>
               </TextEquiv>
            </TextLine>
            <TextLine id="r_2_tl_24" custom="readingOrder {index:24;}">
               <Coords points="1639,4587 2415,4588 2371,4559 1639,4566"/>
               <Baseline points="1644,4575 1647,4582 1692,4579 1737,4579 1782,4582 1826,4579 1871,4579 1916,4579 1961,4579 2006,4579 2050,4579 2095,4579 2140,4579 2185,4579 2229,4579 2274,4579 2319,4582 2364,4582 2403,4582 2415,4576 2417,4576"/>
               <TextEquiv>
                  <Unicode>von ihnen Gattinnen deutscher Pastoren aus Estland, die</Unicode>
               </TextEquiv>
            </TextLine>
            <TextLine id="r_2_tl_25" custom="readingOrder {index:25;}">
               <Coords points="1639,4632 2415,4626 2415,4589 1639,4588"/>
               <Baseline points="1644,4605 1647,4612 1692,4612 1737,4609 1782,4612 1826,4612 1871,4612 1916,4612 1961,4609 2006,4612 2050,4612 2095,4612 2140,4612 2185,4612 2229,4612 2274,4612 2319,4612 2364,4612 2394,4612 2415,4612 2417,4612"/>
               <TextEquiv>
                  <Unicode>dritte die Frau eines hohen russischen Beamten, der alte</Unicode>
               </TextEquiv>
            </TextLine>
            <TextLine id="r_2_tl_26" custom="readingOrder {index:26;}">
               <Coords points="1639,4657 2415,4643 2354,4617 1639,4631"/>
               <Baseline points="1644,4641 1644,4642 1689,4642 1734,4642 1779,4642 1823,4642 1868,4642 1913,4642 1958,4642 2003,4642 2047,4642 2092,4642 2137,4642 2182,4642 2227,4642 2271,4642 2316,4642 2361,4642 2406,4642 2417,4642"/>
               <TextEquiv>
                  <Unicode>Herr einst ein großer Grundbesitzer, Träger eines berühm¬</Unicode>
               </TextEquiv>
            </TextLine>
            <TextLine id="r_2_tl_27" custom="readingOrder {index:27;}">
               <Coords points="1639,4690 2415,4678 2415,4654 2219,4646 1639,4658"/>
               <Baseline points="1644,4671 1683,4671 1728,4671 1773,4671 1818,4671 1862,4671 1907,4671 1952,4671 1997,4671 2041,4671 2086,4671 2131,4671 2176,4671 2221,4671 2265,4671 2310,4671 2355,4671 2400,4674 2417,4673"/>
               <TextEquiv>
                  <Unicode>ten Namens und Erbe einer sterbenden Tradition: der</Unicode>
               </TextEquiv>
            </TextLine>
            <TextLine id="r_2_tl_28" custom="readingOrder {index:28;}">
               <Coords points="1639,4711 2415,4717 2415,4691 2355,4677 1639,4690"/>
               <Baseline points="1644,4702 1647,4701 1692,4701 1737,4701 1782,4701 1826,4701 1871,4701 1916,4701 1961,4701 2006,4701 2050,4701 2095,4701 2140,4701 2185,4701 2229,4701 2274,4701 2319,4701 2364,4704 2400,4704 2415,4704 2417,4704"/>
               <TextEquiv>
                  <Unicode>des baltischen Adels. Und alle hatten auf der Flucht hier,</Unicode>
               </TextEquiv>
            </TextLine>
            <TextLine id="r_2_tl_29" custom="readingOrder {index:29;}">
               <Coords points="1639,4746 2362,4751 2415,4742 2416,4716 1640,4710"/>
               <Baseline points="1644,4734 1644,4734 1689,4734 1734,4734 1779,4734 1823,4734 1868,4734 1913,4734 1958,4731 2003,4731 2047,4731 2092,4734 2137,4734 2182,4734 2227,4731 2271,4731 2316,4731 2361,4734 2406,4734 2417,4735"/>
               <TextEquiv>
                  <Unicode>im Städtchen Kowno, Station gemacht, und sich in langen</Unicode>
               </TextEquiv>
            </TextLine>
            <TextLine id="r_2_tl_30" custom="readingOrder {index:30;}">
               <Coords points="1639,4781 2415,4773 2415,4742 1639,4750"/>
               <Baseline points="1644,4764 1644,4764 1689,4761 1734,4764 1779,4764 1823,4764 1868,4764 1913,4764 1958,4764 2003,4764 2047,4764 2092,4764 2137,4764 2182,4764 2227,4764 2271,4761 2316,4764 2361,4764 2406,4764 2417,4764"/>
               <TextEquiv>
                  <Unicode>und schweren Jahren damit abgefunden, daß es die letzte</Unicode>
               </TextEquiv>
            </TextLine>
            <TextLine id="r_2_tl_31" custom="readingOrder {index:31;}">
               <Coords points="1639,4799 2415,4796 2404,4769 1639,4770"/>
               <Baseline points="1644,4794 1644,4794 1689,4794 1734,4794 1779,4794 1823,4794 1868,4794 1913,4794 1958,4794 2003,4794 2047,4794 2092,4794 2137,4794 2182,4794 2227,4794 2271,4794 2316,4794 2361,4794 2397,4797 2415,4794 2417,4794"/>
               <TextEquiv>
                  <Unicode>Station sei. Verirrt nach Kowno, das inzwischen \g\Kaunas\:g\</Unicode>
               </TextEquiv>
            </TextLine>
            <TextLine id="r_2_tl_32" custom="readingOrder {index:32;}">
               <Coords points="1639,4831 2415,4825 2415,4802 2310,4801 1639,4818"/>
               <Baseline points="1644,4827 1644,4827 1683,4824 1728,4824 1773,4824 1818,4827 1862,4824 1907,4824 1952,4824 1997,4824 2041,4824 2086,4824 2131,4824 2176,4824 2221,4824 2265,4824 2310,4824 2355,4827 2400,4824 2417,4826"/>
               <TextEquiv>
                  <Unicode>geworden war, Hauptstadt des jungen Litauens, Kapitale</Unicode>
               </TextEquiv>
            </TextLine>
            <TextLine id="r_2_tl_33" custom="readingOrder {index:33;}">
               <Coords points="1639,4864 2415,4872 2396,4835 2289,4828 1639,4835"/>
               <Baseline points="1644,4857 1683,4854 1728,4857 1773,4857 1818,4857 1862,4857 1907,4857 1952,4854 1997,4854 2041,4854 2086,4854 2131,4854 2176,4854 2221,4854 2265,4854 2310,4854 2355,4854 2400,4854 2415,4857 2417,4856"/>
               <TextEquiv>
                  <Unicode>der Jugend, der „ersten Generation“ dieses Volkes, das</Unicode>
               </TextEquiv>
            </TextLine>
            <TextLine id="r_2_tl_34" custom="readingOrder {index:34;}">
               <Coords points="1639,4894 2415,4888 2415,4859 1639,4875"/>
               <Baseline points="1644,4886 1644,4886 1689,4886 1734,4886 1779,4886 1823,4883 1868,4886 1913,4886 1958,4883 2003,4886 2047,4883 2092,4886 2137,4886 2182,4886 2227,4886 2271,4886 2316,4886 2361,4886 2388,4886 2415,4886 2417,4886"/>
               <TextEquiv>
                  <Unicode>zum ersten Mal nach einer tausendjährigen Geschichte</Unicode>
               </TextEquiv>
            </TextLine>
            <TextLine id="r_2_tl_35" custom="readingOrder {index:35;}">
               <Coords points="1639,4930 2088,4938 2088,4902 2044,4893 1639,4901"/>
               <Baseline points="1644,4914 1683,4916 1728,4916 1773,4916 1818,4916 1862,4916 1907,4916 1952,4916 1997,4916 2041,4916 2086,4916 2089,4916"/>
               <TextEquiv>
                  <Unicode>seine Selbständigkeit erlangt hat.\:p\</Unicode>
               </TextEquiv>
            </TextLine>
            <TextEquiv>
               <Unicode/>
            </TextEquiv>
         </TextRegion>
         <TextRegion id="r_1" custom="readingOrder {index:1;}">
            <Coords points="2417,3757 3219,3757 3219,4962 2417,4962"/>
            <TextLine id="r_1_tl_1" custom="readingOrder {index:0;}">
               <Coords points="2451,3794 3183,3809 3182,3769 2450,3765"/>
               <Baseline points="2456,3791 2501,3788 2546,3788 2591,3788 2635,3788 2680,3788 2725,3788 2770,3788 2815,3788 2859,3788 2904,3791 2949,3791 2994,3791 3038,3791 3083,3791 3128,3791 3173,3791 3185,3791"/>
               <TextEquiv>
                  <Unicode>\p\Die alten Leute Litauens wohnen noch auf dem Dorf.</Unicode>
               </TextEquiv>
            </TextLine>
            <TextLine id="r_1_tl_2" custom="readingOrder {index:1;}">
               <Coords points="2422,3834 3183,3832 3166,3801 3106,3798 2422,3795"/>
               <Baseline points="2427,3821 2471,3821 2516,3818 2561,3821 2606,3821 2650,3818 2695,3821 2740,3821 2785,3821 2830,3821 2874,3818 2919,3821 2964,3818 3009,3821 3053,3821 3098,3821 3143,3821 3185,3821"/>
               <TextEquiv>
                  <Unicode>Ihre Söhne und Töchter aber — auf Bauernhöfen, in</Unicode>
               </TextEquiv>
            </TextLine>
            <TextLine id="r_1_tl_3" custom="readingOrder {index:2;}">
               <Coords points="2412,3874 2679,3849 3181,3869 3181,3832 3149,3829 2412,3838"/>
               <Baseline points="2417,3853 2427,3850 2471,3850 2516,3850 2561,3850 2606,3850 2650,3847 2695,3850 2740,3850 2785,3850 2830,3850 2874,3850 2919,3850 2964,3850 3009,3850 3053,3850 3098,3850 3143,3853 3182,3853"/>
               <TextEquiv>
                  <Unicode>Katen geboren — drängen zur Stadt, werden Schüler,</Unicode>
               </TextEquiv>
            </TextLine>
            <TextLine id="r_1_tl_4" custom="readingOrder {index:3;}">
               <Coords points="2412,3891 3183,3892 3147,3860 2412,3873"/>
               <Baseline points="2417,3885 2427,3880 2471,3880 2516,3880 2561,3880 2606,3880 2650,3880 2695,3880 2740,3880 2785,3880 2830,3880 2874,3880 2919,3880 2964,3880 3009,3883 3053,3883 3098,3883 3143,3883 3185,3880"/>
               <TextEquiv>
                  <Unicode>Studenten, Pfadfinder, Soldaten, Offiziere. Werden In¬</Unicode>
               </TextEquiv>
            </TextLine>
            <TextLine id="r_1_tl_5" custom="readingOrder {index:4;}">
               <Coords points="2412,3936 3181,3926 3181,3901 3133,3889 2412,3901"/>
               <Baseline points="2417,3915 2432,3913 2477,3910 2522,3910 2567,3910 2612,3910 2656,3913 2701,3910 2746,3910 2791,3910 2835,3910 2880,3910 2925,3913 2970,3910 3015,3913 3059,3913 3104,3913 3149,3913 3182,3916"/>
               <TextEquiv>
                  <Unicode>genieure, Aerzte, Kaufleute, Anwälte, Flieger. Oder</Unicode>
               </TextEquiv>
            </TextLine>
            <TextLine id="r_1_tl_6" custom="readingOrder {index:5;}">
               <Coords points="2412,3963 3181,3958 3164,3922 2412,3932"/>
               <Baseline points="2417,3945 2421,3943 2465,3940 2510,3940 2555,3940 2600,3943 2644,3943 2689,3940 2734,3940 2779,3943 2824,3940 2868,3943 2913,3940 2958,3943 3003,3943 3047,3943 3092,3943 3137,3943 3182,3946"/>
               <TextEquiv>
                  <Unicode>sie werden Bauern, auf dem Grund und Boden, wo ihre</Unicode>
               </TextEquiv>
            </TextLine>
            <TextLine id="r_1_tl_7" custom="readingOrder {index:6;}">
               <Coords points="2412,3979 3183,3991 3183,3959 3127,3951 2412,3948"/>
               <Baseline points="2417,3972 2421,3970 2465,3973 2510,3973 2555,3973 2600,3973 2644,3973 2689,3973 2734,3973 2779,3973 2824,3970 2868,3973 2913,3973 2958,3973 3003,3973 3047,3973 3092,3973 3137,3976 3182,3979 3185,3979"/>
               <TextEquiv>
                  <Unicode>Eltern noch als Knechte gelebt haben und als Angehörige</Unicode>
               </TextEquiv>
            </TextLine>
            <TextLine id="r_1_tl_8" custom="readingOrder {index:7;}">
               <Coords points="2412,4022 3181,4017 3181,3991 3100,3983 2412,3993"/>
               <Baseline points="2417,4004 2421,4003 2465,4003 2510,4003 2555,4003 2600,4003 2644,4003 2689,4003 2734,4003 2779,4003 2824,4003 2868,4003 2913,4003 2958,4003 3003,4003 3047,4003 3092,4006 3137,4006 3182,4006"/>
               <TextEquiv>
                  <Unicode>eines Volkes, das nicht einmal seine eigene Sprache</Unicode>
               </TextEquiv>
            </TextLine>
            <TextLine id="r_1_tl_9" custom="readingOrder {index:8;}">
               <Coords points="2412,4044 3183,4049 3183,4019 3135,4014 2412,4016"/>
               <Baseline points="2417,4034 2421,4033 2465,4033 2510,4033 2555,4033 2600,4033 2644,4033 2689,4033 2734,4033 2779,4033 2824,4033 2868,4033 2913,4033 2958,4033 3003,4036 3047,4036 3092,4033 3137,4036 3182,4039 3185,4039"/>
               <TextEquiv>
                  <Unicode>lernen durfte. Es ist, als habe sich in diesem kleinen</Unicode>
               </TextEquiv>
            </TextLine>
            <TextLine id="r_1_tl_10" custom="readingOrder {index:9;}">
               <Coords points="2412,4084 3177,4077 3177,4050 3106,4043 2412,4048"/>
               <Baseline points="2417,4068 2427,4065 2471,4062 2516,4062 2561,4062 2606,4062 2650,4062 2695,4062 2740,4062 2785,4062 2830,4062 2874,4062 2919,4065 2964,4065 3009,4065 3053,4065 3098,4065 3143,4065 3179,4065"/>
               <TextEquiv>
                  <Unicode>Land, wie in den baltischen Nachbarstaaten, das Rad der</Unicode>
               </TextEquiv>
            </TextLine>
            <TextLine id="r_1_tl_11" custom="readingOrder {index:10;}">
               <Coords points="2412,4118 3181,4105 3144,4073 2412,4085"/>
               <Baseline points="2417,4094 2421,4092 2465,4095 2510,4095 2555,4092 2600,4095 2644,4095 2689,4092 2734,4095 2779,4095 2824,4095 2868,4095 2913,4095 2958,4095 3003,4095 3047,4095 3092,4095 3137,4095 3182,4095"/>
               <TextEquiv>
                  <Unicode>Geschichte schneller gedreht, — so schnell, daß die Genera¬</Unicode>
               </TextEquiv>
            </TextLine>
            <TextLine id="r_1_tl_12" custom="readingOrder {index:11;}">
               <Coords points="2416,4131 3183,4138 3138,4105 2487,4115 2416,4093"/>
               <Baseline points="2421,4125 2465,4125 2510,4125 2555,4125 2600,4125 2644,4125 2689,4125 2734,4122 2779,4125 2824,4125 2868,4125 2913,4125 2958,4125 3003,4125 3047,4125 3092,4128 3137,4128 3182,4128 3185,4125"/>
               <TextEquiv>
                  <Unicode>tion von heute das Gestern schon überwunden und ver¬</Unicode>
               </TextEquiv>
            </TextLine>
            <TextLine id="r_1_tl_13" custom="readingOrder {index:12;}">
               <Coords points="2424,4172 2439,4176 2457,4167 2490,4163 2509,4169 2561,4164 2562,4134 2551,4130 2540,4140 2520,4135 2509,4142 2502,4136 2491,4141 2476,4133 2461,4133 2453,4141 2439,4137 2425,4142"/>
               <Baseline points="2429,4161 2474,4158 2519,4155 2564,4158"/>
               <TextEquiv>
                  <Unicode>gessen hat.\:p\</Unicode>
               </TextEquiv>
            </TextLine>
            <TextLine id="r_1_tl_14" custom="readingOrder {index:13;}">
               <Coords points="2445,4188 3184,4197 3184,4159 2445,4173"/>
               <Baseline points="2450,4185 2495,4185 2540,4185 2585,4185 2630,4185 2674,4185 2719,4185 2764,4185 2809,4185 2853,4185 2898,4185 2943,4185 2988,4185 3033,4188 3077,4185 3122,4188 3167,4188 3185,4185"/>
               <TextEquiv>
                  <Unicode>\p\Die Reaktion darauf aber ist heftig wie eine Kinder¬</Unicode>
               </TextEquiv>
            </TextLine>
            <TextLine id="r_1_tl_15" custom="readingOrder {index:14;}">
               <Coords points="2419,4230 3180,4229 3180,4201 3077,4191 2419,4191"/>
               <Baseline points="2424,4218 2468,4215 2513,4218 2558,4218 2603,4215 2647,4215 2692,4215 2737,4215 2782,4215 2827,4215 2871,4218 2916,4218 2961,4218 3006,4218 3050,4218 3095,4218 3140,4218 3182,4221"/>
               <TextEquiv>
                  <Unicode>krankheit, — und nicht ganz unbedenklich. Fast wie in</Unicode>
               </TextEquiv>
            </TextLine>
            <TextLine id="r_1_tl_16" custom="readingOrder {index:15;}">
               <Coords points="2416,4253 3154,4264 3183,4233 2415,4227"/>
               <Baseline points="2421,4245 2465,4245 2510,4245 2555,4248 2600,4245 2644,4245 2689,4245 2734,4245 2779,4245 2824,4245 2868,4248 2913,4248 2958,4248 3003,4248 3047,4248 3092,4248 3137,4251 3182,4251 3185,4251"/>
               <TextEquiv>
                  <Unicode>den jungen Staaten des Nahen Ostens ist auch hier der</Unicode>
               </TextEquiv>
            </TextLine>
            <TextLine id="r_1_tl_17" custom="readingOrder {index:16;}">
               <Coords points="2412,4290 3183,4291 3183,4264 3142,4253 2412,4248"/>
               <Baseline points="2417,4277 2421,4277 2465,4277 2510,4277 2555,4277 2600,4277 2644,4277 2689,4277 2734,4277 2779,4274 2824,4277 2868,4277 2913,4277 2958,4277 3003,4280 3047,4277 3092,4277 3137,4280 3182,4280 3185,4277"/>
               <TextEquiv>
                  <Unicode>Nationalismus an der Grenze nationaler Ueberheb¬</Unicode>
               </TextEquiv>
            </TextLine>
            <TextLine id="r_1_tl_18" custom="readingOrder {index:17;}">
               <Coords points="2412,4328 3181,4326 3159,4288 2412,4288"/>
               <Baseline points="2417,4307 2453,4307 2498,4307 2543,4307 2588,4307 2632,4307 2677,4307 2722,4307 2767,4307 2812,4307 2856,4307 2901,4307 2946,4307 2991,4307 3036,4310 3080,4310 3125,4310 3170,4313 3182,4316"/>
               <TextEquiv>
                  <Unicode>lichkeit und während die geistige Wandlung noch frisch,</Unicode>
               </TextEquiv>
            </TextLine>
            <TextLine id="r_1_tl_19" custom="readingOrder {index:18;}">
               <Coords points="2412,4352 3183,4352 3157,4320 3035,4315 2412,4328"/>
               <Baseline points="2417,4339 2421,4340 2424,4340 2468,4337 2513,4337 2558,4337 2603,4337 2647,4337 2692,4337 2737,4337 2782,4337 2827,4337 2871,4340 2916,4340 2961,4340 3006,4340 3050,4340 3095,4340 3140,4340 3185,4337"/>
               <TextEquiv>
                  <Unicode>ein wenig roh und zuweilen oberflächlich ist, sind die An¬</Unicode>
               </TextEquiv>
            </TextLine>
            <TextLine id="r_1_tl_20" custom="readingOrder {index:19;}">
               <Coords points="2422,4382 3181,4383 3159,4348 2422,4347"/>
               <Baseline points="2427,4370 2471,4367 2516,4367 2561,4370 2606,4367 2650,4367 2695,4367 2740,4367 2785,4367 2830,4367 2874,4370 2919,4370 2964,4370 3009,4370 3053,4370 3098,4370 3143,4370 3182,4370"/>
               <TextEquiv>
                  <Unicode>sprüche stürmisch und kritiklos: man hat soeben eine Uni¬</Unicode>
               </TextEquiv>
            </TextLine>
            <TextLine id="r_1_tl_21" custom="readingOrder {index:20;}">
               <Coords points="2412,4419 3181,4418 3181,4382 3145,4380 2412,4389"/>
               <Baseline points="2417,4397 2459,4400 2504,4400 2549,4400 2594,4400 2638,4400 2683,4400 2728,4400 2773,4400 2818,4400 2862,4400 2907,4400 2952,4400 2997,4400 3041,4400 3086,4403 3131,4403 3176,4406 3182,4406"/>
               <TextEquiv>
                  <Unicode>versität ausgebaut, zum Teil ausländische Lehrer berufen,</Unicode>
               </TextEquiv>
            </TextLine>
            <TextLine id="r_1_tl_22" custom="readingOrder {index:21;}">
               <Coords points="2412,4449 3183,4442 3169,4411 2412,4413"/>
               <Baseline points="2417,4429 2424,4427 2468,4430 2513,4430 2558,4430 2603,4427 2647,4430 2692,4430 2737,4430 2782,4430 2827,4430 2871,4430 2916,4430 2961,4433 3006,4430 3050,4433 3095,4433 3140,4433 3185,4433"/>
               <TextEquiv>
                  <Unicode>die litauische Sprache zur Schriftsprache erhoben, die</Unicode>
               </TextEquiv>
            </TextLine>
            <TextLine id="r_1_tl_24" custom="readingOrder {index:22;}">
               <Coords points="2416,4462 3175,4472 3144,4440 2416,4436"/>
               <Baseline points="2421,4459 2465,4459 2510,4459 2555,4459 2600,4459 2644,4459 2689,4459 2734,4459 2779,4459 2824,4459 2868,4459 2913,4459 2958,4459 3003,4459 3047,4462 3092,4462 3137,4462 3176,4462"/>
               <TextEquiv>
                  <Unicode>Druckerschwärze der ersten litauischen Bücher und Zeitun¬</Unicode>
               </TextEquiv>
            </TextLine>
            <TextLine id="r_1_tl_23" custom="readingOrder {index:23;}">
               <Coords points="2412,4520 2658,4493 3183,4510 3183,4478 3042,4468 2412,4484"/>
               <Baseline points="2417,4494 2421,4495 2465,4489 2510,4489 2555,4489 2600,4489 2644,4489 2689,4489 2734,4489 2779,4489 2824,4489 2868,4489 2913,4492 2958,4492 3003,4492 3047,4492 3092,4492 3137,4495 3182,4498 3185,4495"/>
               <TextEquiv>
                  <Unicode>gen ist noch feucht — aber bereits glaubt man, die Ausländer</Unicode>
               </TextEquiv>
            </TextLine>
            <TextLine id="r_1_tl_25" custom="readingOrder {index:24;}">
               <Coords points="2417,4533 3183,4536 3147,4503 2416,4506"/>
               <Baseline points="2421,4519 2465,4519 2510,4519 2555,4519 2600,4519 2644,4519 2689,4519 2734,4519 2779,4519 2824,4519 2868,4522 2913,4522 2958,4522 3003,4522 3047,4522 3092,4525 3137,4525 3182,4528 3185,4525"/>
               <TextEquiv>
                  <Unicode>entbehren zu können. Man ist in Litauen ausgesprochen</Unicode>
               </TextEquiv>
            </TextLine>
            <TextLine id="r_1_tl_26" custom="readingOrder {index:25;}">
               <Coords points="2416,4563 3183,4567 3174,4533 2416,4536"/>
               <Baseline points="2421,4555 2465,4549 2510,4549 2555,4549 2600,4549 2644,4552 2689,4552 2734,4549 2779,4549 2824,4549 2868,4552 2913,4552 2958,4552 3003,4552 3047,4552 3092,4555 3137,4555 3182,4558 3185,4558"/>
               <TextEquiv>
                  <Unicode>\g\fremdenfeindlich\:g\. Nicht etwa allein oder besonders</Unicode>
               </TextEquiv>
            </TextLine>
            <TextLine id="r_1_tl_27" custom="readingOrder {index:26;}">
               <Coords points="2412,4604 3183,4598 3174,4563 2412,4568"/>
               <Baseline points="2417,4576 2456,4579 2501,4579 2546,4579 2591,4579 2635,4579 2680,4582 2725,4579 2770,4579 2815,4582 2859,4582 2904,4582 2949,4582 2994,4585 3038,4585 3083,4585 3128,4585 3173,4585 3185,4588"/>
               <TextEquiv>
                  <Unicode>\g\deutsch\:g\feindlich, denn in Litauen gab es, zum Unterschied</Unicode>
               </TextEquiv>
            </TextLine>
            <TextLine id="r_1_tl_28" custom="readingOrder {index:27;}">
               <Coords points="2412,4615 3174,4625 3162,4594 2412,4604"/>
               <Baseline points="2417,4612 2459,4612 2504,4612 2549,4612 2594,4609 2638,4612 2683,4612 2728,4612 2773,4612 2818,4612 2862,4612 2907,4612 2952,4615 2997,4615 3041,4615 3086,4615 3131,4615 3176,4618"/>
               <TextEquiv>
                  <Unicode>mit Lettland und Estland, keinen deutsch-baltischen Adel;</Unicode>
               </TextEquiv>
            </TextLine>
            <TextLine id="r_1_tl_29" custom="readingOrder {index:28;}">
               <Coords points="2412,4649 3177,4655 3177,4627 3114,4621 2412,4632"/>
               <Baseline points="2417,4642 2450,4642 2495,4642 2540,4642 2585,4642 2630,4642 2674,4642 2719,4642 2764,4642 2809,4642 2853,4642 2898,4645 2943,4645 2988,4645 3033,4645 3077,4645 3122,4645 3167,4648 3179,4645"/>
               <TextEquiv>
                  <Unicode>der Großgrundbesitz war meistens in polnischen, teilweise</Unicode>
               </TextEquiv>
            </TextLine>
            <TextLine id="r_1_tl_30" custom="readingOrder {index:29;}">
               <Coords points="2412,4684 3177,4689 3171,4655 2412,4661"/>
               <Baseline points="2417,4673 2444,4671 2489,4671 2534,4671 2579,4671 2624,4671 2668,4671 2713,4671 2758,4671 2803,4674 2847,4671 2892,4674 2937,4674 2982,4674 3027,4674 3071,4674 3116,4677 3161,4677 3179,4674"/>
               <TextEquiv>
                  <Unicode>in russischen Händen. Der Haß trifft vor allem die Minori¬</Unicode>
               </TextEquiv>
            </TextLine>
            <TextLine id="r_1_tl_31" custom="readingOrder {index:30;}">
               <Coords points="2412,4714 3170,4725 3177,4688 2411,4691"/>
               <Baseline points="2417,4704 2459,4701 2504,4701 2549,4701 2594,4704 2638,4701 2683,4701 2728,4704 2773,4704 2818,4704 2862,4704 2907,4704 2952,4704 2997,4707 3041,4707 3086,4707 3131,4707 3176,4710 3179,4707"/>
               <TextEquiv>
                  <Unicode>täten in Litauen selbst, unter ihnen die Juden, die seit</Unicode>
               </TextEquiv>
            </TextLine>
            <TextLine id="r_1_tl_32" custom="readingOrder {index:31;}">
               <Coords points="2412,4742 3174,4748 3134,4715 2412,4717"/>
               <Baseline points="2417,4735 2429,4737 2474,4734 2519,4734 2564,4734 2609,4731 2653,4734 2698,4734 2743,4734 2788,4734 2833,4734 2877,4734 2922,4734 2967,4734 3012,4737 3056,4737 3101,4737 3146,4737 3176,4743"/>
               <TextEquiv>
                  <Unicode>Jahrhunderten in den Städten nicht nur Handel trieben,</Unicode>
               </TextEquiv>
            </TextLine>
            <TextLine id="r_1_tl_33" custom="readingOrder {index:32;}">
               <Coords points="2412,4785 3177,4782 3164,4747 2412,4742"/>
               <Baseline points="2417,4764 2450,4764 2495,4764 2540,4764 2585,4764 2630,4764 2674,4764 2719,4764 2764,4764 2809,4764 2853,4764 2898,4767 2943,4767 2988,4767 3033,4767 3077,4767 3122,4770 3167,4770 3179,4773"/>
               <TextEquiv>
                  <Unicode>sondern die intellektuellen und wissenschaftlichen Berufe</Unicode>
               </TextEquiv>
            </TextLine>
            <TextLine id="r_1_tl_34" custom="readingOrder {index:33;}">
               <Coords points="2412,4802 3177,4811 3177,4782 3084,4772 2412,4787"/>
               <Baseline points="2417,4794 2459,4794 2504,4794 2549,4794 2594,4794 2638,4794 2683,4794 2728,4794 2773,4794 2818,4794 2862,4797 2907,4797 2952,4797 2997,4797 3041,4797 3086,4797 3131,4800 3176,4803 3179,4800"/>
               <TextEquiv>
                  <Unicode>ausübten, kurz: den Litauern gegenüber zu den höhern</Unicode>
               </TextEquiv>
            </TextLine>
            <TextLine id="r_1_tl_35" custom="readingOrder {index:34;}">
               <Coords points="2412,4845 3171,4845 3171,4812 3066,4804 2412,4811"/>
               <Baseline points="2417,4826 2421,4827 2465,4824 2510,4824 2555,4824 2600,4827 2644,4824 2689,4824 2734,4824 2779,4824 2824,4827 2868,4827 2913,4827 2958,4827 3003,4827 3047,4830 3092,4830 3137,4830 3173,4836"/>
               <TextEquiv>
                  <Unicode>Ständen zählten. Jetzt beginnt man sie zu verdrängen;</Unicode>
               </TextEquiv>
            </TextLine>
            <TextLine id="r_1_tl_36" custom="readingOrder {index:35;}">
               <Coords points="2412,4862 3171,4872 3163,4844 2849,4829 2412,4846"/>
               <Baseline points="2417,4856 2459,4854 2504,4854 2549,4854 2594,4857 2638,4854 2683,4857 2728,4854 2773,4857 2818,4857 2862,4857 2907,4857 2952,4857 2997,4857 3041,4859 3086,4859 3131,4862 3173,4865"/>
               <TextEquiv>
                  <Unicode>aus dem Handel mittels der halbstaatlichen Kooperativen,</Unicode>
               </TextEquiv>
            </TextLine>
            <TextLine id="r_1_tl_37" custom="readingOrder {index:36;}">
               <Coords points="2412,4896 3177,4906 3177,4879 3123,4867 2412,4863"/>
               <Baseline points="2417,4886 2459,4886 2504,4886 2549,4886 2594,4886 2638,4886 2683,4886 2728,4886 2773,4886 2818,4889 2862,4889 2907,4889 2952,4889 2997,4889 3041,4889 3086,4889 3131,4892 3176,4889 3179,4889"/>
               <TextEquiv>
                  <Unicode>deren es bereits eine große Zahl gibt (z. B. die Milchver¬</Unicode>
               </TextEquiv>
            </TextLine>
            <TextLine id="r_1_tl_38" custom="readingOrder {index:37;}">
               <Coords points="2412,4941 3177,4946 3167,4902 2412,4896"/>
               <Baseline points="2417,4918 2447,4916 2492,4916 2537,4916 2582,4916 2627,4916 2671,4916 2716,4919 2761,4916 2806,4916 2850,4919 2895,4919 2940,4919 2985,4919 3030,4922 3074,4919 3119,4922 3164,4925 3179,4922"/>
               <TextEquiv>
                  <Unicode>wertungs=Gesellschaft), aus dem intellektuellen Leben\fml\\:p\</Unicode>
               </TextEquiv>
            </TextLine>
            <TextEquiv>
               <Unicode/>
            </TextEquiv>
         </TextRegion>
      </Page>
   </PcGts>
   <PcGts xmlns="http://schema.primaresearch.org/PAGE/gts/pagecontent/2013-07-15"
          xmlns:xsi="http://www.w3.org/2001/XMLSchema-instance"
          xsi:schemaLocation="http://schema.primaresearch.org/PAGE/gts/pagecontent/2013-07-15 http://schema.primaresearch.org/PAGE/gts/pagecontent/2013-07-15/pagecontent.xsd">
      <Metadata>
         <Creator>prov=READ-COOP:name=PyLaia@TranskribusPlatform:version=2.24.0:model_id=39995:lm=none:date=06_03_2025_10:58</Creator>
         <Created>2025-03-01T17:56:08.558+01:00</Created>
         <LastChange>2025-03-06T11:30:40.538+01:00</LastChange>
         <TranskribusMetadata docId="7181993"
                              pageId="92803531"
                              pageNr="2"
                              tsid="232638770"
                              status="IN_PROGRESS"
                              userId="194245"
                              imgUrl="https://files.transkribus.eu/Get?id=PIKNFZNAZULPNPYRPJRXPQYE&amp;fileType=view"
                              xmlUrl="https://files.transkribus.eu/Get?id=TEAREDXDRIQGGVRBQVUSWGVM"
                              imageId="77563487"/>
      </Metadata>
      <Page imageFilename="smallform_0227_002.jpg"
            imageWidth="3731"
            imageHeight="5669">
         <ReadingOrder>
            <OrderedGroup id="ro_1741257040538" caption="Regions reading order">
               <RegionRefIndexed index="0" regionRef="r_2"/>
               <RegionRefIndexed index="1" regionRef="r_1"/>
               <RegionRefIndexed index="2" regionRef="r"/>
            </OrderedGroup>
         </ReadingOrder>
         <TextRegion id="r_2" custom="readingOrder {index:0;}">
            <Coords points="1292,5402 509,5402 509,4155 1292,4155"/>
            <TextLine id="r_2_tl_1" custom="readingOrder {index:0;}">
               <Coords points="508,4204 1290,4198 1271,4163 508,4168"/>
               <Baseline points="513,4197 546,4194 591,4194 635,4194 680,4194 725,4191 770,4191 814,4191 859,4191 904,4191 949,4191 994,4191 1038,4191 1083,4191 1128,4188 1173,4191 1217,4191 1262,4194 1289,4200 1292,4200"/>
               <TextEquiv>
                  <Unicode>\p\\fml\durch ein einfaches, aber sehr gründliches Mittel: die</Unicode>
               </TextEquiv>
            </TextLine>
            <TextLine id="r_2_tl_2" custom="readingOrder {index:1;}">
               <Coords points="508,4235 1196,4227 1290,4249 1276,4193 1208,4214 508,4203"/>
               <Baseline points="513,4230 552,4227 597,4224 641,4224 686,4224 731,4224 776,4224 820,4224 865,4224 910,4224 955,4221 1000,4221 1044,4221 1089,4224 1134,4221 1179,4221 1223,4224 1268,4224 1289,4230 1292,4230"/>
               <TextEquiv>
                  <Unicode>Juden haben in Litauen eigene Schulen, die sie auch</Unicode>
               </TextEquiv>
            </TextLine>
            <TextLine id="r_2_tl_3" custom="readingOrder {index:2;}">
               <Coords points="508,4263 1290,4271 1272,4238 1207,4230 508,4238"/>
               <Baseline points="513,4256 549,4256 594,4253 638,4256 683,4253 728,4253 773,4256 817,4253 862,4253 907,4253 952,4253 997,4253 1041,4253 1086,4253 1131,4253 1176,4253 1220,4253 1265,4253 1292,4262"/>
               <TextEquiv>
                  <Unicode>heute noch besuchen. Man beginnt nun, den Zutritt zur</Unicode>
               </TextEquiv>
            </TextLine>
            <TextLine id="r_2_tl_4" custom="readingOrder {index:3;}">
               <Coords points="508,4297 1290,4296 1261,4262 508,4263"/>
               <Baseline points="513,4286 558,4286 603,4286 647,4286 692,4286 737,4283 782,4283 826,4283 871,4283 916,4283 961,4283 1006,4283 1050,4283 1095,4283 1140,4283 1185,4283 1229,4283 1274,4283 1289,4289 1292,4290"/>
               <TextEquiv>
                  <Unicode>Universität nur den Absolventen der staatlichen höhern</Unicode>
               </TextEquiv>
            </TextLine>
            <TextLine id="r_2_tl_5" custom="readingOrder {index:4;}">
               <Coords points="511,4322 1290,4334 1269,4292 511,4295"/>
               <Baseline points="516,4319 549,4316 594,4316 638,4316 683,4316 728,4316 773,4316 817,4316 862,4313 907,4313 952,4313 997,4316 1041,4313 1086,4313 1131,4313 1176,4313 1220,4313 1265,4313 1289,4322 1292,4322"/>
               <TextEquiv>
                  <Unicode>Schulen zu gestatten, eine Maßnahme, die an der medi¬</Unicode>
               </TextEquiv>
            </TextLine>
            <TextLine id="r_2_tl_6" custom="readingOrder {index:5;}">
               <Coords points="508,4367 1290,4364 1290,4333 1209,4321 508,4329"/>
               <Baseline points="513,4352 558,4349 603,4349 647,4346 692,4346 737,4346 782,4346 826,4346 871,4346 916,4346 961,4346 1006,4346 1050,4346 1095,4343 1140,4346 1185,4346 1229,4346 1274,4349 1289,4349 1292,4349"/>
               <TextEquiv>
                  <Unicode>zinischen Fakultät bereits durchgeführt wird und die Juden</Unicode>
               </TextEquiv>
            </TextLine>
            <TextLine id="r_2_tl_7" custom="readingOrder {index:6;}">
               <Coords points="504,4386 1191,4382 1289,4406 1290,4364 1220,4352 505,4368"/>
               <Baseline points="510,4382 519,4382 564,4379 608,4376 653,4379 698,4379 743,4379 788,4379 832,4376 877,4376 922,4376 967,4376 1012,4376 1056,4376 1101,4376 1146,4376 1191,4376 1235,4376 1280,4376 1292,4382"/>
               <TextEquiv>
                  <Unicode>empfindlich trifft ... Die Klasse der Großgrundbesitzer</Unicode>
               </TextEquiv>
            </TextLine>
            <TextLine id="r_2_tl_8" custom="readingOrder {index:7;}">
               <Coords points="508,4422 1290,4414 1263,4386 508,4390"/>
               <Baseline points="513,4412 558,4409 603,4409 647,4409 692,4406 737,4409 782,4409 826,4409 871,4406 916,4406 961,4406 1006,4406 1050,4406 1095,4406 1140,4406 1185,4406 1229,4406 1274,4409 1289,4415 1292,4415"/>
               <TextEquiv>
                  <Unicode>ist ja bereits verschwunden, die großen Güter, schon im</Unicode>
               </TextEquiv>
            </TextLine>
            <TextLine id="r_2_tl_9" custom="readingOrder {index:8;}">
               <Coords points="508,4454 1290,4452 1238,4411 508,4419"/>
               <Baseline points="513,4442 555,4442 600,4439 644,4439 689,4439 734,4439 779,4439 823,4436 868,4436 913,4439 958,4436 1003,4436 1047,4436 1092,4436 1137,4436 1182,4436 1226,4439 1271,4439 1292,4444"/>
               <TextEquiv>
                  <Unicode>Anfang der russischen Revolution konfisziert, sind später</Unicode>
               </TextEquiv>
            </TextLine>
            <TextLine id="r_2_tl_10" custom="readingOrder {index:9;}">
               <Coords points="511,4476 1290,4476 1290,4452 1183,4443 511,4455"/>
               <Baseline points="516,4471 552,4471 597,4471 641,4471 686,4468 731,4471 776,4468 820,4468 865,4468 910,4468 955,4468 1000,4468 1044,4468 1089,4465 1134,4465 1179,4465 1223,4468 1268,4468 1292,4478"/>
               <TextEquiv>
                  <Unicode>aufgeteilt worden, selbst Landbesitz mittlerer Größe wird</Unicode>
               </TextEquiv>
            </TextLine>
            <TextLine id="r_2_tl_11" custom="readingOrder {index:10;}">
               <Coords points="507,4519 1165,4521 1232,4513 1233,4476 508,4481"/>
               <Baseline points="513,4504 519,4504 564,4501 608,4501 653,4501 698,4501 743,4501 788,4501 832,4501 877,4498 922,4501 967,4498 1012,4498 1056,4498 1101,4498 1146,4498 1191,4498 1235,4498"/>
               <TextEquiv>
                  <Unicode>so stark besteuert, daß er sich meistens nicht lange hält.\:p\</Unicode>
               </TextEquiv>
            </TextLine>
            <TextLine id="r_2_tl_12" custom="readingOrder {index:11;}">
               <Coords points="544,4557 1290,4560 1290,4531 1241,4516 544,4524"/>
               <Baseline points="549,4549 555,4552 600,4546 644,4546 689,4549 734,4546 779,4543 823,4543 868,4546 913,4546 958,4543 1003,4546 1047,4543 1092,4543 1137,4543 1182,4543 1226,4543 1271,4543 1289,4543 1292,4543"/>
               <TextEquiv>
                  <Unicode>\p\Die \g\Aufteilung des Bodens\:g\ war fraglos unvermeid¬</Unicode>
               </TextEquiv>
            </TextLine>
            <TextLine id="r_2_tl_13" custom="readingOrder {index:12;}">
               <Coords points="508,4591 1290,4589 1260,4554 508,4558"/>
               <Baseline points="513,4579 549,4576 594,4579 638,4579 683,4579 728,4579 773,4579 817,4576 862,4576 907,4576 952,4576 997,4576 1041,4576 1086,4576 1131,4573 1176,4576 1220,4576 1265,4576 1289,4567 1292,4567"/>
               <TextEquiv>
                  <Unicode>lich und von größter Bedeutung, da ja der litauische Staat,</Unicode>
               </TextEquiv>
            </TextLine>
            <TextLine id="r_2_tl_14" custom="readingOrder {index:13;}">
               <Coords points="514,4621 1290,4608 1290,4584 514,4589"/>
               <Baseline points="519,4612 558,4609 603,4609 647,4609 692,4609 737,4609 782,4609 826,4606 871,4606 916,4606 961,4606 1006,4606 1050,4606 1095,4606 1140,4606 1185,4606 1229,4606 1274,4606 1292,4600"/>
               <TextEquiv>
                  <Unicode>bis heute vorwiegend ein Agrarland, sich ganz auf dem</Unicode>
               </TextEquiv>
            </TextLine>
            <TextLine id="r_2_tl_15" custom="readingOrder {index:14;}">
               <Coords points="508,4662 1290,4647 1284,4615 508,4622"/>
               <Baseline points="513,4645 549,4642 594,4642 638,4642 683,4642 728,4639 773,4639 817,4639 862,4639 907,4639 952,4639 997,4639 1041,4639 1086,4639 1131,4636 1176,4639 1220,4639 1265,4639 1289,4630 1292,4629"/>
               <TextEquiv>
                  <Unicode>selbständigen Bauernstand aufbauen muß. Einsichtige</Unicode>
               </TextEquiv>
            </TextLine>
            <TextLine id="r_2_tl_16" custom="readingOrder {index:15;}">
               <Coords points="535,4690 1290,4687 1290,4649 535,4654"/>
               <Baseline points="540,4680 552,4680 597,4677 641,4677 686,4677 731,4677 776,4674 820,4674 865,4674 910,4674 955,4674 1000,4674 1044,4674 1089,4674 1134,4674 1179,4674 1223,4674 1268,4674 1289,4659 1292,4659"/>
               <TextEquiv>
                  <Unicode>Litauer sind sogar der Ansicht, daß für die Bauern</Unicode>
               </TextEquiv>
            </TextLine>
            <TextLine id="r_2_tl_17" custom="readingOrder {index:16;}">
               <Coords points="505,4723 1290,4721 1290,4687 1242,4681 505,4695"/>
               <Baseline points="510,4710 555,4710 600,4707 644,4707 689,4710 734,4707 779,4707 823,4707 868,4707 913,4707 958,4707 1003,4707 1047,4704 1092,4707 1137,4704 1182,4704 1226,4707 1265,4710 1289,4722 1292,4722"/>
               <TextEquiv>
                  <Unicode>auch im neuen Litauen zu wenig getan werde. Sie zahlen</Unicode>
               </TextEquiv>
            </TextLine>
            <TextLine id="r_2_tl_18" custom="readingOrder {index:17;}">
               <Coords points="511,4747 1290,4762 1291,4721 1248,4716 512,4719"/>
               <Baseline points="516,4740 552,4740 597,4740 641,4740 686,4740 731,4740 776,4737 820,4737 865,4737 910,4737 955,4737 1000,4737 1044,4737 1089,4734 1134,4737 1179,4734 1223,4737 1268,4734 1289,4752 1292,4752"/>
               <TextEquiv>
                  <Unicode>hohe Steuern, haben aber für ihre Produkte nur den in¬</Unicode>
               </TextEquiv>
            </TextLine>
            <TextLine id="r_2_tl_19" custom="readingOrder {index:18;}">
               <Coords points="511,4779 1290,4779 1278,4747 511,4752"/>
               <Baseline points="516,4770 561,4770 606,4770 650,4770 695,4770 740,4770 785,4770 829,4767 874,4767 919,4770 964,4767 1009,4767 1053,4767 1098,4767 1143,4767 1188,4767 1232,4767 1265,4770 1292,4780"/>
               <TextEquiv>
                  <Unicode>ländischen Markt, während man in erster Linie Flachs,</Unicode>
               </TextEquiv>
            </TextLine>
            <TextLine id="r_2_tl_20" custom="readingOrder {index:19;}">
               <Coords points="511,4814 1290,4825 1262,4780 1170,4772 511,4785"/>
               <Baseline points="516,4803 549,4803 594,4800 638,4800 683,4800 728,4800 773,4800 817,4800 862,4800 907,4797 952,4800 997,4797 1041,4800 1086,4797 1131,4797 1176,4797 1220,4797 1265,4797 1292,4814"/>
               <TextEquiv>
                  <Unicode>aber auch Obst, besonders Aepfel, ausführen und so einen</Unicode>
               </TextEquiv>
            </TextLine>
            <TextLine id="r_2_tl_21" custom="readingOrder {index:20;}">
               <Coords points="511,4840 1260,4840 1237,4807 511,4811"/>
               <Baseline points="516,4833 546,4833 591,4830 635,4830 680,4830 725,4830 770,4830 814,4830 859,4830 904,4830 949,4830 994,4830 1038,4830 1083,4830 1128,4827 1173,4827 1217,4830 1262,4830"/>
               <TextEquiv>
                  <Unicode>Anfang für den so dringend nötigen Außenhandel schaffen</Unicode>
               </TextEquiv>
            </TextLine>
            <TextLine id="r_2_tl_22" custom="readingOrder {index:21;}">
               <Coords points="508,4876 1257,4872 1257,4840 1216,4837 508,4842"/>
               <Baseline points="513,4865 543,4862 588,4862 632,4859 677,4859 722,4862 767,4859 811,4859 856,4862 901,4859 946,4859 991,4859 1035,4859 1080,4859 1125,4859 1170,4859 1214,4859 1259,4862"/>
               <TextEquiv>
                  <Unicode>könnte. Mit dem Außenhandel Litauens ist es vorläufig</Unicode>
               </TextEquiv>
            </TextLine>
            <TextLine id="r_2_tl_23" custom="readingOrder {index:22;}">
               <Coords points="508,4911 1290,4900 1240,4869 508,4876"/>
               <Baseline points="513,4895 549,4892 594,4892 638,4892 683,4892 728,4889 773,4889 817,4892 862,4892 907,4889 952,4892 997,4889 1041,4889 1086,4889 1131,4889 1176,4889 1220,4889 1265,4889 1289,4904 1292,4904"/>
               <TextEquiv>
                  <Unicode>schlecht bestellt; von den drei großen Nachbarstaaten wird</Unicode>
               </TextEquiv>
            </TextLine>
            <TextLine id="r_2_tl_24" custom="readingOrder {index:23;}">
               <Coords points="514,4936 1290,4941 1270,4898 514,4911"/>
               <Baseline points="519,4928 549,4925 594,4922 638,4922 683,4922 728,4922 773,4922 817,4922 862,4922 907,4922 952,4922 997,4922 1041,4922 1086,4919 1131,4919 1176,4919 1220,4922 1265,4922 1289,4937 1292,4937"/>
               <TextEquiv>
                  <Unicode>eigentlich nur Rußland in größerem Maße beliefert, mit</Unicode>
               </TextEquiv>
            </TextLine>
            <TextLine id="r_2_tl_25" custom="readingOrder {index:24;}">
               <Coords points="514,4969 1290,4965 1267,4930 514,4936"/>
               <Baseline points="519,4958 552,4955 597,4955 641,4955 686,4952 731,4952 776,4952 820,4952 865,4952 910,4952 955,4952 1000,4952 1044,4952 1089,4952 1134,4949 1179,4952 1223,4952 1268,4949 1289,4967 1292,4967"/>
               <TextEquiv>
                  <Unicode>Deutschland bestehen die bekannten Schwierigkeiten, mit</Unicode>
               </TextEquiv>
            </TextLine>
            <TextLine id="r_2_tl_26" custom="readingOrder {index:25;}">
               <Coords points="517,5001 1290,5008 1291,4964 517,4966"/>
               <Baseline points="522,4991 549,4985 594,4985 638,4985 683,4985 728,4982 773,4982 817,4982 862,4982 907,4982 952,4982 997,4982 1041,4982 1086,4982 1131,4982 1176,4982 1220,4985 1265,4982 1289,4997 1292,4997"/>
               <TextEquiv>
                  <Unicode>Polen lebt man in schon traditioneller Feindschaft, weil</Unicode>
               </TextEquiv>
            </TextLine>
            <TextLine id="r_2_tl_27" custom="readingOrder {index:26;}">
               <Coords points="507,5035 1198,5023 1198,4991 508,4998"/>
               <Baseline points="513,5021 528,5018 573,5018 617,5018 662,5018 707,5015 752,5015 797,5015 841,5015 886,5015 931,5015 976,5015 1020,5015 1065,5015 1110,5015 1155,5015 1200,5012"/>
               <TextEquiv>
                  <Unicode>man ihm den Verlust Wilnas nicht verzeihen kann!\:p\</Unicode>
               </TextEquiv>
            </TextLine>
            <TextLine id="r_2_tl_28" custom="readingOrder {index:27;}">
               <Coords points="538,5066 1283,5084 1290,5035 538,5034"/>
               <Baseline points="543,5062 564,5062 608,5062 653,5062 698,5062 743,5060 788,5060 832,5060 877,5060 922,5060 967,5060 1012,5060 1056,5060 1101,5060 1146,5060 1191,5060 1235,5060 1280,5057 1289,5060 1292,5059"/>
               <TextEquiv>
                  <Unicode>\p\So lebt also das kleine Litauen in einseitiger halb</Unicode>
               </TextEquiv>
            </TextLine>
            <TextLine id="r_2_tl_29" custom="readingOrder {index:28;}">
               <Coords points="511,5102 1290,5096 1236,5069 511,5072"/>
               <Baseline points="516,5095 561,5092 606,5092 650,5092 695,5092 740,5092 785,5092 829,5092 874,5092 919,5092 964,5092 1009,5089 1053,5092 1098,5089 1143,5089 1188,5089 1232,5092 1277,5092 1292,5091"/>
               <TextEquiv>
                  <Unicode>freiwilliger Autarkie, die es sich eigentlich nicht leisten</Unicode>
               </TextEquiv>
            </TextLine>
            <TextLine id="r_2_tl_30" custom="readingOrder {index:29;}">
               <Coords points="511,5138 1290,5126 1189,5097 511,5103"/>
               <Baseline points="516,5125 561,5125 606,5125 650,5122 695,5122 740,5122 785,5122 829,5122 874,5122 919,5122 964,5122 1009,5122 1053,5122 1098,5122 1143,5122 1188,5122 1232,5122 1265,5125 1292,5123"/>
               <TextEquiv>
                  <Unicode>kann. Man braucht Geld, denn Geld wird, heute jeden¬</Unicode>
               </TextEquiv>
            </TextLine>
            <TextLine id="r_2_tl_31" custom="readingOrder {index:30;}">
               <Coords points="514,5175 1277,5175 1290,5140 515,5136"/>
               <Baseline points="519,5158 549,5155 594,5155 638,5155 683,5155 728,5152 773,5155 817,5152 862,5152 907,5152 952,5152 997,5152 1041,5152 1086,5152 1131,5152 1176,5152 1220,5152 1265,5152 1289,5149 1292,5149"/>
               <TextEquiv>
                  <Unicode>falls, reichlich ausgegeben! Für die Armee und für Schulen</Unicode>
               </TextEquiv>
            </TextLine>
            <TextLine id="r_2_tl_32" custom="readingOrder {index:31;}">
               <Coords points="511,5202 1290,5193 1290,5168 1219,5160 511,5172"/>
               <Baseline points="516,5191 558,5185 603,5188 647,5185 692,5185 737,5185 782,5185 826,5182 871,5182 916,5182 961,5182 1006,5182 1050,5185 1095,5182 1140,5182 1185,5182 1229,5182 1274,5182 1289,5179 1292,5179"/>
               <TextEquiv>
                  <Unicode>und neue Gebäude, die das Gesicht der einstigen Gou¬</Unicode>
               </TextEquiv>
            </TextLine>
            <TextLine id="r_2_tl_33" custom="readingOrder {index:32;}">
               <Coords points="511,5236 1290,5227 1290,5193 1255,5190 511,5201"/>
               <Baseline points="516,5221 552,5218 597,5218 641,5215 686,5215 731,5215 776,5215 820,5215 865,5215 910,5215 955,5215 1000,5215 1044,5212 1089,5215 1134,5212 1179,5215 1223,5212 1268,5215 1292,5215"/>
               <TextEquiv>
                  <Unicode>vernementshauptstadt Kowno gründlich verändern. Es</Unicode>
               </TextEquiv>
            </TextLine>
            <TextLine id="r_2_tl_34" custom="readingOrder {index:33;}">
               <Coords points="507,5261 1289,5259 1290,5226 1221,5221 508,5234"/>
               <Baseline points="513,5251 552,5248 597,5248 641,5248 686,5248 731,5245 776,5245 820,5245 865,5245 910,5245 955,5245 1000,5245 1044,5245 1089,5245 1134,5245 1179,5245 1223,5245 1268,5245 1286,5245 1289,5245 1292,5244"/>
               <TextEquiv>
                  <Unicode>gibt Stadtteile, die noch ganz „russisch“ sind, so, wie eben</Unicode>
               </TextEquiv>
            </TextLine>
            <TextLine id="r_2_tl_35" custom="readingOrder {index:34;}">
               <Coords points="511,5287 1290,5291 1290,5256 1213,5250 511,5262"/>
               <Baseline points="516,5280 549,5277 594,5277 638,5277 683,5277 728,5277 773,5274 817,5274 862,5274 907,5274 952,5277 997,5277 1041,5274 1086,5274 1131,5274 1176,5274 1220,5274 1265,5274 1289,5274 1292,5274"/>
               <TextEquiv>
                  <Unicode>die Landstädte des zaristischen Rußlands ausgesehen haben.</Unicode>
               </TextEquiv>
            </TextLine>
            <TextLine id="r_2_tl_36" custom="readingOrder {index:35;}">
               <Coords points="511,5323 1290,5311 1290,5280 511,5288"/>
               <Baseline points="516,5310 552,5310 597,5310 641,5307 686,5307 731,5307 776,5307 820,5307 865,5307 910,5307 955,5307 1000,5307 1044,5307 1089,5307 1134,5307 1179,5307 1223,5307 1268,5307 1289,5304 1292,5304"/>
               <TextEquiv>
                  <Unicode>Es gibt da breite Straßen, gesäumt von niedrigen ,ein¬</Unicode>
               </TextEquiv>
            </TextLine>
            <TextLine id="r_2_tl_37" custom="readingOrder {index:36;}">
               <Coords points="517,5352 1262,5344 1291,5366 1267,5315 517,5316"/>
               <Baseline points="522,5343 543,5340 588,5340 632,5340 677,5337 722,5337 767,5337 811,5337 856,5337 901,5337 946,5337 991,5337 1035,5337 1080,5337 1125,5337 1170,5337 1214,5340 1259,5337 1292,5337"/>
               <TextEquiv>
                  <Unicode>stöckigen Holzhäuschen, es gibt ein Hotel, dessen riesiges,</Unicode>
               </TextEquiv>
            </TextLine>
            <TextLine id="r_2_tl_38" custom="readingOrder {index:37;}">
               <Coords points="511,5380 1111,5374 1164,5396 1290,5378 1291,5356 512,5350"/>
               <Baseline points="516,5376 549,5373 594,5370 638,5373 683,5370 728,5370 773,5370 817,5370 862,5367 907,5370 952,5370 997,5370 1041,5370 1086,5370 1131,5367 1176,5367 1220,5367 1265,5367 1292,5367"/>
               <TextEquiv>
                  <Unicode>billig ausgeschmücktes Restaurant mit großer Kapelle und</Unicode>
               </TextEquiv>
            </TextLine>
            <TextEquiv>
               <Unicode/>
            </TextEquiv>
         </TextRegion>
         <TextRegion id="r_1" custom="readingOrder {index:1;}">
            <Coords points="1292,4155 2064,4155 2064,5402 1292,5402"/>
            <TextLine id="r_1_tl_1" custom="readingOrder {index:0;}">
               <Coords points="1287,4206 2062,4206 2062,4162 2034,4159 1287,4171"/>
               <Baseline points="1292,4200 1298,4200 1343,4200 1388,4197 1432,4197 1477,4197 1522,4197 1567,4197 1612,4197 1656,4197 1701,4194 1746,4197 1791,4197 1835,4197 1880,4194 1925,4197 1970,4194 2015,4197 2059,4191 2064,4191"/>
               <TextEquiv>
                  <Unicode>einem von Vorgerichten, kalten Braten, Pilzen, Gurken</Unicode>
               </TextEquiv>
            </TextLine>
            <TextLine id="r_1_tl_2" custom="readingOrder {index:1;}">
               <Coords points="1287,4233 2061,4240 2037,4203 1288,4215"/>
               <Baseline points="1292,4230 1328,4230 1373,4230 1417,4230 1462,4227 1507,4230 1552,4227 1597,4227 1641,4227 1686,4227 1731,4227 1776,4227 1821,4227 1865,4227 1910,4227 1955,4227 2000,4227 2044,4224 2064,4222"/>
               <TextEquiv>
                  <Unicode>und saurer Sahne beladenen Buffet an ein Offiziers¬</Unicode>
               </TextEquiv>
            </TextLine>
            <TextLine id="r_1_tl_3" custom="readingOrder {index:2;}">
               <Coords points="1287,4270 2048,4264 2048,4231 1287,4237"/>
               <Baseline points="1292,4262 1292,4262 1334,4259 1379,4259 1423,4259 1468,4259 1513,4259 1558,4256 1603,4259 1647,4259 1692,4256 1737,4256 1782,4256 1826,4256 1871,4256 1916,4256 1961,4256 2006,4256 2050,4256"/>
               <TextEquiv>
                  <Unicode>kasino der Vorkriegs-Garnisonen erinnert, und es gibt</Unicode>
               </TextEquiv>
            </TextLine>
            <TextLine id="r_1_tl_4" custom="readingOrder {index:3;}">
               <Coords points="1287,4295 2061,4303 2061,4267 1948,4262 1287,4275"/>
               <Baseline points="1292,4290 1301,4292 1346,4289 1391,4289 1435,4289 1480,4289 1525,4289 1570,4289 1615,4289 1659,4289 1704,4289 1749,4289 1794,4289 1838,4286 1883,4289 1928,4286 1973,4286 2018,4286 2062,4286"/>
               <TextEquiv>
                  <Unicode>alte Kirchen mit schweren, prächtigen, wolkenumsegelten</Unicode>
               </TextEquiv>
            </TextLine>
            <TextLine id="r_1_tl_5" custom="readingOrder {index:4;}">
               <Coords points="1287,4336 2042,4333 2042,4297 2014,4294 1287,4309"/>
               <Baseline points="1292,4322 1328,4322 1373,4319 1417,4322 1462,4322 1507,4319 1552,4319 1597,4319 1641,4319 1686,4319 1731,4319 1776,4319 1821,4319 1865,4319 1910,4316 1955,4316 2000,4319 2044,4319"/>
               <TextEquiv>
                  <Unicode>Kuppeln ... Russisch sind auch die Droschken, die Kutsche</Unicode>
               </TextEquiv>
            </TextLine>
            <TextLine id="r_1_tl_6" custom="readingOrder {index:5;}">
               <Coords points="1287,4355 2062,4369 2051,4334 1967,4325 1287,4336"/>
               <Baseline points="1292,4349 1334,4352 1379,4352 1423,4352 1468,4352 1513,4352 1558,4352 1603,4352 1647,4349 1692,4352 1737,4352 1782,4349 1826,4349 1871,4349 1916,4349 1961,4349 2006,4349 2050,4349 2064,4351"/>
               <TextEquiv>
                  <Unicode>mit eisgrauen Bärten, die kleinen Pferdchen unter dem</Unicode>
               </TextEquiv>
            </TextLine>
            <TextLine id="r_1_tl_7" custom="readingOrder {index:6;}">
               <Coords points="1287,4391 2062,4395 2044,4360 1961,4356 1287,4364"/>
               <Baseline points="1292,4382 1298,4385 1343,4382 1388,4382 1432,4382 1477,4385 1522,4382 1567,4382 1612,4382 1656,4382 1701,4382 1746,4382 1791,4379 1835,4379 1880,4379 1925,4379 1970,4379 2015,4379 2050,4385 2064,4385"/>
               <TextEquiv>
                  <Unicode>hohen Kummet. Daneben aber wächst das neue Kaunas,</Unicode>
               </TextEquiv>
            </TextLine>
            <TextLine id="r_1_tl_8" custom="readingOrder {index:7;}">
               <Coords points="1287,4433 2062,4430 2062,4400 2021,4387 1287,4392"/>
               <Baseline points="1292,4415 1325,4415 1370,4412 1415,4412 1459,4412 1504,4412 1549,4412 1594,4412 1638,4412 1683,4412 1728,4412 1773,4412 1818,4409 1862,4412 1907,4409 1952,4409 1997,4409 2041,4412 2064,4414"/>
               <TextEquiv>
                  <Unicode>mit vereinzelten weißen, sehr geschmackvollen Gebäuden,</Unicode>
               </TextEquiv>
            </TextLine>
            <TextLine id="r_1_tl_9" custom="readingOrder {index:8;}">
               <Coords points="1287,4453 2062,4451 2027,4419 1287,4431"/>
               <Baseline points="1292,4444 1295,4445 1340,4445 1385,4445 1429,4445 1474,4445 1519,4445 1564,4445 1609,4445 1653,4442 1698,4442 1743,4442 1788,4442 1832,4442 1877,4442 1922,4442 1967,4442 2012,4442 2050,4445 2064,4446"/>
               <TextEquiv>
                  <Unicode>mit Sportplätzen, Kasernen und großen grünen Anlagen.</Unicode>
               </TextEquiv>
            </TextLine>
            <TextLine id="r_1_tl_10" custom="readingOrder {index:9;}">
               <Coords points="1287,4496 2062,4483 2055,4451 1287,4453"/>
               <Baseline points="1292,4478 1298,4480 1325,4474 1370,4474 1415,4474 1459,4474 1504,4474 1549,4474 1594,4471 1638,4474 1683,4471 1728,4474 1773,4471 1818,4471 1862,4471 1907,4471 1952,4471 1997,4471 2041,4471 2064,4476"/>
               <TextEquiv>
                  <Unicode>Wer das neue Rußland, vor allem Moskau, kennt, findet</Unicode>
               </TextEquiv>
            </TextLine>
            <TextLine id="r_1_tl_11" custom="readingOrder {index:10;}">
               <Coords points="1287,4521 2062,4522 2062,4495 1998,4479 1287,4500"/>
               <Baseline points="1292,4507 1322,4504 1367,4504 1412,4504 1456,4504 1501,4504 1546,4504 1591,4504 1635,4504 1680,4504 1725,4504 1770,4501 1815,4504 1859,4501 1904,4501 1949,4501 1994,4504 2038,4504 2064,4504"/>
               <TextEquiv>
                  <Unicode>auch hier viel Verwandtes: Ganz wie im Moskauer</Unicode>
               </TextEquiv>
            </TextLine>
            <TextLine id="r_1_tl_12" custom="readingOrder {index:11;}">
               <Coords points="1287,4546 2062,4544 2047,4518 1909,4510 1287,4522"/>
               <Baseline points="1292,4543 1322,4537 1367,4537 1412,4534 1456,4534 1501,4537 1546,4534 1591,4534 1635,4534 1680,4534 1725,4534 1770,4534 1815,4531 1859,4531 1904,4531 1949,4531 1994,4531 2038,4534 2064,4536"/>
               <TextEquiv>
                  <Unicode>„Kulturpark“ sitzen in den öffentlichen Gärten von</Unicode>
               </TextEquiv>
            </TextLine>
            <TextLine id="r_1_tl_13" custom="readingOrder {index:12;}">
               <Coords points="1287,4582 2062,4581 2037,4541 1287,4549"/>
               <Baseline points="1292,4567 1322,4567 1367,4567 1412,4567 1456,4567 1501,4567 1546,4564 1591,4564 1635,4564 1680,4564 1725,4564 1770,4564 1815,4564 1859,4564 1904,4564 1949,4564 1994,4564 2038,4564 2064,4566"/>
               <TextEquiv>
                  <Unicode>Kaunas die jungen Mütter in weißen, bäurischen Kopf¬</Unicode>
               </TextEquiv>
            </TextLine>
            <TextLine id="r_1_tl_14" custom="readingOrder {index:13;}">
               <Coords points="1287,4602 2062,4612 2062,4581 1988,4571 1287,4582"/>
               <Baseline points="1292,4600 1292,4600 1325,4597 1370,4597 1415,4597 1459,4597 1504,4597 1549,4597 1594,4597 1638,4597 1683,4597 1728,4594 1773,4594 1818,4594 1862,4594 1907,4594 1952,4594 1997,4594 2041,4597 2064,4595"/>
               <TextEquiv>
                  <Unicode>tüchern neben den Soldaten auf den Bänken, die Uniform</Unicode>
               </TextEquiv>
            </TextLine>
            <TextLine id="r_1_tl_15" custom="readingOrder {index:14;}">
               <Coords points="1287,4640 2036,4633 2022,4603 1287,4602"/>
               <Baseline points="1292,4629 1334,4627 1379,4627 1423,4627 1468,4627 1513,4627 1558,4627 1603,4627 1647,4627 1692,4627 1737,4627 1782,4627 1826,4624 1871,4624 1916,4627 1961,4624 2006,4627 2038,4630"/>
               <TextEquiv>
                  <Unicode>spielt im Straßenbild eine gewisse Rolle, während die</Unicode>
               </TextEquiv>
            </TextLine>
            <TextLine id="r_1_tl_16" custom="readingOrder {index:15;}">
               <Coords points="1287,4672 2062,4680 2029,4634 1287,4641"/>
               <Baseline points="1292,4659 1334,4659 1379,4659 1423,4659 1468,4659 1513,4659 1558,4656 1603,4656 1647,4656 1692,4656 1737,4656 1782,4656 1826,4656 1871,4656 1916,4654 1961,4656 2006,4656 2038,4662 2064,4662"/>
               <TextEquiv>
                  <Unicode>männliche Jugend, und gerade die studentische Jugend,</Unicode>
               </TextEquiv>
            </TextLine>
            <TextLine id="r_1_tl_17" custom="readingOrder {index:16;}">
               <Coords points="1287,4694 2062,4699 2019,4664 1287,4671"/>
               <Baseline points="1292,4689 1334,4689 1379,4689 1423,4689 1468,4689 1513,4686 1558,4686 1603,4686 1647,4689 1692,4686 1737,4686 1782,4686 1826,4686 1871,4686 1916,4686 1961,4686 2006,4686 2041,4689 2064,4689"/>
               <TextEquiv>
                  <Unicode>in Kleidung und Benehmen eine proletarische Note be¬</Unicode>
               </TextEquiv>
            </TextLine>
            <TextLine id="r_1_tl_18" custom="readingOrder {index:17;}">
               <Coords points="1287,4729 2062,4733 2062,4699 1999,4692 1287,4695"/>
               <Baseline points="1292,4722 1325,4719 1370,4722 1415,4719 1459,4719 1504,4719 1549,4719 1594,4719 1638,4719 1683,4719 1728,4716 1773,4719 1818,4716 1862,4716 1907,4716 1952,4716 1997,4719 2041,4716 2064,4719"/>
               <TextEquiv>
                  <Unicode>vorzugt. Die Mädchen geben sich Mühe, bürgerlich¬</Unicode>
               </TextEquiv>
            </TextLine>
            <TextLine id="r_1_tl_19" custom="readingOrder {index:18;}">
               <Coords points="1287,4759 2062,4755 1987,4725 1287,4740"/>
               <Baseline points="1292,4752 1328,4752 1373,4752 1417,4752 1462,4749 1507,4749 1552,4749 1597,4749 1641,4749 1686,4749 1731,4749 1776,4749 1821,4746 1865,4746 1910,4746 1955,4746 2000,4749 2044,4749 2064,4749"/>
               <TextEquiv>
                  <Unicode>elegant auszusehen; weil aber die Stoffe oft schlecht, die</Unicode>
               </TextEquiv>
            </TextLine>
            <TextLine id="r_1_tl_20" custom="readingOrder {index:19;}">
               <Coords points="1287,4790 2062,4793 2062,4754 1287,4759"/>
               <Baseline points="1292,4780 1295,4782 1325,4782 1370,4782 1415,4779 1459,4782 1504,4782 1549,4782 1594,4779 1638,4779 1683,4779 1728,4779 1773,4779 1818,4779 1862,4779 1907,4779 1952,4779 1997,4779 2041,4779 2064,4779"/>
               <TextEquiv>
                  <Unicode>Strümpfe zu grob, die Schuhe billig sind, wird der Ein¬</Unicode>
               </TextEquiv>
            </TextLine>
            <TextLine id="r_1_tl_21" custom="readingOrder {index:20;}">
               <Coords points="1287,4828 2062,4829 2043,4789 1287,4792"/>
               <Baseline points="1292,4814 1292,4815 1328,4812 1373,4812 1417,4812 1462,4812 1507,4812 1552,4812 1597,4812 1641,4812 1686,4812 1731,4812 1776,4809 1821,4809 1865,4809 1910,4809 1955,4809 2000,4809 2044,4812 2064,4812"/>
               <TextEquiv>
                  <Unicode>druck kleinbürgerlich-ärmlich. Die Burschen halten es</Unicode>
               </TextEquiv>
            </TextLine>
            <TextLine id="r_1_tl_22" custom="readingOrder {index:21;}">
               <Coords points="1296,4857 2062,4857 2062,4826 1980,4818 1296,4824"/>
               <Baseline points="1301,4845 1334,4845 1379,4842 1423,4842 1468,4842 1513,4842 1558,4842 1603,4842 1647,4839 1692,4842 1737,4842 1782,4842 1826,4842 1871,4842 1916,4839 1961,4839 2006,4842 2050,4842 2064,4844"/>
               <TextEquiv>
                  <Unicode>ganz anders: die Buben gehen am liebsten in kurzen</Unicode>
               </TextEquiv>
            </TextLine>
            <TextLine id="r_1_tl_23" custom="readingOrder {index:22;}">
               <Coords points="1293,4883 2062,4879 2062,4856 1917,4846 1293,4856"/>
               <Baseline points="1298,4874 1325,4874 1370,4874 1415,4871 1459,4871 1504,4871 1549,4871 1594,4871 1638,4871 1683,4871 1728,4871 1773,4871 1818,4871 1862,4871 1907,4871 1952,4871 1997,4871 2041,4871 2064,4874"/>
               <TextEquiv>
                  <Unicode>Sporthosen, die jungen Männer tragen weiße Hem¬</Unicode>
               </TextEquiv>
            </TextLine>
            <TextLine id="r_1_tl_24" custom="readingOrder {index:23;}">
               <Coords points="1287,4909 2062,4914 2062,4892 1966,4876 1287,4880"/>
               <Baseline points="1292,4904 1334,4904 1379,4904 1423,4904 1468,4904 1513,4901 1558,4904 1603,4904 1647,4901 1692,4901 1737,4901 1782,4901 1826,4901 1871,4901 1916,4898 1961,4901 2006,4901 2044,4904 2064,4904"/>
               <TextEquiv>
                  <Unicode>den, oft über der Hose mit Ledergürteln, stets aber den</Unicode>
               </TextEquiv>
            </TextLine>
            <TextLine id="r_1_tl_25" custom="readingOrder {index:24;}">
               <Coords points="1287,4947 2062,4952 2062,4924 1978,4907 1287,4921"/>
               <Baseline points="1292,4937 1334,4934 1379,4934 1423,4934 1468,4934 1513,4934 1558,4934 1603,4934 1647,4934 1692,4934 1737,4934 1782,4934 1826,4931 1871,4931 1916,4931 1961,4931 2006,4934 2038,4937 2064,4937"/>
               <TextEquiv>
                  <Unicode>Kragen offen und keine Krawatte. Hüte sieht man selten,</Unicode>
               </TextEquiv>
            </TextLine>
            <TextLine id="r_1_tl_26" custom="readingOrder {index:25;}">
               <Coords points="1287,4971 2062,4970 2033,4943 1899,4937 1287,4947"/>
               <Baseline points="1292,4967 1328,4967 1373,4967 1417,4967 1462,4967 1507,4964 1552,4964 1597,4964 1641,4964 1686,4964 1731,4967 1776,4964 1821,4964 1865,4964 1910,4964 1955,4961 2000,4961 2044,4964 2064,4967"/>
               <TextEquiv>
                  <Unicode>einige tragen Mützen, die meisten gehen ohne Kopfbe¬</Unicode>
               </TextEquiv>
            </TextLine>
            <TextLine id="r_1_tl_27" custom="readingOrder {index:26;}">
               <Coords points="1287,5002 2062,5011 2062,4970 1287,4973"/>
               <Baseline points="1292,4997 1334,4997 1379,4997 1423,4997 1468,4997 1513,4997 1558,4997 1603,4994 1647,4994 1692,4997 1737,4997 1782,4997 1826,4994 1871,4991 1916,4994 1961,4994 2006,4994 2035,5000 2064,4997"/>
               <TextEquiv>
                  <Unicode>deckung. So unterscheidet sich dann der junge Bauer wenig</Unicode>
               </TextEquiv>
            </TextLine>
            <TextLine id="r_1_tl_28" custom="readingOrder {index:27;}">
               <Coords points="1287,5037 2062,5036 2003,5002 1287,5010"/>
               <Baseline points="1292,5027 1334,5027 1379,5027 1423,5027 1468,5027 1513,5027 1558,5027 1603,5027 1647,5027 1692,5027 1737,5027 1782,5027 1826,5027 1871,5024 1916,5024 1961,5024 2006,5024 2041,5027 2064,5029"/>
               <TextEquiv>
                  <Unicode>vom Arbeiter, der Arbeiter nicht vom Schüler oder Stu¬</Unicode>
               </TextEquiv>
            </TextLine>
            <TextLine id="r_1_tl_29" custom="readingOrder {index:28;}">
               <Coords points="1287,5064 2062,5066 2062,5036 1991,5031 1287,5041"/>
               <Baseline points="1292,5059 1334,5057 1379,5060 1423,5057 1468,5057 1513,5057 1558,5057 1603,5057 1647,5057 1692,5054 1737,5057 1782,5057 1826,5054 1871,5057 1916,5054 1961,5057 2006,5057 2041,5060 2064,5060"/>
               <TextEquiv>
                  <Unicode>denten. Alle treiben Sport — und alle sind ungeheuer</Unicode>
               </TextEquiv>
            </TextLine>
            <TextLine id="r_1_tl_30" custom="readingOrder {index:29;}">
               <Coords points="1287,5099 2062,5099 2040,5066 1287,5064"/>
               <Baseline points="1292,5091 1322,5089 1367,5089 1412,5089 1456,5089 1501,5089 1546,5089 1591,5089 1635,5089 1680,5089 1725,5086 1770,5086 1815,5086 1859,5086 1904,5086 1949,5086 1994,5086 2038,5089 2064,5089"/>
               <TextEquiv>
                  <Unicode>lernbegierig. Es kann gar nicht genug Bücher, nicht genug</Unicode>
               </TextEquiv>
            </TextLine>
            <TextLine id="r_1_tl_31" custom="readingOrder {index:30;}">
               <Coords points="1287,5128 2062,5124 2062,5099 2006,5095 1287,5105"/>
               <Baseline points="1292,5123 1295,5122 1322,5119 1367,5119 1412,5119 1456,5119 1501,5119 1546,5119 1591,5119 1635,5119 1680,5119 1725,5119 1770,5116 1815,5116 1859,5116 1904,5116 1949,5116 1994,5116 2038,5119 2064,5117"/>
               <TextEquiv>
                  <Unicode>Vorträge, Theater, Kurse geben. Man holt nach, was</Unicode>
               </TextEquiv>
            </TextLine>
            <TextLine id="r_1_tl_32" custom="readingOrder {index:31;}">
               <Coords points="1287,5161 2062,5168 2062,5121 1287,5127"/>
               <Baseline points="1292,5149 1334,5149 1379,5149 1423,5149 1468,5149 1513,5149 1558,5149 1603,5149 1647,5149 1692,5149 1737,5149 1782,5149 1826,5149 1871,5146 1916,5146 1961,5146 2006,5149 2041,5152 2064,5149"/>
               <TextEquiv>
                  <Unicode>Generationen ohne eigene Schuld versäumt haben.</Unicode>
               </TextEquiv>
            </TextLine>
            <TextLine id="r_1_tl_33" custom="readingOrder {index:32;}">
               <Coords points="1287,5189 2062,5183 2035,5157 1287,5161"/>
               <Baseline points="1292,5179 1334,5182 1379,5182 1423,5182 1468,5182 1513,5179 1558,5179 1603,5182 1647,5179 1692,5182 1737,5179 1782,5179 1826,5179 1871,5176 1916,5176 1961,5179 2006,5179 2050,5182 2064,5182"/>
               <TextEquiv>
                  <Unicode>Und wenn man sich erinnert, daß die stärkste Welle gewalt¬</Unicode>
               </TextEquiv>
            </TextLine>
            <TextLine id="r_1_tl_34" custom="readingOrder {index:33;}">
               <Coords points="1287,5224 2062,5226 2062,5191 1981,5185 1287,5198"/>
               <Baseline points="1292,5215 1292,5215 1331,5215 1376,5212 1420,5212 1465,5212 1510,5212 1555,5212 1600,5212 1644,5212 1689,5212 1734,5212 1779,5212 1823,5209 1868,5209 1913,5209 1958,5209 2003,5209 2047,5209 2064,5211"/>
               <TextEquiv>
                  <Unicode>samer Russifizierung im Zeichen des Panslawismus erst</Unicode>
               </TextEquiv>
            </TextLine>
            <TextLine id="r_1_tl_35" custom="readingOrder {index:34;}">
               <Coords points="1287,5256 2062,5250 2062,5226 1993,5215 1287,5224"/>
               <Baseline points="1292,5244 1334,5242 1379,5242 1423,5245 1468,5245 1513,5242 1558,5242 1603,5242 1647,5242 1692,5242 1737,5242 1782,5242 1826,5239 1871,5239 1916,5239 1961,5239 2006,5242 2050,5242 2064,5242"/>
               <TextEquiv>
                  <Unicode>vor siebzig Jahren Litauen heimgesucht, alle Keime seiner</Unicode>
               </TextEquiv>
            </TextLine>
            <TextLine id="r_1_tl_36" custom="readingOrder {index:35;}">
               <Coords points="1287,5281 2062,5279 2062,5250 2032,5249 1287,5263"/>
               <Baseline points="1292,5274 1334,5274 1379,5274 1423,5274 1468,5274 1513,5274 1558,5274 1603,5274 1647,5274 1692,5271 1737,5274 1782,5271 1826,5271 1871,5271 1916,5271 1961,5271 2006,5271 2050,5274 2064,5273"/>
               <TextEquiv>
                  <Unicode>nationalen Entwicklung erstickt hat, dann bewundert man</Unicode>
               </TextEquiv>
            </TextLine>
            <TextLine id="r_1_tl_37" custom="readingOrder {index:36;}">
               <Coords points="1287,5315 1942,5322 2062,5313 2063,5290 1288,5281"/>
               <Baseline points="1292,5304 1295,5304 1340,5304 1385,5304 1429,5304 1474,5307 1519,5304 1564,5304 1609,5304 1653,5304 1698,5304 1743,5304 1788,5304 1832,5301 1877,5301 1922,5301 1967,5301 2012,5304 2056,5301 2064,5304"/>
               <TextEquiv>
                  <Unicode>die Energien, die hier am Werke sind. Man begreift die</Unicode>
               </TextEquiv>
            </TextLine>
            <TextLine id="r_1_tl_38" custom="readingOrder {index:37;}">
               <Coords points="1287,5348 2061,5348 2062,5323 1288,5315"/>
               <Baseline points="1292,5337 1295,5337 1340,5334 1385,5334 1429,5334 1474,5334 1519,5334 1564,5334 1609,5334 1653,5334 1698,5337 1743,5334 1788,5334 1832,5331 1877,5331 1922,5334 1967,5334 2012,5334 2056,5331 2064,5334"/>
               <TextEquiv>
                  <Unicode>Auswüchse, die, so hofft man, wirklich nur „Kinder¬</Unicode>
               </TextEquiv>
            </TextLine>
            <TextLine id="r_1_tl_39" custom="readingOrder {index:38;}">
               <Coords points="1287,5380 2062,5374 2029,5340 1287,5348"/>
               <Baseline points="1292,5367 1310,5367 1355,5367 1400,5367 1444,5367 1489,5367 1534,5367 1579,5367 1623,5367 1668,5367 1713,5367 1758,5367 1803,5367 1847,5367 1892,5364 1937,5364 1982,5364 2026,5367 2064,5367"/>
               <TextEquiv>
                  <Unicode>krankheiten“ sind. Und man muß diese „erste Generation“</Unicode>
               </TextEquiv>
            </TextLine>
            <TextEquiv>
               <Unicode/>
            </TextEquiv>
         </TextRegion>
         <TextRegion id="r" custom="readingOrder {index:2;}">
            <Coords points="2076,4162 2838,4162 2838,4253 2076,4253"/>
            <TextLine id="l" custom="readingOrder {index:0;}">
               <Coords points="2081,4193 2835,4193 2835,4163 2081,4163"/>
               <Baseline points="2081,4193 2835,4193"/>
               <TextEquiv>
                  <Unicode>der literarischen Bauernsöhne um ihres Einsatzwillens</Unicode>
               </TextEquiv>
            </TextLine>
            <TextLine id="l_7" custom="readingOrder {index:1;}">
               <Coords points="2081,4225 2172,4225 2172,4195 2081,4195"/>
               <Baseline points="2081,4225 2172,4225"/>
               <TextEquiv>
                  <Unicode>lieben!\:p\</Unicode>
               </TextEquiv>
            </TextLine>
            <TextLine id="l_11" custom="readingOrder {index:2;}">
               <Coords points="2434,4226 2812,4225 2812,4195 2434,4196"/>
               <Baseline points="2434,4226 2812,4225"/>
               <TextEquiv>
                  <Unicode>\g\Dr. Annemarie Clark.\:g\</Unicode>
               </TextEquiv>
            </TextLine>
            <TextEquiv>
               <Unicode/>
            </TextEquiv>
         </TextRegion>
      </Page>
   </PcGts>
</validation-wrapper>
