<?xml version="1.0" encoding="UTF-8"?>
<validation-wrapper>
   <PcGts xmlns="http://schema.primaresearch.org/PAGE/gts/pagecontent/2013-07-15">
      <Metadata>
         <Creator>prov=READ-COOP:name=PyLaia@TranskribusPlatform:version=2.47.0:model_id=39995:lm=none:date=25_06_2026_18:10</Creator>
         <Created>2026-06-25T17:58:44.406+02:00</Created>
         <LastChange>2026-06-30T08:05:05.145+02:00</LastChange>
         <TranskribusMetadata docId="17098039"
                              pageId="123237537"
                              pageNr="1"
                              userId="194245"
                              imgUrl="https://files.transkribus.eu/Get?fileType=view&amp;id=SLCRIQRWQSPFGJZEBIXSWYTI"
                              imageId="104803757"/>
      </Metadata>
      <Page imageFilename="smallform_0590_001.jpg"
            imageWidth="3611"
            imageHeight="4511">
         <TextRegion orientation="0.0" id="tr_1" custom="readingOrder {index:0;}">
            <Coords points="486,527 486,4262 3412,4262 3412,527"/>
            <TextLine id="tr_1_tl_1" custom="readingOrder {index:0;}">
               <Coords points="588,635 1633,632 1633,527 588,530"/>
               <Baseline points="588,600 640,600 692,597 744,600 797,599 849,599 901,600 953,600 1006,600 1058,599 1110,597 1162,598 1215,600 1267,600 1319,597 1371,600 1424,600 1476,600 1528,600 1580,600 1633,597"/>
               <TextEquiv>
                  <Unicode>Dr. Annemarie Schwarzenbach:</Unicode>
               </TextEquiv>
            </TextLine>
            <TextLine id="tr_1_tl_2"
                      custom="readingOrder {index:1;} textStyle {offset:0;length:20;underlined:true;}">
               <Coords points="1316,844 2140,850 2140,745 1316,739"/>
               <Baseline points="1316,809 1357,809 1398,811 1439,812 1480,814 1522,815 1563,817 1604,817 1645,815 1686,815 1728,815 1769,815 1810,815 1851,812 1892,815 1934,815 1975,815 2016,815 2057,815 2098,815 2140,815"/>
               <TextEquiv>
                  <Unicode>Die Jugend Portugals</Unicode>
               </TextEquiv>
            </TextLine>
            <TextLine id="tr_1_tl_3" custom="readingOrder {index:2;}">
               <Coords points="776,1123 3080,1144 3080,1042 2964,1033 776,1021"/>
               <Baseline points="776,1089 891,1098 1006,1098 1121,1101 1236,1101 1352,1101 1467,1101 1582,1101 1697,1098 1812,1101 1928,1101 2043,1101 2158,1101 2273,1101 2388,1101 2504,1103 2619,1101 2734,1102 2849,1101 2964,1101 3080,1110"/>
               <TextEquiv>
                  <Unicode>\p\– Man kann Portugal nicht lieben, ohne seine Jugend zu lieben,</Unicode>
               </TextEquiv>
            </TextLine>
            <TextLine id="tr_1_tl_4" custom="readingOrder {index:3;}">
               <Coords points="582,1266 3316,1272 3316,1170 582,1164"/>
               <Baseline points="582,1232 718,1238 855,1241 992,1241 1128,1239 1265,1241 1402,1243 1538,1241 1675,1247 1812,1244 1949,1244 2085,1241 2222,1244 2359,1241 2495,1241 2632,1241 2769,1241 2905,1241 3042,1244 3179,1241 3316,1238"/>
               <TextEquiv>
                  <Unicode>welche, wo immer man ihr begegnet, die besten und nobelsten Aspirationen</Unicode>
               </TextEquiv>
            </TextLine>
            <TextLine id="tr_1_tl_5" custom="readingOrder {index:4;}">
               <Coords points="573,1414 3167,1423 3167,1318 573,1309"/>
               <Baseline points="573,1379 702,1385 832,1388 962,1390 1091,1388 1221,1388 1351,1388 1480,1388 1610,1388 1740,1388 1870,1391 1999,1391 2129,1391 2259,1391 2388,1391 2518,1391 2648,1391 2777,1391 2907,1391 3037,1391 3167,1388"/>
               <TextEquiv>
                  <Unicode>des Werkes von Salazar zum lebensprühenden Ausdruck bringt. – Und wo</Unicode>
               </TextEquiv>
            </TextLine>
            <TextLine id="tr_1_tl_6" custom="readingOrder {index:5;}">
               <Coords points="588,1563 3280,1569 3280,1464 588,1458"/>
               <Baseline points="588,1528 722,1537 857,1534 991,1534 1126,1534 1261,1534 1395,1534 1530,1534 1664,1534 1799,1534 1934,1537 2068,1537 2203,1537 2337,1534 2472,1534 2607,1534 2741,1534 2876,1534 3010,1534 3145,1534 3280,1534"/>
               <TextEquiv>
                  <Unicode>begegnet man ihr nicht, dieser Jugend, – den Buben und Mädchen von Stadt</Unicode>
               </TextEquiv>
            </TextLine>
            <TextLine id="tr_1_tl_7" custom="readingOrder {index:6;}">
               <Coords points="570,1697 3167,1709 3167,1604 570,1592"/>
               <Baseline points="570,1662 699,1676 829,1677 959,1678 1089,1679 1219,1677 1349,1677 1478,1677 1608,1677 1738,1677 1868,1677 1998,1680 2128,1680 2258,1677 2387,1677 2517,1677 2647,1677 2777,1674 2907,1673 3037,1671 3167,1674"/>
               <TextEquiv>
                  <Unicode>und Land, aller Klassen und Altersstufen, welche die hübsche Uniform</Unicode>
               </TextEquiv>
            </TextLine>
            <TextLine id="tr_1_tl_8"
                      custom="readingOrder {index:7;} textStyle {offset:25;length:2;superscript:true;}">
               <Coords points="570,1847 3173,1850 3173,1745 570,1742"/>
               <Baseline points="570,1812 700,1821 830,1818 960,1821 1090,1821 1220,1821 1350,1823 1481,1822 1611,1821 1741,1824 1871,1824 2001,1824 2131,1824 2261,1821 2392,1823 2522,1821 2652,1822 2782,1823 2912,1821 3042,1815 3173,1815"/>
               <TextEquiv>
                  <Unicode>der "Mocidade Portuguesa"x) [Fussnote] tragen, und in ihren Zeltlagern, auf ihren</Unicode>
               </TextEquiv>
            </TextLine>
            <TextLine id="tr_1_tl_9" custom="readingOrder {index:8;}">
               <Coords points="591,2004 3307,1995 3307,1892 591,1901"/>
               <Baseline points="591,1970 726,1970 862,1970 998,1970 1134,1972 1270,1970 1405,1968 1541,1967 1677,1967 1813,1967 1949,1970 2084,1970 2220,1970 2356,1968 2492,1967 2628,1969 2763,1967 2899,1967 3035,1964 3171,1964 3307,1961"/>
               <TextEquiv>
                  <Unicode>Sportplatzen, in Segel-und Reitschulen, und in ihren "Zentren" zusammen¬</Unicode>
               </TextEquiv>
            </TextLine>
            <TextLine id="tr_1_tl_10" custom="readingOrder {index:9;}">
               <Coords points="579,2138 3352,2150 3352,2047 3213,2038 579,2035"/>
               <Baseline points="579,2104 717,2110 856,2110 994,2113 1133,2112 1272,2110 1410,2110 1549,2108 1688,2109 1826,2110 1965,2110 2104,2110 2242,2107 2381,2109 2520,2110 2658,2109 2797,2107 2936,2110 3074,2105 3213,2107 3352,2116"/>
               <TextEquiv>
                  <Unicode>kommen, um im gleichen humanen und christlichen Geist erzogen zu werden,</Unicode>
               </TextEquiv>
            </TextLine>
            <TextLine id="tr_1_tl_11" custom="readingOrder {index:10;}">
               <Coords points="570,2285 3161,2296 3161,2193 3031,2185 570,2182"/>
               <Baseline points="570,2251 699,2254 829,2254 958,2256 1088,2256 1217,2255 1347,2254 1476,2254 1606,2254 1735,2254 1865,2254 1995,2253 2124,2254 2254,2254 2383,2254 2513,2254 2642,2254 2772,2254 2901,2254 3031,2254 3161,2262"/>
               <TextEquiv>
                  <Unicode>welcher der politischen und sozialen Verfassung ihres Vaterlandes,</Unicode>
               </TextEquiv>
            </TextLine>
            <TextLine id="tr_1_tl_12" custom="readingOrder {index:11;}">
               <Coords points="570,2425 2689,2440 2689,2337 570,2322"/>
               <Baseline points="570,2391 681,2395 793,2397 904,2397 1016,2397 1127,2397 1239,2397 1350,2397 1462,2394 1573,2395 1685,2394 1796,2398 1908,2400 2019,2400 2131,2400 2242,2400 2354,2397 2465,2400 2577,2402 2689,2406"/>
               <TextEquiv>
                  <Unicode>des "Korporativen Staates" von Salazar, zugrunde liegt.\:p\</Unicode>
               </TextEquiv>
            </TextLine>
            <TextLine id="tr_1_tl_13" custom="readingOrder {index:12;}">
               <Coords points="585,2572 3355,2575 3355,2470 585,2467"/>
               <Baseline points="585,2537 723,2540 862,2544 1000,2541 1139,2543 1277,2541 1416,2543 1554,2543 1693,2543 1831,2549 1970,2543 2108,2546 2247,2546 2385,2545 2524,2548 2662,2545 2801,2543 2939,2543 3078,2543 3216,2543 3355,2540"/>
               <TextEquiv>
                  <Unicode>\p\Nach der vornehmsten Ueberzeugung des neuen Portugal und seiner verant¬</Unicode>
               </TextEquiv>
            </TextLine>
            <TextLine id="tr_1_tl_14" custom="readingOrder {index:13;}">
               <Coords points="600,2721 3245,2721 3245,2616 600,2616"/>
               <Baseline points="600,2686 732,2686 864,2686 996,2686 1129,2686 1261,2689 1393,2687 1525,2686 1658,2686 1790,2686 1922,2686 2054,2688 2187,2686 2319,2689 2451,2691 2583,2687 2716,2689 2848,2688 2980,2686 3112,2686 3245,2686"/>
               <TextEquiv>
                  <Unicode>wortlichen Männer muss die nationale Revolution in erster Linie eine</Unicode>
               </TextEquiv>
            </TextLine>
            <TextLine id="tr_1_tl_15" custom="readingOrder {index:14;}">
               <Coords points="644,2862 3289,2871 3289,2766 644,2757"/>
               <Baseline points="644,2827 776,2833 908,2833 1040,2833 1173,2830 1305,2830 1437,2830 1569,2832 1702,2833 1834,2833 1966,2833 2098,2833 2231,2833 2363,2833 2495,2833 2627,2833 2760,2833 2892,2832 3024,2830 3156,2833 3289,2836"/>
               <TextEquiv>
                  <Unicode>\g\moralische Revolution\:g\ sein. Salazar hat es immer wieder klar</Unicode>
               </TextEquiv>
            </TextLine>
            <TextLine id="tr_1_tl_16" custom="readingOrder {index:15;}">
               <Coords points="594,3010 3343,3004 3343,2901 594,2907"/>
               <Baseline points="594,2976 731,2975 868,2979 1006,2976 1143,2976 1281,2973 1418,2973 1556,2976 1693,2976 1831,2976 1968,2976 2105,2976 2243,2973 2380,2977 2518,2976 2655,2974 2793,2976 2930,2976 3068,2973 3205,2976 3343,2970"/>
               <TextEquiv>
                  <Unicode>gemacht, dass der Staat nur das politische Gerüst im Dienste der Gesell¬</Unicode>
               </TextEquiv>
            </TextLine>
            <TextLine id="tr_1_tl_17" custom="readingOrder {index:16;}">
               <Coords points="585,3150 3310,3150 3310,3047 585,3047"/>
               <Baseline points="585,3116 721,3119 857,3119 993,3122 1130,3120 1266,3121 1402,3122 1538,3119 1675,3120 1811,3119 1947,3122 2083,3119 2220,3122 2356,3119 2492,3119 2628,3119 2765,3116 2901,3119 3037,3119 3173,3116 3310,3116"/>
               <TextEquiv>
                  <Unicode>schaft und ihrer Bedürfnisse ist, und dass er alle natürlichen und tra¬</Unicode>
               </TextEquiv>
            </TextLine>
            <TextLine id="tr_1_tl_18" custom="readingOrder {index:17;}">
               <Coords points="582,3295 3334,3301 3334,3196 582,3190"/>
               <Baseline points="582,3260 719,3266 857,3266 994,3267 1132,3266 1270,3266 1407,3266 1545,3266 1682,3263 1820,3266 1958,3266 2095,3266 2233,3263 2370,3263 2508,3266 2646,3266 2783,3263 2921,3266 3058,3263 3196,3263 3334,3266"/>
               <TextEquiv>
                  <Unicode>ditionellen Elemente der Gesellscheft in sich begreifen muss. In diesem</Unicode>
               </TextEquiv>
            </TextLine>
            <TextLine id="tr_1_tl_19" custom="readingOrder {index:18;}">
               <Coords points="597,3441 3367,3447 3367,3342 597,3336"/>
               <Baseline points="597,3406 735,3409 874,3409 1012,3409 1151,3412 1289,3411 1428,3411 1566,3409 1705,3409 1843,3412 1982,3409 2120,3409 2259,3409 2397,3409 2536,3409 2674,3409 2813,3409 2951,3411 3090,3409 3228,3409 3367,3412"/>
               <TextEquiv>
                  <Unicode>Sinne schrieb ein bedeutender portugiesischer Erzieher unter dem Titel</Unicode>
               </TextEquiv>
            </TextLine>
            <TextLine id="tr_1_tl_20" custom="readingOrder {index:19;}">
               <Coords points="650,3581 3224,3587 3224,3482 650,3476"/>
               <Baseline points="650,3546 778,3552 907,3552 1036,3552 1164,3555 1293,3552 1422,3552 1550,3552 1679,3549 1808,3549 1937,3554 2065,3557 2194,3554 2323,3552 2451,3555 2580,3553 2709,3558 2837,3555 2966,3552 3095,3550 3224,3552"/>
               <TextEquiv>
                  <Unicode>"Was ist der Feind Nummer eins der Jugend Portugals'?", es gehöre zu</Unicode>
               </TextEquiv>
            </TextLine>
            <TextLine id="tr_1_tl_21" custom="readingOrder {index:20;}">
               <Coords points="582,3725 3328,3727 3328,3622 582,3620"/>
               <Baseline points="582,3690 719,3695 856,3698 993,3698 1131,3697 1268,3697 1405,3696 1543,3695 1680,3695 1817,3692 1955,3694 2092,3698 2229,3698 2366,3695 2504,3698 2641,3695 2778,3695 2916,3695 3053,3693 3190,3695 3328,3692"/>
               <TextEquiv>
                  <Unicode>den grundsätzlichen Irrtümern unserer Zeit, politische, oekonomische, und</Unicode>
               </TextEquiv>
            </TextLine>
            <TextLine id="tr_1_tl_22" custom="readingOrder {index:21;}">
               <Coords points="597,3873 3412,3879 3412,3776 597,3770"/>
               <Baseline points="597,3839 737,3845 878,3845 1019,3844 1160,3842 1300,3844 1441,3842 1582,3842 1723,3842 1863,3842 2004,3842 2145,3842 2286,3842 2426,3842 2567,3842 2708,3842 2849,3842 2989,3842 3130,3844 3271,3843 3412,3845"/>
               <TextEquiv>
                  <Unicode>soziale Systeme aufbauen zu wollen, ohne den Menschen zu erneuern, welcher</Unicode>
               </TextEquiv>
            </TextLine>
            <TextLine id="tr_1_tl_23" custom="readingOrder {index:22;}">
               <Coords points="585,4013 2860,4022 2860,3919 585,3910"/>
               <Baseline points="585,3979 698,3982 812,3985 926,3985 1040,3982 1153,3984 1267,3984 1381,3982 1495,3982 1608,3985 1722,3983 1836,3982 1950,3982 2063,3982 2177,3982 2291,3982 2405,3982 2518,3982 2632,3982 2746,3985 2860,3988"/>
               <TextEquiv>
                  <Unicode>der Tröger dieser Systeme ist, und dessen Leben sie dienen.\:p\</Unicode>
               </TextEquiv>
            </TextLine>
            <TextLine id="tr_1_tl_24" custom="readingOrder {index:23;}">
               <Coords points="486,4238 3104,4262 3104,4157 486,4133"/>
               <Baseline points="486,4203 616,4200 747,4197 878,4197 1009,4194 1140,4193 1271,4193 1402,4193 1533,4194 1664,4191 1795,4195 1925,4200 2056,4203 2187,4197 2318,4206 2449,4208 2580,4209 2711,4212 2842,4217 2973,4223 3104,4227"/>
               <TextEquiv>
                  <Unicode>x) Portugiesische Jugend, offizielle Bezeichnung der nationalen Jugendorganisation</Unicode>
               </TextEquiv>
            </TextLine>
            <TextEquiv>
               <Unicode/>
            </TextEquiv>
         </TextRegion>
      </Page>
   </PcGts>
   <PcGts xmlns="http://schema.primaresearch.org/PAGE/gts/pagecontent/2013-07-15">
      <Metadata>
         <Creator>prov=READ-COOP:name=PyLaia@TranskribusPlatform:version=2.47.0:model_id=39995:lm=none:date=25_06_2026_18:10</Creator>
         <Created>2026-06-25T17:58:44.520+02:00</Created>
         <LastChange>2026-06-30T08:46:40.702+02:00</LastChange>
         <TranskribusMetadata docId="17098039"
                              pageId="123237538"
                              pageNr="2"
                              userId="194245"
                              imgUrl="https://files.transkribus.eu/Get?fileType=view&amp;id=BFMXAJPVQMQUQOVFXAYELLDI"
                              imageId="104803758"/>
      </Metadata>
      <Page imageFilename="smallform_0590_002.jpg"
            imageWidth="3584"
            imageHeight="4493">
         <TextRegion orientation="0.0" id="tr_1" custom="readingOrder {index:0;}">
            <Coords points="540,154 540,4258 3358,4258 3358,154"/>
            <TextLine id="tr_1_tl_1" custom="readingOrder {index:0;}">
               <Coords points="1633,257 2570,269 2570,166 1633,154"/>
               <Baseline points="1633,223 1679,226 1726,229 1773,232 1820,233 1867,235 1914,235 1960,235 2007,235 2054,235 2101,235 2148,235 2195,235 2242,235 2288,235 2335,235 2382,237 2429,236 2476,235 2523,235 2570,235"/>
               <TextEquiv>
                  <Unicode>–2– (Die Jugend Portugals')</Unicode>
               </TextEquiv>
            </TextLine>
            <TextLine id="tr_1_tl_2" custom="readingOrder {index:1;}">
               <Coords points="555,621 3203,624 3203,525 555,522"/>
               <Baseline points="555,588 687,588 819,591 952,591 1084,591 1217,591 1349,594 1481,594 1614,594 1746,594 1879,593 2011,594 2143,594 2276,594 2408,594 2541,594 2673,594 2805,594 2938,594 3070,591 3203,591"/>
               <TextEquiv>
                  <Unicode>\p\Es versteht sich von selbst, dass in einem so humanitär orientierten</Unicode>
               </TextEquiv>
            </TextLine>
            <TextLine id="tr_1_tl_3" custom="readingOrder {index:2;}">
               <Coords points="561,755 3304,761 3304,662 561,656"/>
               <Baseline points="561,722 698,728 835,728 972,731 1109,728 1246,728 1383,729 1521,731 1658,731 1795,731 1932,734 2069,731 2206,731 2343,731 2481,728 2618,731 2755,734 2892,731 3029,731 3166,731 3304,728"/>
               <TextEquiv>
                  <Unicode>Staatswesen der Erziehung der Jugend die grösste Bedeutung beigemessen</Unicode>
               </TextEquiv>
            </TextLine>
            <TextLine id="tr_1_tl_4" custom="readingOrder {index:3;}">
               <Coords points="564,896 3271,905 3271,803 564,794"/>
               <Baseline points="564,862 699,871 834,871 970,868 1105,871 1240,871 1376,874 1511,874 1646,871 1782,874 1917,874 2052,874 2188,874 2323,874 2458,874 2594,874 2729,874 2864,877 3000,877 3135,877 3271,871"/>
               <TextEquiv>
                  <Unicode>wird, denn "die Jugend ist die Kraft unserer Zukunft". Aber so wie sich</Unicode>
               </TextEquiv>
            </TextLine>
            <TextLine id="tr_1_tl_5" custom="readingOrder {index:4;}">
               <Coords points="549,1040 3042,1049 3042,946 549,937"/>
               <Baseline points="549,1006 673,1015 798,1015 922,1015 1047,1015 1172,1018 1296,1018 1421,1017 1546,1015 1670,1018 1795,1020 1920,1021 2044,1022 2169,1021 2294,1021 2418,1021 2543,1021 2668,1021 2792,1021 2917,1018 3042,1015"/>
               <TextEquiv>
                  <Unicode>der autoritäre Staat des neuen Portugal grundsätzlich von einem</Unicode>
               </TextEquiv>
            </TextLine>
            <TextLine id="tr_1_tl_6" custom="readingOrder {index:5;}">
               <Coords points="561,1183 3292,1192 3292,1089 561,1080"/>
               <Baseline points="561,1149 697,1155 834,1155 970,1152 1107,1158 1243,1158 1380,1158 1516,1158 1653,1158 1789,1158 1926,1161 2063,1161 2199,1161 2336,1161 2472,1163 2609,1164 2745,1164 2882,1161 3018,1164 3155,1164 3292,1158"/>
               <TextEquiv>
                  <Unicode>totalitären Staat unterscheidet, – so übernimmt er auch in der Heranbil¬</Unicode>
               </TextEquiv>
            </TextLine>
            <TextLine id="tr_1_tl_7" custom="readingOrder {index:6;}">
               <Coords points="552,1323 3301,1335 3301,1232 552,1220"/>
               <Baseline points="552,1289 689,1298 826,1304 964,1301 1101,1303 1239,1304 1376,1303 1514,1302 1651,1306 1789,1307 1926,1307 2063,1306 2201,1307 2338,1307 2476,1307 2613,1307 2751,1307 2888,1306 3026,1307 3163,1307 3301,1301"/>
               <TextEquiv>
                  <Unicode>dung seiner Jugend die Führung, ohne jedoch andere, natürliche Einflüsse</Unicode>
               </TextEquiv>
            </TextLine>
            <TextLine id="tr_1_tl_8" custom="readingOrder {index:7;}">
               <Coords points="546,1478 3358,1481 3358,1379 546,1376"/>
               <Baseline points="546,1444 686,1447 827,1447 967,1448 1108,1449 1249,1450 1389,1450 1530,1447 1670,1447 1811,1450 1952,1453 2092,1453 2233,1453 2373,1453 2514,1450 2655,1453 2795,1453 2936,1452 3076,1453 3217,1451 3358,1447"/>
               <TextEquiv>
                  <Unicode>zu verneinen oder gar zu bekämpfen. Der Nationale Kommissar der Portugie¬</Unicode>
               </TextEquiv>
            </TextLine>
            <TextLine id="tr_1_tl_9" custom="readingOrder {index:8;}">
               <Coords points="555,1616 3283,1628 3283,1526 555,1514"/>
               <Baseline points="555,1582 691,1591 827,1591 964,1594 1100,1594 1237,1594 1373,1594 1509,1594 1646,1594 1782,1594 1919,1595 2055,1597 2191,1600 2328,1600 2464,1600 2601,1602 2737,1600 2873,1600 3010,1600 3146,1600 3283,1594"/>
               <TextEquiv>
                  <Unicode>sischen Jugend, Professor Marcelo Caetano, hat dies sehr deutlich formu¬</Unicode>
               </TextEquiv>
            </TextLine>
            <TextLine id="tr_1_tl_10" custom="readingOrder {index:9;}">
               <Coords points="540,1753 3295,1771 3295,1669 540,1651"/>
               <Baseline points="540,1719 677,1728 815,1731 953,1734 1091,1734 1228,1734 1366,1734 1504,1734 1642,1737 1779,1736 1917,1737 2055,1737 2193,1740 2330,1740 2468,1740 2606,1740 2744,1739 2881,1737 3019,1738 3157,1742 3295,1737"/>
               <TextEquiv>
                  <Unicode>liert "notre but est de compléter l'action de la famille, de l'école, et</Unicode>
               </TextEquiv>
            </TextLine>
            <TextLine id="tr_1_tl_11" custom="readingOrder {index:10;}">
               <Coords points="549,1908 3191,1917 3191,1814 549,1805"/>
               <Baseline points="549,1874 681,1877 813,1880 945,1883 1077,1881 1209,1883 1341,1883 1473,1883 1605,1881 1737,1882 1870,1883 2002,1883 2134,1886 2266,1886 2398,1886 2530,1889 2662,1889 2794,1889 2926,1889 3058,1886 3191,1883"/>
               <TextEquiv>
                  <Unicode>de l'église pour \g\former des hommes\:g\", – und weiter: "Elle</Unicode>
               </TextEquiv>
            </TextLine>
            <TextLine id="tr_1_tl_12" custom="readingOrder {index:11;}">
               <Coords points="579,2055 3152,2070 3152,1967 579,1952"/>
               <Baseline points="579,2021 707,2024 836,2026 964,2025 1093,2027 1222,2028 1350,2029 1479,2030 1608,2030 1736,2030 1865,2032 1994,2033 2122,2033 2251,2033 2380,2032 2508,2033 2637,2033 2766,2033 2894,2033 3023,2033 3152,2036"/>
               <TextEquiv>
                  <Unicode>(die 'Mocidade Portuguesa') prétend être un mouvement de formation</Unicode>
               </TextEquiv>
            </TextLine>
            <TextLine id="tr_1_tl_13" custom="readingOrder {index:12;}">
               <Coords points="558,2198 3230,2207 3230,2104 558,2095"/>
               <Baseline points="558,2164 691,2170 825,2173 958,2170 1092,2170 1226,2170 1359,2173 1493,2173 1626,2173 1760,2176 1894,2176 2027,2176 2161,2176 2294,2176 2428,2173 2562,2175 2695,2179 2829,2178 2962,2179 3096,2177 3230,2173"/>
               <TextEquiv>
                  <Unicode>intégrale, non d'éducation totalitaire". Das Wort "hommes de caractère"</Unicode>
               </TextEquiv>
            </TextLine>
            <TextLine id="tr_1_tl_14" custom="readingOrder {index:13;}">
               <Coords points="543,2338 3260,2359 3260,2256 543,2235"/>
               <Baseline points="543,2304 678,2313 814,2316 950,2313 1086,2316 1222,2316 1358,2316 1493,2316 1629,2316 1765,2319 1901,2318 2037,2319 2173,2322 2309,2322 2444,2322 2580,2322 2716,2325 2852,2325 2988,2325 3124,2325 3260,2325"/>
               <TextEquiv>
                  <Unicode>kehrt in den Erklärungen von Professor Caetano immer wieder. Für diese</Unicode>
               </TextEquiv>
            </TextLine>
            <TextLine id="tr_1_tl_15" custom="readingOrder {index:14;}">
               <Coords points="540,2492 3233,2501 3233,2401 540,2392"/>
               <Baseline points="540,2459 674,2465 809,2465 943,2462 1078,2462 1213,2462 1347,2462 1482,2465 1617,2462 1751,2462 1886,2465 2021,2468 2155,2465 2290,2471 2425,2468 2559,2468 2694,2468 2829,2468 2963,2468 3098,2468 3233,2468"/>
               <TextEquiv>
                  <Unicode>Aufgabe, die sich der Staat gestellt hat, seine Jugend zu "Männern von</Unicode>
               </TextEquiv>
            </TextLine>
            <TextLine id="tr_1_tl_16" custom="readingOrder {index:15;}">
               <Coords points="546,2627 3152,2642 3152,2542 546,2527"/>
               <Baseline points="546,2594 676,2606 806,2604 936,2601 1067,2606 1197,2606 1327,2606 1458,2606 1588,2606 1718,2606 1849,2606 1979,2606 2109,2612 2239,2612 2370,2612 2500,2612 2630,2615 2761,2612 2891,2612 3021,2612 3152,2609"/>
               <TextEquiv>
                  <Unicode>Charakter" zu erziehen, hat er die Organisation der Portugiesischen</Unicode>
               </TextEquiv>
            </TextLine>
            <TextLine id="tr_1_tl_17" custom="readingOrder {index:16;}">
               <Coords points="552,2777 3191,2789 3191,2686 552,2674"/>
               <Baseline points="552,2743 690,2749 829,2749 968,2749 1107,2749 1246,2750 1385,2747 1524,2749 1663,2749 1802,2752 1940,2755 2079,2755 2218,2757 2357,2759 2496,2758 2635,2758 2774,2759 2913,2761 3052,2761 3191,2755"/>
               <TextEquiv>
                  <Unicode>Jugend geschaffen: die "Mocidade Portuguesa", und hat sie den Kindern</Unicode>
               </TextEquiv>
            </TextLine>
            <TextLine id="tr_1_tl_18" custom="readingOrder {index:17;}">
               <Coords points="558,2920 1812,2929 1812,2826 558,2817"/>
               <Baseline points="558,2886 620,2889 683,2891 746,2892 808,2892 871,2892 934,2891 996,2889 1059,2892 1122,2892 1185,2889 1247,2892 1310,2892 1373,2892 1435,2892 1498,2892 1561,2892 1623,2892 1686,2893 1749,2895 1812,2895"/>
               <TextEquiv>
                  <Unicode>Portugals' zum Geschenk gemacht.\:p\</Unicode>
               </TextEquiv>
            </TextLine>
            <TextLine id="tr_1_tl_19" custom="readingOrder {index:18;}">
               <Coords points="558,3064 3277,3079 3277,2977 558,2962"/>
               <Baseline points="558,3030 701,3034 844,3036 987,3036 1130,3036 1273,3039 1416,3039 1559,3039 1702,3039 1845,3042 1989,3045 2132,3045 2275,3046 2418,3048 2561,3045 2704,3045 2847,3048 2990,3049 3133,3049 3277,3045"/>
               <TextEquiv>
                  <Unicode>\p\Diese nationale Organisation ist obligatorisch für die Kinder bis zum</Unicode>
               </TextEquiv>
            </TextLine>
            <TextLine id="tr_1_tl_20" custom="readingOrder {index:19;}">
               <Coords points="552,3204 3143,3219 3143,3117 552,3102"/>
               <Baseline points="552,3170 681,3176 811,3179 940,3179 1070,3179 1199,3180 1329,3179 1458,3179 1588,3179 1717,3179 1847,3179 1977,3184 2106,3185 2236,3182 2365,3185 2495,3185 2624,3185 2754,3186 2883,3188 3013,3185 3143,3185"/>
               <TextEquiv>
                  <Unicode>14. Jahr und ist in vier Altersklassen eingeteilt: die "Lusitos" bis</Unicode>
               </TextEquiv>
            </TextLine>
            <TextLine id="tr_1_tl_21" custom="readingOrder {index:20;}">
               <Coords points="555,3347 3152,3359 3152,3256 555,3244"/>
               <Baseline points="555,3313 684,3322 814,3325 944,3325 1074,3325 1204,3325 1334,3325 1463,3322 1593,3323 1723,3328 1853,3325 1983,3331 2113,3330 2243,3331 2372,3334 2502,3334 2632,3334 2762,3333 2892,3332 3022,3331 3152,3325"/>
               <TextEquiv>
                  <Unicode>zum 10. Jahr, die "Infantes" bis zum 14., die "Vanguardistas" bis zum</Unicode>
               </TextEquiv>
            </TextLine>
            <TextLine id="tr_1_tl_22" custom="readingOrder {index:21;}">
               <Coords points="561,3488 3274,3511 3274,3408 561,3385"/>
               <Baseline points="561,3454 696,3463 832,3466 967,3466 1103,3466 1239,3466 1374,3466 1510,3469 1646,3466 1781,3467 1917,3470 2053,3474 2188,3474 2324,3474 2460,3473 2595,3477 2731,3477 2867,3477 3002,3477 3138,3477 3274,3477"/>
               <TextEquiv>
                  <Unicode>16., und die "Cadetes" bis zum 21. Altersjahr. Die "Cadetes" absolvieren</Unicode>
               </TextEquiv>
            </TextLine>
            <TextLine id="tr_1_tl_23" custom="readingOrder {index:22;}">
               <Coords points="543,3628 3230,3652 3230,3549 543,3525"/>
               <Baseline points="543,3594 677,3606 811,3606 946,3609 1080,3609 1214,3609 1349,3612 1483,3609 1617,3612 1752,3612 1886,3618 2020,3615 2155,3615 2289,3621 2423,3621 2558,3624 2692,3621 2826,3624 2961,3624 3095,3621 3230,3618"/>
               <TextEquiv>
                  <Unicode>dann den Militärdienst, und können gleichzeitig in die portugiesische</Unicode>
               </TextEquiv>
            </TextLine>
            <TextLine id="tr_1_tl_24" custom="readingOrder {index:23;}">
               <Coords points="555,3777 1229,3783 1229,3680 555,3674"/>
               <Baseline points="555,3743 588,3745 622,3746 656,3747 689,3749 723,3749 757,3751 790,3752 824,3752 858,3752 892,3752 925,3752 959,3752 993,3752 1026,3752 1060,3752 1094,3752 1127,3752 1161,3752 1195,3752 1229,3749"/>
               <TextEquiv>
                  <Unicode>Legion eintreten.\:p\</Unicode>
               </TextEquiv>
            </TextLine>
            <TextLine id="tr_1_tl_25" custom="readingOrder {index:24;}">
               <Coords points="558,3920 3328,3944 3328,3841 558,3817"/>
               <Baseline points="558,3886 696,3889 835,3892 973,3898 1112,3895 1250,3895 1389,3895 1527,3895 1666,3898 1804,3901 1943,3901 2081,3904 2220,3904 2358,3907 2497,3907 2635,3907 2774,3908 2912,3910 3051,3910 3189,3910 3328,3910"/>
               <TextEquiv>
                  <Unicode>Die Leitung der Nationalen Jugend untersteht dem Erziehungsministerium,</Unicode>
               </TextEquiv>
            </TextLine>
            <TextLine id="tr_1_tl_26" custom="readingOrder {index:25;}">
               <Coords points="546,4061 3304,4088 3304,3985 546,3958"/>
               <Baseline points="546,4027 683,4033 821,4033 959,4039 1097,4039 1235,4039 1373,4039 1511,4039 1649,4041 1787,4042 1925,4044 2062,4045 2200,4048 2338,4051 2476,4048 2614,4049 2752,4052 2890,4054 3028,4054 3166,4055 3304,4054"/>
               <TextEquiv>
                  <Unicode>und befindet sich in den Händen eines Nationalen Kommissariats, welches</Unicode>
               </TextEquiv>
            </TextLine>
            <TextLine id="tr_1_tl_27" custom="readingOrder {index:26;}">
               <Coords points="552,4204 3077,4252 3077,4149 552,4101"/>
               <Baseline points="552,4170 678,4179 804,4182 930,4183 1057,4185 1183,4188 1309,4188 1435,4188 1562,4191 1688,4194 1814,4195 1940,4194 2067,4197 2193,4205 2319,4209 2445,4212 2572,4212 2698,4215 2824,4220 2950,4224 3077,4218"/>
               <TextEquiv>
                  <Unicode>drei Mitglieder hat: den Nationalen Kommissar, Professor Caetano,–</Unicode>
               </TextEquiv>
            </TextLine>
            <TextEquiv>
               <Unicode/>
            </TextEquiv>
         </TextRegion>
      </Page>
   </PcGts>
   <PcGts xmlns="http://schema.primaresearch.org/PAGE/gts/pagecontent/2013-07-15">
      <Metadata>
         <Creator>prov=READ-COOP:name=PyLaia@TranskribusPlatform:version=2.47.0:model_id=39995:lm=none:date=25_06_2026_18:10</Creator>
         <Created>2026-06-25T17:58:44.629+02:00</Created>
         <LastChange>2026-06-30T08:55:38.287+02:00</LastChange>
         <TranskribusMetadata docId="17098039"
                              pageId="123237539"
                              pageNr="3"
                              userId="194245"
                              imgUrl="https://files.transkribus.eu/Get?fileType=view&amp;id=NDIPKTTRMNCDINNFSBXLBXUA"
                              imageId="104803759"/>
      </Metadata>
      <Page imageFilename="smallform_0590_003.jpg"
            imageWidth="3611"
            imageHeight="4511">
         <TextRegion orientation="0.0" id="tr_1" custom="readingOrder {index:0;}">
            <Coords points="606,200 606,4417 3472,4417 3472,200"/>
            <TextLine id="tr_1_tl_1" custom="readingOrder {index:0;}">
               <Coords points="1585,297 2552,312 2552,215 1585,200"/>
               <Baseline points="1585,265 1633,268 1681,265 1730,269 1778,271 1826,272 1875,274 1923,274 1971,274 2020,276 2068,277 2116,277 2165,280 2213,280 2261,280 2310,281 2358,283 2406,283 2455,283 2503,285 2552,280"/>
               <TextEquiv>
                  <Unicode>–3– (Die Jugend Portugals)</Unicode>
               </TextEquiv>
            </TextLine>
            <TextLine id="tr_1_tl_3" custom="readingOrder {index:1;}">
               <Coords points="632,573 3340,600 3340,537 632,510"/>
               <Baseline points="632,552 767,555 902,558 1038,558 1173,561 1309,564 1444,567 1579,567 1715,568 1850,570 1986,570 2121,573 2256,574 2392,576 2527,576 2663,579 2798,581 2933,581 3069,579 3204,579 3340,579"/>
               <TextEquiv>
                  <Unicode>den Sekretär-Inspektor, Dr. Soares [add above line: (Soares)] Franco, welchen man als die exekutive</Unicode>
               </TextEquiv>
            </TextLine>
            <TextLine id="tr_1_tl_4" custom="readingOrder {index:2;}">
               <Coords points="632,727 3233,766 3233,669 3102,657 632,630"/>
               <Baseline points="632,695 762,698 892,701 1022,701 1152,703 1282,706 1412,707 1542,709 1672,710 1802,710 1932,710 2062,716 2192,716 2322,718 2452,719 2582,722 2712,723 2842,725 2972,725 3102,722 3233,734"/>
               <TextEquiv>
                  <Unicode>Gewalt bezeichnen kann, und den Kommandanten der Miliz, Major Vilar,</Unicode>
               </TextEquiv>
            </TextLine>
            <TextLine id="tr_1_tl_5" custom="readingOrder {index:3;}">
               <Coords points="617,867 3224,900 3224,803 617,770"/>
               <Baseline points="617,835 747,844 877,846 1008,844 1138,847 1268,850 1399,853 1529,854 1659,856 1790,853 1920,859 2050,859 2181,859 2311,862 2441,862 2572,865 2702,867 2832,867 2963,867 3093,868 3224,868"/>
               <TextEquiv>
                  <Unicode>welcher die letzten Jahrgänge der "Cadetes" im Milizdienst für den</Unicode>
               </TextEquiv>
            </TextLine>
            <TextLine id="tr_1_tl_6" custom="readingOrder {index:4;}">
               <Coords points="623,1017 2003,1038 2003,941 623,920"/>
               <Baseline points="623,985 692,988 761,988 830,988 899,988 968,990 1037,992 1106,994 1175,994 1244,994 1313,997 1382,997 1451,997 1520,1000 1589,998 1658,1000 1727,1000 1796,1000 1865,1000 1934,1003 2003,1006"/>
               <TextEquiv>
                  <Unicode>späteren Militardienst vorbereitet.</Unicode>
               </TextEquiv>
            </TextLine>
            <TextLine id="tr_1_tl_7" custom="readingOrder {index:5;}">
               <Coords points="629,1157 3173,1190 3173,1093 629,1060"/>
               <Baseline points="629,1125 756,1131 883,1136 1010,1137 1137,1140 1265,1143 1392,1143 1519,1143 1646,1143 1773,1146 1901,1149 2028,1149 2155,1152 2282,1152 2409,1153 2537,1152 2664,1153 2791,1155 2918,1155 3045,1155 3173,1158"/>
               <TextEquiv>
                  <Unicode>\p\Die Aktivitäten der Nationalen Jugend sind in sieben verschiedene</Unicode>
               </TextEquiv>
            </TextLine>
            <TextLine id="tr_1_tl_8" custom="readingOrder {index:6;}">
               <Coords points="620,1303 3221,1333 3221,1236 620,1206"/>
               <Baseline points="620,1271 750,1277 880,1280 1010,1283 1140,1284 1270,1286 1400,1286 1530,1286 1660,1287 1790,1289 1920,1289 2050,1292 2180,1292 2310,1295 2440,1295 2570,1295 2700,1298 2830,1299 2960,1299 3090,1301 3221,1301"/>
               <TextEquiv>
                  <Unicode>Dienste eingeteilt, welche Allgemeininstruktion für Campieren, Segel¬</Unicode>
               </TextEquiv>
            </TextLine>
            <TextLine id="tr_1_tl_9" custom="readingOrder {index:7;}">
               <Coords points="629,1453 3146,1476 3146,1379 629,1356"/>
               <Baseline points="629,1421 754,1424 880,1427 1006,1428 1132,1430 1258,1427 1384,1430 1509,1432 1635,1433 1761,1434 1887,1435 2013,1435 2139,1438 2265,1440 2390,1448 2516,1444 2642,1444 2768,1441 2894,1441 3020,1444 3146,1444"/>
               <TextEquiv>
                  <Unicode>fliegen, körperliche und sportliche Erziehung, gesundheitliche und</Unicode>
               </TextEquiv>
            </TextLine>
            <TextLine id="tr_1_tl_10" custom="readingOrder {index:8;}">
               <Coords points="629,1602 3263,1626 3263,1529 629,1505"/>
               <Baseline points="629,1570 760,1567 892,1573 1024,1573 1155,1573 1287,1573 1419,1576 1550,1574 1682,1576 1814,1577 1946,1580 2077,1579 2209,1582 2341,1585 2472,1585 2604,1588 2736,1594 2867,1591 2999,1588 3131,1594 3263,1594"/>
               <TextEquiv>
                  <Unicode>speziell sportsmedizinische Auswahl und Ueberwachung, moralische und</Unicode>
               </TextEquiv>
            </TextLine>
            <TextLine id="tr_1_tl_11" custom="readingOrder {index:9;}">
               <Coords points="671,1739 3358,1769 3358,1672 671,1642"/>
               <Baseline points="671,1707 805,1713 939,1713 1074,1713 1208,1716 1342,1719 1477,1719 1611,1719 1745,1722 1880,1722 2014,1725 2148,1728 2283,1728 2417,1731 2551,1731 2686,1734 2820,1734 2954,1734 3089,1734 3223,1737 3358,1737"/>
               <TextEquiv>
                  <Unicode>politische Bildung einschliessen. Unter den Sportsarten sind Turnen und</Unicode>
               </TextEquiv>
            </TextLine>
            <TextLine id="tr_1_tl_12" custom="readingOrder {index:10;}">
               <Coords points="626,1866 3439,1902 3439,1853 626,1817"/>
               <Baseline points="626,1850 766,1850 907,1856 1047,1862 1188,1862 1329,1862 1469,1865 1610,1865 1751,1862 1891,1865 2032,1868 2173,1873 2313,1877 2454,1877 2595,1877 2735,1880 2876,1880 3017,1879 3157,1880 3298,1883 3439,1886"/>
               <TextEquiv>
                  <Unicode>Reiten obligatorisch, andere wie Fechten, Segeln, Fussball, sind fakultativ.</Unicode>
               </TextEquiv>
            </TextLine>
            <TextLine id="tr_1_tl_14"
                      custom="readingOrder {index:11;} textStyle {offset:0;length:3;strikethrough:true;}">
               <Coords points="629,2012 3340,2048 3340,1994 629,1958"/>
               <Baseline points="629,1994 764,1997 900,2000 1035,2003 1171,2006 1306,2009 1442,2009 1577,2006 1713,2009 1848,2012 1984,2012 2120,2015 2255,2018 2391,2021 2526,2018 2662,2021 2797,2024 2933,2027 3068,2024 3204,2027 3340,2030"/>
               <TextEquiv>
                  <Unicode>Sie[add above: Letztere] bleiben den jungen Leuten über 14 Jahren vorbehalten, die sich, vom</Unicode>
               </TextEquiv>
            </TextLine>
            <TextLine id="tr_1_tl_15" custom="readingOrder {index:12;}">
               <Coords points="615,2175 3298,2202 3298,2105 615,2078"/>
               <Baseline points="615,2143 749,2146 883,2146 1017,2149 1151,2152 1285,2152 1419,2152 1554,2158 1688,2155 1822,2155 1956,2158 2090,2161 2224,2164 2358,2164 2493,2167 2627,2167 2761,2170 2895,2167 3029,2170 3163,2173 3298,2170"/>
               <TextEquiv>
                  <Unicode>Arzt beraten, auf einen Sport spezialisieren. Es ist nicht selten, dass</Unicode>
               </TextEquiv>
            </TextLine>
            <TextLine id="tr_1_tl_16" custom="readingOrder {index:13;}">
               <Coords points="612,2321 3433,2354 3433,2257 612,2224"/>
               <Baseline points="612,2289 753,2289 894,2290 1035,2293 1176,2292 1317,2295 1458,2292 1599,2295 1740,2298 1881,2299 2022,2301 2163,2304 2304,2308 2445,2307 2586,2310 2727,2310 2868,2312 3009,2315 3150,2316 3291,2316 3433,2322"/>
               <TextEquiv>
                  <Unicode>junge Avantgardisten und Kadetten in Springkonkurrenzen Preise gewinnen,</Unicode>
               </TextEquiv>
            </TextLine>
            <TextLine id="tr_1_tl_17" custom="readingOrder {index:14;}">
               <Coords points="615,2456 3379,2497 3379,2400 615,2359"/>
               <Baseline points="615,2424 753,2430 891,2433 1029,2436 1167,2436 1306,2437 1444,2439 1582,2442 1720,2445 1858,2445 1997,2448 2135,2451 2273,2451 2411,2454 2549,2454 2688,2457 2826,2457 2964,2457 3102,2460 3240,2460 3379,2465"/>
               <TextEquiv>
                  <Unicode>und Segler der Nationalen Jugend haben in internationalen Konkurrenzen</Unicode>
               </TextEquiv>
            </TextLine>
            <TextLine id="tr_1_tl_18" custom="readingOrder {index:15;}">
               <Coords points="609,2593 3286,2635 3286,2538 609,2496"/>
               <Baseline points="609,2561 742,2570 876,2576 1010,2579 1144,2582 1278,2585 1412,2585 1545,2582 1679,2585 1813,2588 1947,2591 2081,2591 2215,2594 2349,2594 2482,2597 2616,2597 2750,2600 2884,2600 3018,2600 3152,2602 3286,2603"/>
               <TextEquiv>
                  <Unicode>Siege davongetragen. Die kleinsten Segler bauen ihre Schiffe selbst, –</Unicode>
               </TextEquiv>
            </TextLine>
            <TextLine id="tr_1_tl_19" custom="readingOrder {index:16;}">
               <Coords points="629,2745 3445,2778 3445,2681 629,2648"/>
               <Baseline points="629,2713 769,2716 910,2719 1051,2722 1192,2724 1333,2723 1473,2731 1614,2731 1755,2734 1896,2734 2037,2737 2177,2737 2318,2742 2459,2743 2600,2743 2741,2749 2881,2748 3022,2749 3163,2748 3304,2749 3445,2746"/>
               <TextEquiv>
                  <Unicode>und üben sich auf der Tajo-Bucht, während die Aelteren jährlich auf einem</Unicode>
               </TextEquiv>
            </TextLine>
            <TextLine id="tr_1_tl_20" custom="readingOrder {index:17;}">
               <Coords points="617,2895 3248,2921 3248,2824 617,2798"/>
               <Baseline points="617,2863 748,2860 880,2866 1011,2863 1143,2868 1274,2868 1406,2869 1537,2871 1669,2872 1800,2871 1932,2874 2064,2878 2195,2881 2327,2888 2458,2886 2590,2886 2721,2886 2853,2889 2984,2892 3116,2890 3248,2889"/>
               <TextEquiv>
                  <Unicode>prachtigen Segel-Schulschiff in See stechen, und so einmal sogar die</Unicode>
               </TextEquiv>
            </TextLine>
            <TextLine id="tr_1_tl_21" custom="readingOrder {index:18;}">
               <Coords points="612,3029 1441,3044 1441,2947 612,2932"/>
               <Baseline points="612,2997 653,3000 694,3000 736,3002 777,3005 819,3006 860,3006 902,3006 943,3006 985,3006 1026,3007 1067,3009 1109,3009 1150,3012 1192,3012 1233,3012 1275,3012 1316,3012 1358,3012 1399,3012 1441,3012"/>
               <TextEquiv>
                  <Unicode>Azoren besucht haben.\:p\</Unicode>
               </TextEquiv>
            </TextLine>
            <TextLine id="tr_1_tl_22" custom="readingOrder {index:19;}">
               <Coords points="606,3166 3224,3211 3224,3114 606,3069"/>
               <Baseline points="606,3134 736,3145 867,3149 998,3149 1129,3152 1260,3155 1391,3158 1522,3159 1653,3158 1784,3158 1915,3162 2045,3167 2176,3170 2307,3170 2438,3173 2569,3173 2700,3176 2831,3176 2962,3176 3093,3178 3224,3179"/>
               <TextEquiv>
                  <Unicode>Die "Mocidade Portuguesa" hat ihren Sitz in Lissabon im prächtigen</Unicode>
               </TextEquiv>
            </TextLine>
            <TextLine id="tr_1_tl_23" custom="readingOrder {index:20;}">
               <Coords points="612,3312 3063,3354 3063,3257 612,3215"/>
               <Baseline points="612,3280 734,3288 857,3293 979,3295 1102,3298 1224,3301 1347,3302 1469,3304 1592,3304 1714,3306 1837,3307 1960,3310 2082,3319 2205,3316 2327,3318 2450,3319 2572,3318 2695,3318 2817,3319 2940,3319 3063,3322"/>
               <TextEquiv>
                  <Unicode>Palacio da Independencia, den ihr die portugiesische Kolonie in</Unicode>
               </TextEquiv>
            </TextLine>
            <TextLine id="tr_1_tl_24" custom="readingOrder {index:21;}">
               <Coords points="609,3462 3236,3498 3236,3401 609,3365"/>
               <Baseline points="609,3430 740,3436 871,3436 1003,3439 1134,3442 1265,3444 1397,3448 1528,3448 1659,3446 1791,3449 1922,3454 2053,3457 2185,3459 2316,3457 2447,3460 2579,3460 2710,3463 2841,3463 2973,3463 3104,3466 3236,3466"/>
               <TextEquiv>
                  <Unicode>Brasilien zum Geschenk gemacht hat. Dort haben die Jugendführer ihre</Unicode>
               </TextEquiv>
            </TextLine>
            <TextLine id="tr_1_tl_25" custom="readingOrder {index:22;}">
               <Coords points="612,3605 3188,3638 3188,3541 612,3508"/>
               <Baseline points="612,3573 740,3579 869,3581 998,3579 1127,3584 1256,3585 1384,3591 1513,3591 1642,3591 1771,3594 1900,3597 2028,3600 2157,3600 2286,3602 2415,3600 2544,3600 2672,3603 2801,3606 2930,3606 3059,3609 3188,3606"/>
               <TextEquiv>
                  <Unicode>Arbeitsräume und Sitzungszimmer, und kleine "Infantes" versehen Tür-</Unicode>
               </TextEquiv>
            </TextLine>
            <TextLine id="tr_1_tl_26"
                      custom="readingOrder {index:23;} textStyle {offset:43;length:3;strikethrough:true;}">
               <Coords points="609,3742 3361,3796 3361,3699 3223,3688 609,3645"/>
               <Baseline points="609,3710 746,3722 884,3722 1021,3722 1159,3728 1297,3730 1434,3734 1572,3734 1709,3734 1847,3739 1985,3742 2122,3743 2260,3743 2397,3743 2535,3746 2673,3746 2810,3749 2948,3749 3085,3749 3223,3753 3361,3764"/>
               <TextEquiv>
                  <Unicode>hüter- Wache- und Botendienste. Und so wie die ihre Uniform – grüne Hemden,</Unicode>
               </TextEquiv>
            </TextLine>
            <TextLine id="tr_1_tl_27" custom="readingOrder {index:24;}">
               <Coords points="612,3898 3367,3936 3367,3839 612,3801"/>
               <Baseline points="612,3866 749,3866 887,3869 1025,3870 1163,3873 1300,3876 1438,3881 1576,3878 1714,3881 1851,3886 1989,3888 2127,3890 2265,3893 2402,3890 2540,3893 2678,3895 2816,3895 2953,3900 3091,3898 3229,3898 3367,3904"/>
               <TextEquiv>
                  <Unicode>braune Jacke und Hose, und Stiefel, – auf die Uniform der portugiesischen</Unicode>
               </TextEquiv>
            </TextLine>
            <TextLine id="tr_1_tl_28" custom="readingOrder {index:25;}">
               <Coords points="617,4044 3334,4077 3334,3980 617,3947"/>
               <Baseline points="617,4012 752,4015 888,4018 1024,4018 1160,4021 1296,4021 1432,4024 1567,4024 1703,4025 1839,4028 1975,4031 2111,4035 2247,4036 2383,4035 2518,4035 2654,4037 2790,4039 2926,4039 3062,4042 3198,4042 3334,4045"/>
               <TextEquiv>
                  <Unicode>Legion in den Tagen Napoleons zurückgeht, so ist auch "ihr" Palast ein</Unicode>
               </TextEquiv>
            </TextLine>
            <TextLine id="tr_1_tl_29" custom="readingOrder {index:26;}">
               <Coords points="609,4187 3472,4223 3472,4126 609,4090"/>
               <Baseline points="609,4155 752,4164 895,4163 1038,4164 1181,4164 1324,4167 1467,4171 1611,4174 1754,4176 1897,4176 2040,4176 2183,4176 2326,4182 2469,4182 2613,4185 2756,4185 2899,4188 3042,4188 3185,4191 3328,4192 3472,4191"/>
               <TextEquiv>
                  <Unicode>Zeugnis und Symbol der portugiesischen Geschichte: von diesem Privatpalais</Unicode>
               </TextEquiv>
            </TextLine>
            <TextEquiv>
               <Unicode/>
            </TextEquiv>
         </TextRegion>
      </Page>
   </PcGts>
   <PcGts xmlns="http://schema.primaresearch.org/PAGE/gts/pagecontent/2013-07-15">
      <Metadata>
         <Creator>prov=READ-COOP:name=PyLaia@TranskribusPlatform:version=2.47.0:model_id=39995:lm=none:date=25_06_2026_18:10</Creator>
         <Created>2026-06-25T17:58:44.741+02:00</Created>
         <LastChange>2026-06-30T09:00:03.204+02:00</LastChange>
         <TranskribusMetadata docId="17098039"
                              pageId="123237540"
                              pageNr="4"
                              userId="194245"
                              imgUrl="https://files.transkribus.eu/Get?fileType=view&amp;id=JOERKLCLNUDLJXYCDRHOVOJG"
                              imageId="104803760"/>
      </Metadata>
      <Page imageFilename="smallform_0590_004.jpg"
            imageWidth="3602"
            imageHeight="4520">
         <TextRegion orientation="0.0" id="tr_1" custom="readingOrder {index:0;}">
            <Coords points="540,202 540,4312 3466,4312 3466,202"/>
            <TextLine id="tr_1_tl_1" custom="readingOrder {index:0;}">
               <Coords points="1576,305 2543,317 2543,214 1576,202"/>
               <Baseline points="1576,271 1624,274 1672,274 1721,277 1769,278 1817,280 1866,281 1914,283 1962,283 2011,285 2059,286 2107,286 2156,286 2204,286 2252,286 2301,286 2349,286 2397,286 2446,285 2494,283 2543,283"/>
               <TextEquiv>
                  <Unicode>–4– (Die Jugend Portugals')</Unicode>
               </TextEquiv>
            </TextLine>
            <TextLine id="tr_1_tl_2" custom="readingOrder {index:1;}">
               <Coords points="543,663 3334,681 3334,578 543,560"/>
               <Baseline points="543,629 682,635 822,635 961,638 1101,638 1240,644 1380,644 1519,642 1659,641 1798,641 1938,644 2078,647 2217,644 2357,647 2496,648 2636,647 2775,650 2915,647 3054,650 3194,650 3334,647"/>
               <TextEquiv>
                  <Unicode>der Familie Almada begann die Revolution der vierzig Verschwörer, welche</Unicode>
               </TextEquiv>
            </TextLine>
            <TextLine id="tr_1_tl_3" custom="readingOrder {index:2;}">
               <Coords points="546,810 3251,831 3251,728 546,707"/>
               <Baseline points="546,776 681,779 816,782 951,785 1087,782 1222,785 1357,785 1492,785 1628,785 1763,786 1898,791 2033,791 2169,791 2304,791 2439,791 2574,789 2710,794 2845,792 2980,791 3115,794 3251,797"/>
               <TextEquiv>
                  <Unicode>im 16. Jahrhundert, zur Abschüttelung der spanischen Herrschaft führte.</Unicode>
               </TextEquiv>
            </TextLine>
            <TextLine id="tr_1_tl_4" custom="readingOrder {index:3;}">
               <Coords points="564,947 3257,977 3257,875 564,845"/>
               <Baseline points="564,913 698,922 833,925 967,925 1102,928 1237,925 1371,928 1506,928 1641,931 1775,928 1910,931 2045,931 2179,934 2314,937 2449,934 2583,934 2718,934 2853,934 2987,934 3122,937 3257,943"/>
               <TextEquiv>
                  <Unicode>– Aber das Leben der Mocidade spielt sich weniger in diesem Palast ab,</Unicode>
               </TextEquiv>
            </TextLine>
            <TextLine id="tr_1_tl_5"
                      custom="readingOrder {index:4;} textStyle {offset:45;length:27;strikethrough:true;}">
               <Coords points="552,1093 3260,1114 3260,1012 552,991"/>
               <Baseline points="552,1059 687,1065 822,1068 958,1068 1093,1068 1229,1068 1364,1065 1499,1068 1635,1069 1770,1071 1906,1071 2041,1077 2176,1077 2312,1078 2447,1077 2583,1079 2718,1078 2853,1081 2989,1080 3124,1081 3260,1080"/>
               <TextEquiv>
                  <Unicode>als draussen, in den "Zentren der Jugend", – und besonders in den Lagern</Unicode>
               </TextEquiv>
            </TextLine>
            <TextLine id="tr_1_tl_6" custom="readingOrder {index:5;}">
               <Coords points="552,1246 3328,1266 3328,1163 552,1143"/>
               <Baseline points="552,1212 690,1218 829,1223 968,1223 1107,1221 1246,1224 1384,1225 1523,1226 1662,1224 1801,1224 1940,1224 2078,1227 2217,1230 2356,1229 2495,1230 2634,1230 2772,1230 2911,1227 3050,1227 3189,1230 3328,1232"/>
               <TextEquiv>
                  <Unicode>wo der ganze Samstag und ein Teil des Sonntags der nationalen Erziehung</Unicode>
               </TextEquiv>
            </TextLine>
            <TextLine id="tr_1_tl_7" custom="readingOrder {index:6;}">
               <Coords points="594,1398 3400,1401 3400,1299 594,1296"/>
               <Baseline points="594,1364 734,1367 874,1364 1014,1366 1155,1365 1295,1367 1435,1364 1576,1367 1716,1370 1856,1368 1997,1370 2137,1373 2277,1372 2417,1373 2558,1370 2698,1373 2838,1373 2979,1370 3119,1370 3259,1373 3400,1367"/>
               <TextEquiv>
                  <Unicode>gewidmet ist. Sie drückt sich in Sport und Spiel so gut aus wie in Lektio¬</Unicode>
               </TextEquiv>
            </TextLine>
            <TextLine id="tr_1_tl_8" custom="readingOrder {index:7;}">
               <Coords points="549,1529 3209,1553 3209,1451 3076,1443 549,1427"/>
               <Baseline points="549,1495 682,1498 815,1504 948,1504 1081,1504 1214,1507 1347,1504 1480,1504 1613,1504 1746,1506 1879,1507 2012,1510 2145,1510 2278,1511 2411,1513 2544,1513 2677,1512 2810,1510 2943,1510 3076,1511 3209,1519"/>
               <TextEquiv>
                  <Unicode>nen, die den jungen, zukünftigen Staatsbürger, und das werantwortliche,</Unicode>
               </TextEquiv>
            </TextLine>
            <TextLine id="tr_1_tl_9" custom="readingOrder {index:8;}">
               <Coords points="561,1673 3385,1690 3385,1588 561,1571"/>
               <Baseline points="561,1639 702,1642 843,1640 984,1642 1125,1643 1267,1644 1408,1642 1549,1642 1690,1644 1831,1644 1973,1647 2114,1649 2255,1647 2396,1650 2537,1650 2679,1650 2820,1650 2961,1651 3102,1652 3243,1653 3385,1656"/>
               <TextEquiv>
                  <Unicode>opferbereite, solidarisch denkende und handelnde Mitglied der zukünftigen</Unicode>
               </TextEquiv>
            </TextLine>
            <TextLine id="tr_1_tl_10" custom="readingOrder {index:9;}">
               <Coords points="555,1810 3266,1834 3266,1732 555,1708"/>
               <Baseline points="555,1776 690,1782 826,1785 961,1785 1097,1785 1232,1788 1368,1785 1503,1788 1639,1788 1774,1788 1910,1794 2046,1794 2181,1794 2317,1794 2452,1797 2588,1796 2723,1797 2859,1794 2994,1795 3130,1797 3266,1800"/>
               <TextEquiv>
                  <Unicode>Gesellschaft heranbilden. Noch wichtiger und erfreulicher ist wohl das</Unicode>
               </TextEquiv>
            </TextLine>
            <TextLine id="tr_1_tl_11" custom="readingOrder {index:10;}">
               <Coords points="549,1959 3182,1971 3182,1868 549,1856"/>
               <Baseline points="549,1925 680,1928 812,1931 943,1931 1075,1936 1207,1932 1338,1932 1470,1934 1602,1931 1733,1934 1865,1937 1997,1940 2128,1940 2260,1940 2392,1940 2523,1943 2655,1940 2787,1940 2918,1940 3050,1940 3182,1937"/>
               <TextEquiv>
                  <Unicode>Leben im Lager, wo Schüler, Studenten, junge Arbeiter, und Fischersöhne</Unicode>
               </TextEquiv>
            </TextLine>
            <TextLine id="tr_1_tl_12" custom="readingOrder {index:11;}">
               <Coords points="540,2102 3409,2117 3409,2014 540,1999"/>
               <Baseline points="540,2068 683,2068 826,2071 970,2073 1113,2076 1257,2077 1400,2074 1544,2075 1687,2074 1831,2077 1974,2080 2117,2080 2261,2082 2404,2080 2548,2080 2691,2080 2835,2085 2978,2087 3122,2086 3265,2083 3409,2083"/>
               <TextEquiv>
                  <Unicode>zusammenkommen, und mehr lernen, als nur körperliche Ertüchtigung und prak¬</Unicode>
               </TextEquiv>
            </TextLine>
            <TextLine id="tr_1_tl_13" custom="readingOrder {index:12;}">
               <Coords points="570,2243 3397,2267 3397,2164 570,2140"/>
               <Baseline points="570,2209 711,2215 852,2217 994,2218 1135,2223 1276,2224 1418,2221 1559,2221 1700,2221 1842,2224 1983,2226 2124,2229 2266,2227 2407,2230 2548,2227 2690,2229 2831,2231 2972,2230 3114,2231 3255,2230 3397,2233"/>
               <TextEquiv>
                  <Unicode>tische Fähigkeiten, nämlich eine ernste Auffassung des Lebens, eine Stetig¬</Unicode>
               </TextEquiv>
            </TextLine>
            <TextLine id="tr_1_tl_14" custom="readingOrder {index:13;}">
               <Coords points="540,2386 3340,2407 3340,2304 540,2283"/>
               <Baseline points="540,2352 680,2361 820,2361 960,2362 1100,2369 1240,2370 1380,2368 1520,2367 1660,2367 1800,2367 1940,2370 2080,2376 2220,2376 2360,2376 2500,2373 2640,2376 2780,2373 2920,2376 3060,2373 3200,2376 3340,2373"/>
               <TextEquiv>
                  <Unicode>keit des Willens, eine selbstlose Haltung gegenüber den Mitmenschen, eine</Unicode>
               </TextEquiv>
            </TextLine>
            <TextLine id="tr_1_tl_15" custom="readingOrder {index:14;}">
               <Coords points="594,2541 3337,2553 3337,2450 594,2438"/>
               <Baseline points="594,2507 731,2507 868,2507 1005,2507 1142,2511 1279,2515 1416,2516 1554,2513 1691,2513 1828,2513 1965,2515 2102,2519 2239,2517 2376,2516 2514,2519 2651,2519 2788,2519 2925,2519 3062,2522 3199,2519 3337,2519"/>
               <TextEquiv>
                  <Unicode>gemeinsame Orientierung auf humane und noble Ziele, die den egoistischen</Unicode>
               </TextEquiv>
            </TextLine>
            <TextLine id="tr_1_tl_16" custom="readingOrder {index:15;}">
               <Coords points="570,2685 3024,2703 3024,2600 570,2582"/>
               <Baseline points="570,2651 692,2654 815,2651 938,2654 1060,2654 1183,2657 1306,2655 1428,2657 1551,2660 1674,2660 1797,2658 1919,2660 2042,2663 2165,2663 2287,2663 2410,2660 2533,2663 2655,2662 2778,2666 2901,2666 3024,2669"/>
               <TextEquiv>
                  <Unicode>Materialismus und die Verweichlichung des Einzelnen überwinden.</Unicode>
               </TextEquiv>
            </TextLine>
            <TextLine id="tr_1_tl_17" custom="readingOrder {index:16;}">
               <Coords points="555,2828 3382,2843 3382,2741 555,2726"/>
               <Baseline points="555,2794 696,2797 837,2795 979,2800 1120,2800 1261,2803 1403,2803 1544,2806 1685,2804 1827,2804 1968,2806 2109,2806 2251,2806 2392,2806 2533,2804 2675,2806 2816,2807 2957,2809 3099,2812 3240,2809 3382,2809"/>
               <TextEquiv>
                  <Unicode>[p]Aeltere leiten die Jüngeren, und lernen so nicht nur befehlen, sondern vor</Unicode>
               </TextEquiv>
            </TextLine>
            <TextLine id="tr_1_tl_18" custom="readingOrder {index:17;}">
               <Coords points="555,2968 3388,2986 3388,2884 555,2866"/>
               <Baseline points="555,2934 696,2937 838,2941 979,2943 1121,2945 1263,2946 1404,2946 1546,2943 1688,2948 1829,2949 1971,2949 2113,2949 2254,2952 2396,2949 2538,2950 2679,2952 2821,2954 2963,2958 3104,2958 3246,2952 3388,2952"/>
               <TextEquiv>
                  <Unicode>allem Verantwortungsbewusstsein. Und die Leitung und Erziehung der ganzen</Unicode>
               </TextEquiv>
            </TextLine>
            <TextLine id="tr_1_tl_19" custom="readingOrder {index:18;}">
               <Coords points="579,3117 3427,3129 3427,3026 579,3014"/>
               <Baseline points="579,3083 721,3087 863,3086 1006,3089 1148,3089 1291,3089 1433,3092 1575,3092 1718,3092 1860,3092 2003,3092 2145,3092 2287,3092 2430,3095 2572,3098 2715,3098 2857,3098 2999,3098 3142,3096 3284,3101 3427,3095"/>
               <TextEquiv>
                  <Unicode>Jugend ist im neuen Portugal jungen Männern anvertraut, die in den wenigen</Unicode>
               </TextEquiv>
            </TextLine>
            <TextLine id="tr_1_tl_20" custom="readingOrder {index:19;}">
               <Coords points="561,3261 3334,3279 3334,3176 561,3158"/>
               <Baseline points="561,3227 699,3230 838,3233 976,3233 1115,3237 1254,3236 1392,3235 1531,3238 1670,3239 1808,3239 1947,3239 2086,3236 2224,3236 2363,3242 2502,3242 2640,3242 2779,3245 2918,3243 3056,3245 3195,3245 3334,3245"/>
               <TextEquiv>
                  <Unicode>Jahren des Bestehens der – 1936 gegründeten – "Mocidade Portuguesa" geformt</Unicode>
               </TextEquiv>
            </TextLine>
            <TextLine id="tr_1_tl_21" custom="readingOrder {index:20;}">
               <Coords points="555,3400 3260,3421 3260,3321 555,3300"/>
               <Baseline points="555,3367 690,3373 825,3376 960,3379 1096,3379 1231,3379 1366,3379 1501,3379 1637,3379 1772,3379 1907,3380 2042,3382 2178,3385 2313,3386 2448,3389 2583,3388 2719,3385 2854,3388 2989,3387 3124,3385 3260,3388"/>
               <TextEquiv>
                  <Unicode>worden sind: Junge Offiziere bis zum Kapitänsgrad, junge Lehrer, und – für</Unicode>
               </TextEquiv>
            </TextLine>
            <TextLine id="tr_1_tl_22" custom="readingOrder {index:21;}">
               <Coords points="555,3540 3269,3564 3269,3464 555,3440"/>
               <Baseline points="555,3507 690,3513 826,3519 962,3519 1097,3522 1233,3525 1369,3526 1504,3527 1640,3529 1776,3525 1912,3525 2047,3527 2183,3527 2319,3525 2454,3525 2590,3527 2726,3526 2861,3526 2997,3525 3133,3528 3269,3531"/>
               <TextEquiv>
                  <Unicode>die moralische Bildung – junge Priester und Mönche, – das sind die "Chefs</Unicode>
               </TextEquiv>
            </TextLine>
            <TextLine id="tr_1_tl_23" custom="readingOrder {index:22;}">
               <Coords points="561,3694 3466,3712 3466,3609 561,3591"/>
               <Baseline points="561,3660 706,3667 851,3669 996,3669 1142,3666 1287,3666 1432,3669 1577,3666 1723,3672 1868,3672 2013,3670 2158,3672 2304,3669 2449,3672 2594,3674 2739,3673 2885,3675 3030,3675 3175,3675 3320,3675 3466,3678"/>
               <TextEquiv>
                  <Unicode>der Jugend". Herr Caetano selbst, der Nationale Kommissar, dem Salazar eine so</Unicode>
               </TextEquiv>
            </TextLine>
            <TextLine id="tr_1_tl_24" custom="readingOrder {index:23;}">
               <Coords points="582,3837 3263,3849 3263,3746 582,3734"/>
               <Baseline points="582,3803 716,3809 850,3809 984,3812 1118,3809 1252,3812 1386,3812 1520,3812 1654,3812 1788,3812 1922,3815 2056,3815 2190,3815 2324,3815 2458,3815 2592,3815 2726,3818 2860,3815 2994,3818 3128,3818 3263,3815"/>
               <TextEquiv>
                  <Unicode>grosse und ernste Aufgabe zugeteilt hat, ist erst 35 Jahre alt. Und für</Unicode>
               </TextEquiv>
            </TextLine>
            <TextLine id="tr_1_tl_25" custom="readingOrder {index:24;}">
               <Coords points="555,3983 3313,3995 3313,3893 555,3881"/>
               <Baseline points="555,3949 692,3958 830,3961 968,3961 1106,3958 1244,3958 1382,3959 1520,3958 1658,3958 1796,3958 1934,3958 2071,3964 2209,3961 2347,3961 2485,3958 2623,3961 2761,3961 2899,3961 3037,3963 3175,3961 3313,3961"/>
               <TextEquiv>
                  <Unicode>diesen sympathischen portugiesischen Staat, der das Werk eines genialen</Unicode>
               </TextEquiv>
            </TextLine>
            <TextLine id="tr_1_tl_26" custom="readingOrder {index:25;}">
               <Coords points="558,4121 3295,4147 3295,4054 3158,4046 558,4028"/>
               <Baseline points="558,4090 694,4096 831,4099 968,4099 1105,4099 1242,4099 1379,4099 1515,4097 1652,4099 1789,4099 1926,4099 2063,4102 2200,4102 2337,4105 2473,4105 2610,4105 2747,4105 2884,4105 3021,4108 3158,4108 3295,4116"/>
               <TextEquiv>
                  <Unicode>Mannes ist, und den man oft "die Diktatur der Intelligenz" genannt hat,</Unicode>
               </TextEquiv>
            </TextLine>
            <TextLine id="tr_1_tl_27" custom="readingOrder {index:26;}">
               <Coords points="549,4252 3361,4303 3361,4210 549,4159"/>
               <Baseline points="549,4221 689,4221 830,4224 970,4224 1111,4227 1252,4227 1392,4229 1533,4233 1673,4239 1814,4240 1955,4242 2095,4245 2236,4250 2376,4253 2517,4260 2658,4263 2798,4269 2939,4269 3079,4274 3220,4281 3361,4272"/>
               <TextEquiv>
                  <Unicode>ist es bezeichnend, dass der jugendliche Kommissar der Kinder Portugals'</Unicode>
               </TextEquiv>
            </TextLine>
            <TextEquiv>
               <Unicode/>
            </TextEquiv>
         </TextRegion>
      </Page>
   </PcGts>
   <PcGts xmlns="http://schema.primaresearch.org/PAGE/gts/pagecontent/2013-07-15">
      <Metadata>
         <Creator>prov=READ-COOP:name=PyLaia@TranskribusPlatform:version=2.47.0:model_id=39995:lm=none:date=25_06_2026_18:10</Creator>
         <Created>2026-06-25T17:58:44.849+02:00</Created>
         <LastChange>2026-06-30T09:02:26.871+02:00</LastChange>
         <TranskribusMetadata docId="17098039"
                              pageId="123237541"
                              pageNr="5"
                              userId="194245"
                              imgUrl="https://files.transkribus.eu/Get?fileType=view&amp;id=WVWVZHLDSWZEXGLTKPDRKOYA"
                              imageId="104803698"/>
      </Metadata>
      <Page imageFilename="smallform_0590_005.jpg"
            imageWidth="3593"
            imageHeight="4493">
         <TextRegion orientation="0.0" id="tr_1" custom="readingOrder {index:0;}">
            <Coords points="531,325 531,2003 3367,2003 3367,325"/>
            <TextLine id="tr_1_tl_1" custom="readingOrder {index:0;}">
               <Coords points="1582,415 2436,427 2436,337 1582,325"/>
               <Baseline points="1582,385 1624,385 1667,388 1710,388 1752,388 1795,390 1838,393 1880,394 1923,396 1966,397 2009,397 2051,397 2094,398 2137,400 2179,401 2222,403 2265,403 2307,403 2350,403 2393,400 2436,397"/>
               <TextEquiv>
                  <Unicode>–5– (Die Jugend Portugals')</Unicode>
               </TextEquiv>
            </TextLine>
            <TextLine id="tr_1_tl_2" custom="readingOrder {index:1;}">
               <Coords points="558,618 3179,653 3179,563 558,528"/>
               <Baseline points="558,588 689,594 820,597 951,600 1082,600 1213,602 1344,605 1475,605 1606,606 1737,609 1868,612 1999,615 2130,617 2261,614 2392,617 2523,623 2654,620 2785,623 2916,626 3047,626 3179,623"/>
               <TextEquiv>
                  <Unicode>ein Intellektueller ist, – Professor der juristischen Fakultät, dessen</Unicode>
               </TextEquiv>
            </TextLine>
            <TextLine id="tr_1_tl_3" custom="readingOrder {index:2;}">
               <Coords points="585,764 3167,800 3167,710 585,674"/>
               <Baseline points="585,734 714,740 843,742 972,743 1101,749 1230,749 1359,749 1488,750 1617,752 1746,758 1876,758 2005,761 2134,764 2263,761 2392,767 2521,767 2650,767 2779,770 2908,770 3037,770 3167,770"/>
               <TextEquiv>
                  <Unicode>Werk "Problèmes de la Revolution Corporative" zu den grossen Werken</Unicode>
               </TextEquiv>
            </TextLine>
            <TextLine id="tr_1_tl_4" custom="readingOrder {index:3;}">
               <Coords points="546,900 3331,936 3331,876 546,840"/>
               <Baseline points="546,880 685,886 824,890 963,892 1103,892 1242,895 1381,897 1520,901 1660,904 1799,904 1938,907 2077,906 2217,907 2356,910 2495,912 2634,911 2774,913 2913,916 3052,913 3191,919 3331,916"/>
               <TextEquiv>
                  <Unicode>der Staatslehre unserer Zeit gehort. Die "Lusitos und „Infantes" lernen</Unicode>
               </TextEquiv>
            </TextLine>
            <TextLine id="tr_1_tl_6"
                      custom="readingOrder {index:4;} textStyle {offset:58;length:7;strikethrough:true;}">
               <Coords points="549,1042 3209,1075 3209,1026 549,993"/>
               <Baseline points="549,1026 682,1032 815,1038 948,1041 1081,1041 1214,1041 1347,1041 1480,1044 1613,1044 1746,1046 1879,1047 2012,1047 2145,1052 2278,1053 2411,1056 2544,1056 2677,1059 2810,1069 2943,1070 3076,1064 3209,1059"/>
               <TextEquiv>
                  <Unicode>rechtzeitig, zu bedeutenden und humanen Männern als ihren Führern[add above: Erziehern] und</Unicode>
               </TextEquiv>
            </TextLine>
            <TextLine id="tr_1_tl_7" custom="readingOrder {index:5;}">
               <Coords points="546,1200 1397,1212 1397,1122 546,1110"/>
               <Baseline points="546,1170 588,1173 631,1176 673,1179 716,1179 758,1177 801,1178 843,1179 886,1181 928,1182 971,1182 1014,1182 1056,1182 1099,1182 1141,1183 1184,1185 1226,1185 1269,1185 1311,1185 1354,1185 1397,1182"/>
               <TextEquiv>
                  <Unicode>Freunden aufzublicken.</Unicode>
               </TextEquiv>
            </TextLine>
            <TextLine id="tr_1_tl_8" custom="readingOrder {index:6;}">
               <Coords points="540,1340 3355,1373 3355,1283 540,1250"/>
               <Baseline points="540,1310 680,1322 821,1325 962,1326 1103,1325 1243,1328 1384,1331 1525,1334 1666,1331 1806,1337 1947,1337 2088,1337 2229,1340 2369,1343 2510,1343 2651,1346 2792,1349 2932,1349 3073,1354 3214,1352 3355,1343"/>
               <TextEquiv>
                  <Unicode>\p\Wenn es nicht immer wahr ist, dass die Völker die Regierung haben, die sie</Unicode>
               </TextEquiv>
            </TextLine>
            <TextLine id="tr_1_tl_9" custom="readingOrder {index:7;}">
               <Coords points="531,1483 3367,1522 3367,1432 531,1393"/>
               <Baseline points="531,1453 672,1462 814,1469 956,1469 1098,1473 1240,1471 1381,1474 1523,1477 1665,1477 1807,1480 1949,1483 2090,1486 2232,1486 2374,1489 2516,1489 2658,1489 2799,1491 2941,1492 3083,1495 3225,1495 3367,1492"/>
               <TextEquiv>
                  <Unicode>verdienen, – so ist es daher sicher wahr, dass die heranwachsende Jugend in</Unicode>
               </TextEquiv>
            </TextLine>
            <TextLine id="l" custom="readingOrder {index:8;}">
               <Coords points="534,1543 2053,1564 2053,1654 1618,1651 534,1633"/>
               <Baseline points="534,1603 588,1607 642,1609 696,1613 750,1613 805,1615 859,1615 913,1615 967,1615 1021,1615 1076,1615 1130,1614 1184,1614 1238,1615 1292,1615 1347,1615 1401,1618 1455,1618 1509,1618 1563,1621 1618,1621 1656,1621 1682,1621 1708,1621 1735,1623 1761,1624 1788,1624 1814,1624 1841,1624 1867,1624 1894,1624 1920,1624 1947,1624 1973,1624 2000,1626 2026,1626 2053,1624"/>
               <TextEquiv>
                  <Unicode>Portugal ihrer Führer würdig sein wird.\:p\</Unicode>
               </TextEquiv>
            </TextLine>
            <TextLine id="tr_1_tl_12" custom="readingOrder {index:9;}">
               <Coords points="2256,1997 2988,1991 2988,1901 2256,1907"/>
               <Baseline points="2256,1967 2292,1967 2329,1968 2365,1970 2402,1970 2439,1972 2475,1973 2512,1973 2548,1972 2585,1970 2622,1970 2658,1970 2695,1969 2731,1967 2768,1967 2805,1964 2841,1964 2878,1966 2914,1966 2951,1963 2988,1961"/>
               <TextEquiv>
                  <Unicode>Lissabon, Ende April</Unicode>
               </TextEquiv>
            </TextLine>
            <TextEquiv>
               <Unicode/>
            </TextEquiv>
         </TextRegion>
      </Page>
   </PcGts>
</validation-wrapper>
