3593 4511
597 285 1662 376 Dr. Annemarie Schwarzenbach:
1262 497 2367 603 Nationale Jugend in Portugal
585 718 3063 821 \p\Am 27. April konnte der emminente Staatschef des neuen Portugal,
597 852 3122 955 Dr. Oliveira Salazar, den 14. Jahrestag jener Nationalen Revolution
612 1004 3236 1098 begehen, die im Frieden begonnen und durchgeführt, das politische und
597 1142 2907 1248 soziale Werk des "Korporativen Staates" hervorgebracht hat.\:p\
591 1294 3388 1388 \p\Der Staat Salazars', der die traditionellen Elemente und Notwendigkeiten
600 1428 3301 1537 der Nation und Gesellschaft mit den sozialen Forderungen unserer Zeit
597 1578 3298 1671 in Einklang bringt, ist untrennbar verbunden mit einer moralischen Er¬
600 1718 3382 1824 neuerung des Menschen und seiner Auffassung von den Pflichten gegenüber
597 1867 3161 1970 der Kollektivitat. So erklärt sich die hervorragende Bedeutung der
591 2013 1928 2113 Jugenderziehung im neuen Portugal.\:p\
600 2184 3403 2241 \p\Ohne darauf ein Monopol zu erneben, ohne Familie, Schule, und Kirche auszu¬
1065 2255 1370 2309 es sich,
603 2319 3116 2389 schalten, hat [add above: es sich] der Staat sich doch die Auf zur Aufgabe gemacht, die
594 2443 3275 2540 Erziehung der jungen Portugiesen zu charaktervollen, harmonischen, und
597 2587 2683 2693 disziplinierten Menschen zu leiten und zu überwachen.\:p\
606 2733 3358 2833 Die Charakterbildung ist das oberste Ziel der 1936 ins Leben gerufenen
600 2867 3197 2973 nationalen Jugendorganisation, der "Moce[add right: i]dade Portuguesa", welche ein
600 3016 3313 3116 Programm körperlicher Ertüchtigung, sportlichen Trainings, und militäri¬
594 3160 3484 3266 scher Vorbereitung für die letzten Jahrgänge mit moralischer und politisch
585 3297 3272 3412 nationaler Formung und Schulung vereinigt. In den schlo scholaren [gemeint ist schulisch bzw. ausserschulisch] und
600 3446 3275 3555 ex-scholaren Jugendzentren, und in Ferienlagern in der Natur ihrer so
597 3584 3370 3699 schönen Heimat lernen die Kinder Portugals' ein solidarisches Zusammen¬
594 3727 3313 3839 leben, Disziplin, und selbstlose Opferbereitschaft. Die Nationale Jugend
597 3876 3224 4000 ist in die vier Altersklassen der Lusitos, A Infantes, Vanguardistas,
606 4049 3295 4124 und Cadetes eingeteilt, und ist fur die Kinder bis zum 14. Jahr obliga¬
659 4194 3355 4261 torisch. Die freiwilligen, älteren Vanguardistas und Cadetes konnen [add above: sich], vom
573 193 653 296 2.
665 405 3278 526 Sportsarzt beraten und überwacht, für einen Sport wie Fechten, Boxen,
597 543 3287 669 Reiten, etc, spezialisieren, während schon für die Jüngeren und Jüngsten
573 692 3212 813 vor allem Turnen obligatorisch ist, und Segeln bei diesen Nachkommen
576 849 2331 952 grosser Seefahrer eine wichtige Rolle spielt!
570 983 3457 1101 \p\Die Chefs der "Mocidade Portuguesa" sind junge Männer, – Lehrer und Erzieher,
579 1118 3319 1242 Offiziere bis zum Kapitänsgrad, junge Priester und Mönche für den mora¬
612 1274 3298 1392 ischen und religiösen Unterricht. Die Leitung der Organisation ist in
567 1414 3269 1538 den Händen des jugendlichen Professors Marcelo Caetano als Nationaler
567 1558 3451 1690 Kommissär, und seiner Mitarbeiter, des Sekretär-Inspektors Dr. Soares Franco,
579 1701 1388 1822 und des Majors Vilar,[sic]\:p\
573 1847 3367 1968 \p\In besonderen Schulen werden die "Chefs der Jugend" herangebildet, denen
582 1990 3373 2114 es obliegt, in der nationalen Organisation eine Elite junger Portugiesen
573 2147 1373 2247 heranzuzi zu formen.\:p\
570 2278 3439 2402 \p\Die "Mocidade Portuguesa" ist heute schon weit mehr als eine Organisation
576 2420 3284 2547 mit partiellen Zielen, wie etwa sportlicher oder nationaler Ausbildung:
573 2558 3179 2688 sie ist der lebendigste Ausdruck der portugiesischen Jugend, die im
570 2704 3433 2834 christlich-humanen Geist und in der hohen Auffassung nationaler Pflichten
570 2844 2573 2974 heranwächst, wie sie das Werk Salazars kennzeichnen.\:p\
