4288 7165
623 4475 813 4553 Lissabon
331 4541 1104 4586 \g\Neues Leben in einer alten Stadt\:g\
363 4583 1072 4634 Von Annemarie \g\Clarac\:g\-Schwarzenbach
310 4617 1184 4679 \p\Man findet in Lissabon nicht viele alte Häuser, die
259 4660 1184 4708 das Erdbeben des Jahres 1755 überdauert haben.
261 4704 1184 4742 Trotzdem hat die Stadt, mit ihren gepflasterten, hügel¬
250 4736 1184 4780 ansteigenden Gassen, ihren breiten Treppen, barocken
250 4773 1164 4810 Kirchenfassaden, Weinläden, Kaffees, und orientalischen
256 4807 1184 4844 Höfen den Charakter beschaulichen Alters — und die
256 4834 1184 4880 steinerne Majestät einiger Palastfronten mit schweren
256 4875 1184 4909 Toren, die Pracht des reichen Klosters Belem fügen
256 4908 1184 4949 ein Element historischer Größe — die frische Meerbrise
250 4942 1184 4982 und die Heiterkeit des Sonnenlichts über Gärten und
261 4978 1184 5019 Olivenhügeln ein südlichen Häfen gemeinsames
256 5010 1184 5052 Clement der Unternehmungslust und Lebensfreude
250 5046 1184 5084 hinzu. — Ich hätte nicht überrascht sein sollen, als ich
250 5077 1184 5119 mich kürzlich an die Adresse der ehemaligen Gesandt¬
256 5109 1184 5158 schaft eines kleinen, im Beginn dieses Weltkriegs ge¬
250 5147 1184 5187 schlagenen Staates begab, und weit außerhalb des
259 5181 1184 5232 Stadtzentrums ein Palais fand, welches alle diese
250 5208 1184 5257 Elemente vereinigte. Auf die vom Lärm von Pferde¬
250 5249 1161 5290 husen, Fischweibern und Taxihupen erfüllte Gasse
252 5279 1160 5327 öffneten sich kaum ein paar schmale Fenster in der
252 5313 1184 5352 eindrucksvoll schweigenden Hausmauer, die ockergelb
252 5351 1184 5390 war, und in der Mittagssonne einen trägen, ernsten
250 5386 1184 5426 Schatten warf. Durch das Tor waren früher zwei- und
250 5422 1185 5466 vierspännige Kutschen zum Treppenaufgang vorge¬
254 5459 1187 5500 fahren. Jetzt herrschte dahinter eine fast klösterliche
256 5490 1184 5534 Stille und Kühle. Ich konnte, während ich auf den
256 5520 1184 5567 hinaufgeeilten Diener wartete, einen Blick in den
250 5556 1184 5605 Innenhof des Hauses tun, wo nebeneinander Narzis¬
250 5592 1184 5636 sen, Kakteen, und rosenrote Kamelien blühten, und
252 5627 1184 5666 Sonnenflecke auf dem toten Wasser eines tiefen, mauri¬
252 5662 1185 5707 schen Brunnens lagen. Dann wurde ich an den ge¬
256 5691 1184 5744 schwärzten Kopien spanischer und römischer Oelgemälde
252 5731 1184 5769 vorbei die steinerne Treppe hinaufgeführt, und wartete
250 5762 1184 5800 in einer hellen, im Empirestil und mit marokkanischen
244 5796 1184 5837 und Buchara=Teppichen und vergilbten französischen
252 5830 1184 5872 Vorhängen und Stichen möblierten Zimmerflucht auf
250 5867 1184 5911 den ehemaligen Gesandten, der jetzt in Portugal das
256 5899 1122 5941 Nationale Rote Kreuz seines Landes repräsentiert.
250 5932 1167 5976 Seinen Bruder hatte ich, ebenfalls als Gesandten, vor
265 5973 1184 6017 Jahren in Ankara gekannt: er war ein Pferdelieb¬
252 6002 1156 6043 haber, und wir waren in frühen Morgenstunden zu¬
256 6040 1164 6079 sammen über die anatolische Steppe geritten — dann
243 6065 1184 6122 hatte ich ihn, vor kurzem, in Washington als „Exilier¬
252 6105 1184 6161 ten“ gesehen. Der jüngere Bruder, dem ich hier in
244 6135 1184 6200 Lissabon zufällig — und weiß Gott außerhalb soge¬
1189 4485 2103 4514 nannt gesellschaftlicher Beziehungen — begegnete, war
1194 4509 2103 4554 trotz auffallender Familienähnlichkeit eines beinahe
1194 4546 2103 4586 klassischen, aristokratischen Typus gleichzeitig unbefan¬
1197 4580 2105 4620 gener und von größerem Ernst. Der wohl beiden Brü¬
1194 4615 2103 4651 dern gemeinsame Charme hatte sich bei ihm in die
1189 4645 2092 4690 verwandten jedoch reiferen Qualitäten von Aufmerk¬
1189 4683 2103 4725 samkeit, Mitleid, und Leidensfähigkeit verwandelt.
1189 4719 2103 4756 Er wohnte in der verblichenen, vergangenen Pracht
1189 4753 2103 4791 dieses Lissaboner Palasts nicht als glänzender Reprä¬
1203 4788 2105 4824 sentant seines Landes, sondern als Advokat der Not
1189 4815 1944 4860 seiner vom Krieg geschlagenen Mitbürger. — Das
1189 4854 2103 4895 Internationale Rote Kreuz hat die Aufgabe, für
1189 4889 2092 4930 Kriegsgefangene zu sorgen, und Vermißte aufzu¬
1189 4923 2103 4962 suchen“, sagte er mir, — „die nationalen Vertreter
1189 4956 2103 4996 des Roten Kreuzes müssen also mit dem Internatio¬
1189 4995 2086 5031 nalen Komitee zusammenarbeiten. Jedes Liebesgaben¬
1189 5025 2057 5064 paket und jeder Brief reisen heute über Lissabon, —
1189 5061 2103 5102 darum haben wir heute hier unsere Vertreter. Aber
1189 5098 2103 5129 was dem Roten Kreuz heute an Begriffen zur Ver¬
1189 5134 2050 5166 fügung steht, um seine Aufgaben zu umschreiben, —
1189 5155 2103 5200 und an Organisationen, um diesen Aufgaben nachzu¬
1188 5199 2105 5241 kommen, entspricht nicht mehr der Realität, genügt
1189 5229 2103 5265 nicht mehr den Tatsachen dieses grausigen neuen Krie¬
1203 5262 2105 5306 ges. Zum Beispiel gibt es in diesem Krieg nicht nur
1197 5306 2106 5342 Kriegsgefangene und Verwundete, es gibt bombar¬
1189 5329 2103 5372 dierte Zivilbevölkerungen. Und es gibt nicht nur ge¬
1189 5361 2103 5410 schädigte, hungernde, obdachlose Zivilbevölkerungen,
1189 5399 2103 5439 es gibt Deportierte. Allein aus dem von Rußland be¬
1189 5431 2096 5471 setzten Teil von Polen wurde schätzungsweise eine Mil¬
1189 5471 1847 5510 lion Menschen departiert, — wohin? — soviel wir
1189 5503 2085 5538 wissen, nach Zentralasien, nach Kasakstan, Turkestan,
1189 5538 2103 5575 in den Altai... Unter den vielleicht zwanzigtausend,
1189 5574 2103 5616 die aus einer mittleren polnischen Stadt verschleppt
1189 5605 2103 5647 wurden, befinden sich sicher alle Professoren, Aerzte,
1189 5641 2103 5682 Intellektuellen. Wie werden sie in einer innerasiatischen
1189 5674 2086 5717 Steppe ihr Leben fristen, wo sogar für einheimische
1189 5708 2092 5752 Nomaden die Existenz ein einziger Kampf gegen Klima
1189 5739 1487 5790 und Hunger ist? — Heute morgen war ein Mann
1189 5776 2103 5812 hier, ein ehemaliger Chemiker. Seine Frau wurde von
1189 5810 2103 5850 Krakau nach Russisch=Turkestan departiert. Darüber
1189 5847 2103 5882 kann er ganz vernünftig sprechen, aber er verliert die
1189 5873 2086 5918 Fassung, wenn es sich um seine beiden Kinder han¬
1189 5907 2102 5955 delt. Der Sohn ist fünfzehn, das Mädchen zwölf
1189 5943 2103 5984 Jahre alt. Offenbar wurden sie getrennt von Krakau
1189 5980 1952 6020 abtransportiert, und niemand weiß wohin."\:p\
1241 6007 2103 6084 \p\Bevor ich mich verabschiedete, sagte er mir den
1189 6058 2085 6106 Namen der großen portugiesischen Familie, dessen
1189 6097 2103 6149 Stadtpalais er sozusagen als Flüchtling bewohnte.
1189 6138 2105 6190 „Das Haus stand früher leer“, erklärte er mir, „aber
2121 4474 3037 4518 die europäische Katastrophe, welche alle Errungen¬
2121 4514 3037 4553 schaften unserer Zivilisation annihiliert, oder zu Waf¬
2121 4541 3037 4582 fen gegen die leidende Menschheit gemacht hat, gab
2121 4577 3037 4629 Portugal eine tragische Bedeutung an der Schwelle
2121 4614 2803 4661 einer erst zu entdeckenden Welt zurück."\:p\
2184 4638 3037 4701 \p\Das Gespräch war nicht das einzige in seiner Art
2121 4686 3037 4731 das ich in Lissabon geführt habe. Das nationale Rote
2121 4725 3037 4766 Kreuz der meisten europäischen Länder hat heute in
2121 4758 3037 4798 dieser Stadt Vertreter, das Genfer Internationale
2121 4794 3037 4831 Comité hat letzten November ein Mitglied entsandt.
2121 4824 3037 4869 Am 22. Dezember lief das erste Rote=Kreuz=Schiff aus
2121 4864 3037 4908 dem Hafen von Lissabon aus, um seine Fracht an
2130 4899 3038 4940 Liebesgaben nach Marseille zu befördern. Ein beson¬
2121 4930 3037 4980 derer Kommissar für Flüchtlingsfragen hat sein Büro
2120 4966 2501 5027 ebenfalls in Lissabon.\:p\
2173 5000 3037 5042 \p\Und das ist erst ein kleiner Ausschnitt aus dem
2125 5035 3038 5076 Gemälde Lissabons neuer Bedeutung. Man bedenke:
2120 5070 3037 5112 Dies ist der letzte freie Hafen an der europäischen Küste
2120 5104 3037 5140 des Atlantiks. Hier landen die Passagierdampfer der
2120 5137 3037 5173 „American Report Lines“, die allein noch den Ver¬
2130 5170 3038 5209 kehr zwischen Europa und den USA besorgen. Hier
2119 5208 3038 5250 landen die Schiffe aus Südamerika und Afrika, und
2119 5239 3038 5277 die panamerikanischen Clipper. Der Suezkanal ist ver¬
2119 5274 3038 5318 rammelt, das Mittelmeer ist wieder ein von Gibral¬
2119 5310 3038 5354 tar bewachter Binnensee, mehr als ein «mare
2119 5345 3038 5390 nostrum». Wer nach Indien gelangen will, muß wie
2119 5377 3038 5423 in alter Zeit, das Kap der Guten Hoffnung um¬
2119 5413 3024 5450 segeln, und der schwarze Erdteil ist groß: portugie¬
2118 5449 3037 5488 sische Dampfer brauchen von Lissabon bis Lourenco
2125 5485 3038 5524 Marques in Mozambique über vier Wochen. Einer
2118 5515 3037 5549 meiner Freunde, der von seinem Land als militäri¬
2125 5547 3038 5590 scher Beobachter nach Aegypten entsandt wurde, saß
2118 5583 3037 5628 fast einen Monat in Lissabon, ohne einen Weg nach
2118 5613 3037 5658 Kauro zu finden. Und er hatte einen Paß und ordent¬
2118 5651 3037 5701 liche Visas. Im großen Wartesaal Europas sitzen zu
2130 5682 3038 5729 Tausenden die Reisenden, ohne Papiere und Heimat¬
2116 5724 3037 5764 recht die einen, ohne Geld die anderen, fast alle ohne
2116 5756 3037 5794 rechte Zukunftshoffnung, Abenteurer wider Willen,
2116 5791 3037 5831 verarmte Kinder und Enterbte unseres Kontinents.
2125 5826 3038 5865 Die Stadt Heinrichs des Seefahrers, von der wie
2116 5855 3037 5897 von einem Riff aus einst die kleinen Segelschiffe küh¬
2116 5895 3022 5931 ner Entdecker in den Atlantik hinausgeschleudert wur¬
2121 5929 3029 5965 den, ist heute der äußerste Punkt Europas, von wo
2115 5957 3034 6010 der Blick nach Westen sich öffnet. Aber die Atmosphäre
2119 5996 3027 6036 ist eine andere, und man sieht im Hafen bei der Ab¬
2115 6027 2800 6084 fahrt der Amerikadampfer viel Tränen.\:p\
2179 6058 3037 6101 \p\Dieser Hafen von Lissabon ist für die Ansprüche
2115 6099 3037 6138 zu klein, die heute an ihn gestellt werden. Es landen
2115 6131 3037 6174 keine Goldschiffe, aber Frachtschiffe mit der Schweizer
3058 4479 3978 4522 Flagge, welche Getreide vom La Plata bringen, Kaf¬
3059 4512 3979 4556 fee und Kokos aus Afrika, Baumwolle aus Indien,
3059 4548 3979 4588 Mais und Zucker und unzählige andere Güter, welche
3059 4580 3979 4623 für die schweizerische Versorgung unentbehrlich sind.
3067 4611 3976 4662 In Lissabon entscheidet es sich dann, ob diese Waren
3059 4655 3976 4686 auf dem Landweg über Spanien, oder auf dem See¬
3059 4682 3976 4726 weg nach Genua befördert werden können. Inzwi¬
3059 4719 3979 4762 schen sind alle Lagerräume überfüllt, es herrscht Man¬
3058 4752 3976 4796 gel an Eisenbahnwagen, an Schiffsraum. Nachdem
3059 4787 3979 4830 man herrliche moderne Hafenanlagen in Gdynia,
3059 4820 3979 4866 Genua, Rotterdam, Antwerpen gekannt hat, muß man
3059 4856 3979 4901 in Lissabon ohne Piers und ohne Krane auskommen,
3059 4888 3988 4934 kleine Segelboote verkehren zwischen dem Hafenquai
3059 4924 3979 4968 und den Schiffen, Exportgüter aus ganz Europa,
3067 4962 3981 4997 Brot für hungernde europäische Bevölkerungen werden
3059 4994 3979 5031 in Säcken und Kisten auf den Schultern portugiesi¬
3059 5030 3979 5066 scher Arbeiter von den Lagern zu den Transportmitteln
3059 5064 3976 5105 befördert. Der Welthandel konzentriert sich wie der
3059 5098 3979 5134 Weltreiseverkehr in Lissabon. Und nachdem wir im
3059 5133 3979 5174 stolzen Flug der Technik gelernt haben, Entfernungen
3059 5168 3979 5211 zu überwinden, haben wir jetzt Mittel gefunden,
3059 5200 3979 5240 unsere eigenen Entdeckungen zunichte zu machen. Man
3059 5232 3979 5273 fragt sich mit Kafka, ob die Dauer eines Lebens ge¬
3059 5270 3976 5309 nügen werde, um auch nur das nächste Dorf zu errei¬
3059 5306 3979 5355 chen, die nächste Landesgrenze zu überschreiten, oder
3059 5340 3976 5372 einen Platz auf dem Amerika=Clipper zu bekommen...
3059 5372 3979 5411 Aber diesen gleichen Umständen verdankt das alte und
3065 5406 3979 5452 träumende Lissabon die gewaltige Woge neuen
3059 5436 3976 5485 Lebens, deren Wirkungen ich soeben versucht habe,
3059 5471 3979 5519 anzudeuten. Die Stadt hat ihren Charakter dadurch
3059 5511 3979 5547 nicht verändert, sondern nur eine stolze und halb ver¬
3059 5544 3976 5587 gessene Tradition in veränderter Form wieder auf¬
3059 5573 3979 5626 genommen. An der Ozeanküste, ein äußerster Posten
3059 5610 3979 5650 Europas, hat sie Aehnlichkeit mit den Städten meer¬
3059 5648 3983 5688 fahrender Völker aller Zeiten, von Sizilien und Tou¬
3059 5677 3979 5723 lon bis nach Haifa und Port Said, von Malta,
3059 5711 3974 5758 Cypern und Beirut bis Griechenland, von Trape¬
3059 5750 3979 5790 zunt sogar bis zurück zu den Belearen. Das gleiche
3059 5778 3979 5823 Olivengrün, die gleiche, nur sanft berauschende Süße
3059 5817 3982 5861 einheimischer, billiger Weine, der gleiche, sanfte, offene,
3059 5853 3838 5906 und von den Weltmeeren gespeiste Himmel ...\:p\
