4279 7247
393 4544 1027 4619 „Unglaubliches Schweden!"
482 4612 955 4679 Von \g\Annemarie Clark\:g\
315 4663 1186 4732 \p\Mister Childs ist daran schuld, weil sein Buch:
261 4696 1186 4756 „Schweden, der mittlere Weg“, drüben in den Ver¬
267 4753 1167 4796 einigten Staaten ein sogenannter „Bestseller“ war, und
261 4783 1186 4826 also von jedem Amerikaner, der etwas auf sich hält,
267 4816 1186 4867 gekauft und gelesen werden mußte. Der mittlere
274 4853 1186 4900 Weg, — das ist der Weg, der die Revolution ver¬
261 4892 1186 4928 meiden und die Demokratie modernisieren, erneuern,
274 4926 1186 4964 den schwierigen Gegebenheiten unserer Zeit anpassen
267 4963 1186 5005 soll, — der Weg also, um den Präsident Roosevelt so
271 4997 1187 5040 optimistisch und energisch kämpft, und der den aufrich¬
261 5036 1160 5079 tigen Kennern der amerikanischen Verhältnisse zuwei¬
261 5064 1161 5116 len als eine Utopie erscheint, die man niemals ver
261 5100 1186 5150 wirklichen werde. Und nun schreibt dieser Mister
271 5137 1187 5181 Childs ein Buch, das man für einen utopischen
261 5176 1186 5217 Roman halten würde, wäre der Ort des Paradieses
267 5211 1186 5246 nicht sehr genau bezeichnet: Schweden, das Land im
267 5245 1186 5285 Norden, aus dem Greta Garbo und die schwedischen
274 5284 1186 5325 Bauern des Staates Delaware stammen, von dem
261 5318 1172 5366 man ein paar Lagerlöf-Legenden, die Kunst der
261 5353 1186 5388 Körpermassage, und das so bekömmliche Knäckebrot
261 5388 1166 5430 kennt. Jetzt aber reicht der kurze, schwedische Sommer
265 5427 1159 5472 kaum aus, um die Flut der amerikanischen Gäste auf¬
271 5458 1187 5501 zunehmen, — ganze Vereine amerikanischer Damen
267 5497 1186 5531 kommen an, und wollen gar nicht, wie es bisher üb¬
271 5531 1187 5572 lich war, die alten Vasa-Burgen und die Ruinen von
267 5564 1161 5610 Visby sehen, interessieren sich nicht für die Segel¬
267 5602 1161 5646 regatten in Saltsjö-Baden und die Heidengräber vor
267 5637 1186 5685 Upsala: nein, sie wollen kooperative Fabriken sehen
267 5672 1160 5719 und, wie man dort die Würste und die Glühbirnen
271 5710 1155 5748 herstellt, deren billige Preise die Macht der inter¬
261 5745 1186 5791 nationalen Industrie-Trusts gesprengt haben. Sie
261 5785 1155 5824 wollen erfahren, wie die schwedischen Arbeiter organi¬
271 5814 1152 5857 siert sind, und führen Schlagworte wie „Kollektivver¬
271 5851 1187 5884 träge" und „Sozialversicherung“ im Munde, sie wol¬
271 5887 1187 5931 len die billigen und hygienischen Wohnungen für
267 5921 1186 5972 kinderreiche Familien sehen, und wissen mehr über
274 5960 1186 6002 die „Bedeutung der kooperativen Idee“ als die schwe¬
267 5991 1186 6033 dischen Hausfrauen, die im Konsum täglich einkaufen
267 6027 1186 6075 und naiv geglaubt haben, es handle sich dabei nur
267 6066 1186 6111 um eine praktische Einrichtung, um billigere und bes¬
1193 4532 1647 4587 sere Waren zu bekommen. –\:p\
1253 4569 2113 4614 \p\Den Reisebüros in Stockholm blieb nichts anderes
1193 4613 2113 4654 übrig, als sich gründlich umzustellen: und statt das
1193 4651 2113 4691 königliche Schloß und das Kaufhaus zu besuchen, in
1182 4683 2113 4721 welchem Greta Garbo einst Hüte verkauft hat, arran¬
1182 4723 2113 4772 giert man nun eine „soziale Rundfahrt": die Kinder
1204 4757 2113 4790 müssen herhalten, deren Zähne von jungen Dentistin¬
1182 4793 2113 4836 nen gratis und schmerzlos behandelt werden, und die
1182 4827 2113 4873 sich im Wartezimmer des „Eastman-Institutes“ auf
1181 4851 2113 4914 Schaukelpferden die Zeit vertreiben, — daß dieses
1182 4899 2113 4934 „wohltätige Institut die private Stiftung eines rei¬
1182 4934 2113 4971 chen ... Amerikaners ist, fällt den Gästen meistens
1182 4971 2113 5004 gar nicht auf. Dann hält der Autobus vor dem größ¬
1182 5005 2113 5044 ten Schwimmbad Stockholms, vor einer modernen
1204 5037 2113 5080 Volksschule, und in einer proletarischen Villenkolonie.
1201 5071 2114 5111 Und endlich landet man, — gegen drei Uhr nachmit¬
1182 5101 2113 5153 tags, die „sozialen Touristen“ sind schon ziemlich er¬
1182 5137 2113 5193 schöpft, — vor dem riesigen Gebäude des „KF“, der
1182 5184 2113 5228 Zentrale des schwedischen kooperativen Verbandes,
1182 5217 2113 5254 wo im luftigen, hygienischen Restaurant der Ange¬
1182 5253 2101 5299 stellten ein alkoholfreier vorzüglicher Lunch serviert
1182 5281 1283 5338 wird.\:p\
1252 5324 2113 5367 \p\Ich treffe Mister Childs — den Mann, der an
1182 5367 2113 5417 allem schuld ist, — auf der Station eines Stockholmer
1208 5398 2114 5445 Villenvororts. Hier hat er sich ein Häuschen in den
1199 5440 2114 5488 Schären gemietet, er will dies und jenes studieren,
1182 5473 2113 5510 und ein neues Buch über die Kooperativen Schwe¬
1182 5507 2113 5557 dens schreiben. „Halten Sie Schweden wirklich für ein
1182 5544 2114 5590 Paradies?", frage ich ihn. Er ist ein angenehmer,
1201 5580 2113 5618 ruhiger und gescheiter Mensch; er kennt Schweden
1203 5612 2085 5654 gründlich, und er lebt gern mit seiner Frau und sei
1182 5646 2083 5691 nen Kindern draußen in den Schären. „Beinahe“
1199 5686 2113 5724 antwortet er, und lächelt. „Vergleichsweise, möchte
1199 5715 2113 5761 ich sagen, ist Schweden ein Paradies.“ — Skeptiker
1182 5754 2113 5799 wüßten allerlei einzuwenden, Schweden befinde sich
1200 5787 2113 5835 in einem Augenblick der Hochkonjunktur, — und
1199 5825 2114 5864 welcher höchst zweifelhaften Konjunktur! — Man
1181 5842 2113 5904 liefert Stahl nach England und Deutschland und Ja¬
1182 5899 2113 5932 pan, für die Rüstungen also, — daher kann man in
1182 5926 2113 5967 den schwedischen Wäldern Tag und Nacht den wun¬
1181 5979 2113 6012 dervoll erregenden Rhythmus der Eisenhämmer
1182 5989 2114 6048 hören. Schweden hat außerdem eine hundertjährige
1182 6041 2113 6077 Friedensperiode hinter sich: zur rechten Zeit, gerade
1182 6069 2113 6127 vor dem Beginn des Imperialismus und der Indu¬
2124 4545 3052 4590 strialisierung, hat es sich aus der großen Politik
2109 4574 3052 4632 zurückgezogen und auf seine heimischen Aufgaben be¬
2108 4613 3052 4674 schränkt. Den Weltkrieg hat es nicht durchgemacht, Kreu¬
2109 4659 3052 4690 ger, — gut und schön, das war ein Unglück, und einige
2109 4689 3052 4738 Schweden wurden davon betroffen. Aber eine ernste
2109 4718 3052 4779 Erschütterung war es nicht, — eigentlich mehr ein
2109 4751 3052 4814 großer Skandal. Schweden ist sozialdemokratisch, ganz
2109 4790 3052 4829 ohne Revolution, Klassenkampf und Blutvergießen?
2109 4830 3021 4874 Gewiß, das sei zugegeben. Aber es gibt wenig große
2109 4866 3014 4920 Vermögen in Schweden, die durch die arge Besteue¬
2109 4894 3052 4948 rung zu leiden hätten. Der schwedische Mittelstand,
2109 4937 3052 4978 so bürgerlich-konservativ er auch sein mag, spart
2109 4968 3052 5021 wenig, gibt gern und leicht aus, aber ohne luxuriöse
2109 5008 3052 5045 Bedürfnisse zu haben. Ein Häuschen in den Schären,
2108 5033 3052 5074 ein Boot, ein Velo, — das besitzt nicht nur der Inge¬
2109 5074 3052 5131 nieur, das kann sich auch ein schwedischer „Proleta¬
2109 5112 3052 5148 rier“ leisten. Die naiven Amerikaner bewundern die
2109 5141 3052 5188 schwedischen Gewerkschaften, die Lohntarife und die
2109 5183 3052 5226 Kollektivverträge? Aber fragen Sie einmal einen
2109 5220 3052 5275 schwedischen Bauunternehmer, was der davon hält:
2154 5254 3052 5292 – kaum ist man bis zum zweiten Stock gelangt, und
2109 5277 3052 5353 das Haus soll zum festgesetzten Termin fertig wer¬
2109 5323 3052 5366 den, da stellen die Leute die Arbeit ein und brechen,
2108 5363 3052 5413 selber ihren Lohnvertrag, um höhere Akkorde zu er¬
2108 5393 3052 5452 pressen. Die Kooperativen? — Da braucht man
2108 5427 3052 5486 kein Sozialist zu sein, um mitzumachen: das Inter¬
2109 5470 3052 5518 esse des Unternehmers am hohen Profit wird einfach
2108 5499 3052 5554 durch das Interesse der organisierten Käufer an guter
2109 5548 3051 5605 Ware und billigen Preisen ersetzt. Das ist keine
2109 5577 2896 5621 „Idee“, das ist praktischer Menschenverstand.\:p\
2177 5601 3052 5668 \p\Das ist es eben, der Skeptiker hat recht: in Schwe¬
2123 5646 3052 5707 den ist sehr viel praktischer, gesunder Menschenver¬
2109 5691 3052 5748 stand am Werk, – und die Folge davon ist eine weit¬
2109 5726 3052 5778 gehende, ohne viel Lärm vollzogene Sozialisierung.
2108 5771 3051 5813 Mögen schon die Bauarbeiter einmal streiken, so
2109 5793 3052 5832 prosperiert doch die schwedische Industrie trotz hoher
2109 5834 3052 5888 Löhne und straff organisierter Gewerkschaften. Mag
2109 5868 3052 5918 schon die Rüstungskonjunktur im Augenblick ihre
2109 5904 3052 5952 Wirkung ausüben und zur schwedischen Prosperität
2109 5941 3052 5975 beisteuern, so hat Schweden doch schon vorher die
2109 5969 3052 6019 Weltkrise relativ leicht überstanden, und aus schwe¬
2109 6011 3052 6053 dischem Stahl werden nicht nur Kanonen gemacht,
2109 6047 3052 6081 sondern, zum Beispiel, auch Rasierklingen, chirurgische
2109 6085 3054 6136 Instrumente und Lokomotiven. Und mag schon der
3049 4550 3963 4591 greise schwedische König als erster seinen Namen in das
3049 4585 3960 4631 Mitgliederbuch der Kooperative setzen, so wird doch
3048 4620 3960 4659 durch die Tätigkeit der Bau-Kooperative das Woh¬
3049 4658 3960 4703 nungsniveau der ganzen Bevölkerung gehoben, und
3049 4693 3957 4734 die schwedischen Bauern stapfen jetzt im Winter fröh¬
3048 4721 3960 4771 lich in billigen Gummistiefeln über das Feld weil
3048 4761 3959 4829 die kooperative Konkurrenz den Trust der Gummi¬
3049 4793 3438 4856 fabriken gesprengt hat.\:p\
3112 4826 3960 4887 \p\Lauter Kolumbus-Eier! Und ein ausländischer
3056 4888 3960 4930 Besucher frägt: „Wissen die Schweden eigentlich
3049 4924 3960 4959 was für Teufelskerle echte Sozialisten, gute Demo¬
3048 4946 3960 5004 kraten und glückliche Menschen sie sind?“ — Eines ist
3049 4988 3963 5032 gewiß: sie sind glückliche Menschen, — und ihnen er¬
3049 5028 3957 5066 scheint es so einfach, das Vernünftige und Notwen¬
3049 5054 3955 5106 dige zu tun, — daß sie unsere theoretischen Bemühun¬
3049 5098 3960 5138 gen, unsere schwierigen und grundsätzlichen Diskussio¬
3049 5132 3957 5168 nen, und auch unser leidenschaftliches Interesse für
3049 5168 3964 5211 ihr Land ein bißchen wunderlich und übertrieben fin¬
3049 5206 3960 5248 den. Die Amerikaner studieren Schweden wie einen
3049 5241 3960 5281 Laboratoriumsfall, — mir, Bürger eines anderen
3049 5272 3963 5317 europäischen Kleinstaates, kommt alles noch etwas
3049 5311 3962 5354 komplizierter vor. Die Untersuchung im Laboratorium,
3049 5341 3957 5385 die wirtschaftstheoretische Untersuchung über die
3049 5375 3960 5427 Kooperativen und die Rohstoffvorräte reicht ja nicht
3049 5423 3960 5466 aus, um das Phänomen einer Nation zu erklären, die
3049 5455 3958 5502 zivil und pazifistisch ist, und ihre Regimentskapellen
3049 5491 3963 5528 bezahlt, um im Garten eines Kaffeehauses fröhliche
3049 5515 3957 5570 Märsche zu spielen, deren gewiegte Streikagenten und
3048 5558 3963 5602 bewußte Sozialdemokraten sich herzlich freuen, wenn
3050 5597 3960 5638 der Enkel des Königs auf der Bühne des Freilicht¬
3049 5625 3960 5679 theaters, im Schatten des Schlosses Gripsholm auf¬
3049 5666 3962 5707 tritt und ein selbstverfaßtes Gedicht rezitiert, — einer
3049 5704 3962 5747 tief patriotischen, konservativ an Brauch und Tradi¬
3048 5740 3960 5784 tion hängenden Nation, die keinen Augenblick der
3049 5768 3962 5814 Verführung des Nationalismus verfällt, und die
3049 5801 3963 5854 Klassengegensätze auf dem Wege allgemeiner Prospe¬
3049 5838 3960 5885 rität ausgleicht, fast ohne sich dessen bewußt zu
3049 5874 3960 5920 sein! — Man wagt es dort, in einem nationalen Fest¬
3049 5918 3960 5955 spiel, die Kunde vom großen Sieg bei Narwa statt
3049 5945 3960 5992 durch eine glänzende Parade durch das Bild heim¬
3049 5979 3957 6031 kehrender Soldatenkrüppel und ruinierter Bauern zu
3048 6024 3957 6068 illustrieren, — „auf Narwa folgte Poltawa“, ruft ein
3049 6051 3960 6102 junger Offizier bitter aus, und der Chor des Volkes
3048 6091 3957 6148 stimmt ein „Laßt uns heimkehren, laßt uns heim¬\fml\\:p\
256 4513 1161 4556 \fml\\p\kehren!" — Gleich darauf aber sprengt der junge
256 4549 1155 4593 König Karl XII. auf die Bühne, hinter ihm eine ganz
256 4582 1174 4627 berittene Regimentsmusik in blau-gelber Uniform, der
258 4622 1158 4662 Tambour schwingt die Schlegel, und die Zuschauer
256 4654 1155 4699 erheben sich und jubeln ihren Monarchen zu, dem kostü¬
256 4690 1174 4731 mierten Jüngling auf der Bühne, und dem echten,
258 4726 1174 4768 regierenden König, dem alten Tennisspieler, der sich
256 4761 1174 4806 von seiner Bank in der ersten Reihe erhebt, sich von
258 4798 1174 4846 jedem der gerade Lust hat, photographieren läßt,
255 4829 1174 4877 und langsam hinausgeht, fast ohne Gefolge. „Nicht
262 4862 1146 4913 einmal unser Roosevelt könnte es sich leisten, so schutz¬
262 4903 1159 4948 los spazieren zu gehen", murmeln die Amerikaner
258 4941 1174 4989 fassungslos, — „und das unter lauter roten Sozial¬
256 4979 460 5039 demokraten! –\:p\
307 5001 1174 5057 \p\Wenn man wenigstens mit ihnen diskutieren
252 5053 1174 5104 könnte, — mit schwedischen Studenten beispielsweise,
256 5088 1174 5136 oder mit einem Arbeiter. Aber der Arbeiter bietet
250 5124 1174 5166 uns ein Glas Bier an, und die Studenten reden von
258 5163 1174 5200 der nächsten Segelregatta. Der Ingenieur, der eine
250 5199 1173 5240 herrliche Brücke außerhalb von Stockholm gebaut hat,
258 5231 1174 5285 wird vielleicht etwas von der schwedischen Industrie
256 5269 1174 5307 erzählen, vielleicht ist er auch ehrgeizig, Schweden ist
250 5307 1161 5364 ihm zu eng, er träumt davon, drüben in Kalifornien
256 5341 1159 5381 die längste Brücke der Welt zu bauen? — Aber er
256 5379 1174 5426 schüttelt den Kopf und saugt an seiner Pfeife. „Hier,
252 5412 1174 5449 bei uns zu Hause, ist es am besten“, sagt er, — und
252 5446 1174 5487 man kann ihm nicht einmal widersprechen. — Und
250 5481 1174 5525 eine russische Malerin, die ich vor einigen Jahren in
262 5522 1159 5561 Stockholm als „kämpferische Sozialistin" kennen ge¬
250 5549 1174 5601 lernt habe, sagt mir: „Nein, ich bin in keiner Partei
252 5590 1174 5630 mehr. Es ist langweilig geworden, seitdem sogar die
256 5623 1154 5662 reaktionären Bürgerlichen so stolz auf den schwe¬
250 5656 1174 5701 dischen Sozialismus sind. Jetzt bleibe ich in meinem
258 5696 1101 5739 Atelier und versuche, meine Bilder zu verkaufen." –
256 5726 1174 5771 Aber sie ist keine Schwedin. Und während ich selbst
252 5768 1176 5817 manchmal in den hellen, schönen, schwedischen Nächten
258 5805 1174 5842 das Bedürfnis empfinde, nach alter Gewohnheit ein¬
252 5837 1174 5882 mal gründlich und heftig zu diskutieren und zu strei¬
262 5871 1174 5919 ten, während ich mir über das Phänomen dieses
252 5910 1176 5954 glücklichen Landes den Kopf zerbreche, spielt eine
258 5947 1174 5992 Bauernmusik lustige, zuweilen aber auch sonderbar
262 5990 1176 6034 schwermütige Volkslieder, und die unglaublichen
262 6018 1174 6060 Schweden bringen es fertig, die ganze Nacht durchzu¬
258 6052 1176 6101 tanzen, bis die Sonne ihren kleinen Kreislauf voll¬
252 6086 1174 6137 endet hat und wieder weiß über dem blauen Wasser
258 6128 716 6188 am östlichen Horizont steht.\:p\
