<?xml version="1.0" encoding="UTF-8"?>
<validation-wrapper>
   <PcGts xmlns="http://schema.primaresearch.org/PAGE/gts/pagecontent/2013-07-15">
      <Metadata>
         <Creator>prov=READ-COOP:name=TrHtr:version=2.23.0:model_id=51170:date=11_02_2025_15:08</Creator>
         <Created>2025-02-11T15:02:49.994+01:00</Created>
         <LastChange>2025-07-14T15:32:11.159+02:00</LastChange>
         <TranskribusMetadata docId="6846560"
                              pageId="91379443"
                              pageNr="1"
                              tsid="228010069"
                              status="IN_PROGRESS"
                              userId="295818"
                              imgUrl="https://files.transkribus.eu/Get?id=IZQTVSXQWUEQBBNGFLDVGJMC&amp;fileType=view"
                              xmlUrl="https://files.transkribus.eu/Get?id=OZNWROTGIGQLTVYOIEUPUALT"
                              imageId="76227419"/>
      </Metadata>
      <Page imageFilename="smallform_0206_001.jpg"
            imageWidth="4279"
            imageHeight="7121">
         <TextRegion id="r" custom="readingOrder {index:0;}">
            <Coords points="284,4625 1237,4625 1237,6150 284,6150"/>
            <TextLine id="r_tl_1" custom="readingOrder {index:0;}">
               <Coords points="438,4726 565,4705 1092,4712 1078,4650 990,4668 858,4646 762,4669 622,4650 557,4675 510,4650 438,4670"/>
               <Baseline points="444,4706 468,4703 513,4700 558,4700 602,4700 647,4700 692,4700 737,4697 781,4697 826,4697 871,4697 916,4697 961,4697 1005,4697 1050,4700 1095,4703"/>
               <TextEquiv>
                  <Unicode>"Die Reise nach Pittsburgh"</Unicode>
               </TextEquiv>
            </TextLine>
            <TextLine id="r_tl_2" custom="readingOrder {index:1;}">
               <Coords points="534,4769 1026,4771 1026,4727 928,4721 889,4740 847,4724 785,4741 566,4704 534,4718"/>
               <Baseline points="540,4757 584,4754 629,4754 674,4754 719,4754 764,4754 808,4754 853,4754 898,4754 943,4754 987,4751 1029,4757"/>
               <TextEquiv>
                  <Unicode>Von \g\Annemarie Clark\:g\</Unicode>
               </TextEquiv>
            </TextLine>
            <TextLine id="r_tl_3" custom="readingOrder {index:2;}">
               <Coords points="698,4820 742,4832 764,4819 787,4834 823,4818 848,4823 847,4778 835,4781 816,4770 808,4777 802,4772 776,4780 764,4768 756,4776 740,4776 734,4770 725,4777 697,4776"/>
               <Baseline points="704,4805 749,4805 793,4805 838,4808 850,4808"/>
               <TextEquiv>
                  <Unicode>(Schluß.)</Unicode>
               </TextEquiv>
            </TextLine>
            <TextLine id="r_tl_4" custom="readingOrder {index:3;}">
               <Coords points="370,4859 1234,4864 1234,4819 370,4828"/>
               <Baseline points="376,4855 420,4855 465,4852 510,4852 555,4852 599,4855 644,4855 689,4852 734,4852 778,4852 823,4855 868,4852 913,4852 958,4852 1002,4852 1047,4852 1092,4852 1137,4852 1181,4852 1226,4852 1237,4854"/>
               <TextEquiv>
                  <Unicode>\p\Vierundzwanzig Stunden später erreichen wir die</Unicode>
               </TextEquiv>
            </TextLine>
            <TextLine id="r_tl_5" custom="readingOrder {index:4;}">
               <Coords points="324,4896 1235,4907 1218,4862 324,4862"/>
               <Baseline points="331,4891 373,4888 417,4888 462,4888 507,4888 552,4888 596,4888 641,4888 686,4888 731,4888 775,4888 820,4888 865,4888 910,4885 955,4888 999,4885 1044,4888 1089,4885 1134,4885 1178,4885 1223,4888 1237,4891"/>
               <TextEquiv>
                  <Unicode>Stadt \g\Pittsburgh\:g\, die Festung von Stahl und</Unicode>
               </TextEquiv>
            </TextLine>
            <TextLine id="r_tl_6" custom="readingOrder {index:5;}">
               <Coords points="324,4932 1217,4930 1217,4902 1156,4889 324,4897"/>
               <Baseline points="331,4927 370,4924 414,4924 459,4924 504,4924 549,4924 593,4924 638,4924 683,4924 728,4924 772,4924 817,4921 862,4921 907,4921 952,4921 996,4921 1041,4921 1086,4921 1131,4921 1175,4921 1220,4921"/>
               <TextEquiv>
                  <Unicode>Eisen, die Hochburg der Millionenvermögen von Mel¬</Unicode>
               </TextEquiv>
            </TextLine>
            <TextLine id="r_tl_7" custom="readingOrder {index:6;}">
               <Coords points="316,4972 1234,4962 1210,4928 316,4933"/>
               <Baseline points="322,4957 367,4957 411,4957 456,4957 501,4957 546,4957 590,4957 635,4960 680,4957 725,4957 769,4957 814,4957 859,4957 904,4957 949,4957 993,4957 1038,4954 1083,4954 1128,4957 1172,4954 1217,4957 1226,4960 1237,4961"/>
               <TextEquiv>
                  <Unicode>lon und Carnegie, die Stätte der Fabrikhallen, Hoch¬</Unicode>
               </TextEquiv>
            </TextLine>
            <TextLine id="r_tl_8" custom="readingOrder {index:7;}">
               <Coords points="324,5003 1235,5000 1235,4962 324,4967"/>
               <Baseline points="331,4996 376,4990 420,4993 465,4990 510,4990 555,4990 599,4993 644,4990 689,4990 734,4990 778,4993 823,4990 868,4990 913,4990 958,4987 1002,4990 1047,4990 1092,4990 1137,4987 1181,4987 1226,4990 1237,4992"/>
               <TextEquiv>
                  <Unicode>öfen und Schmelzen, von denen das Schicksal von</Unicode>
               </TextEquiv>
            </TextLine>
            <TextLine id="r_tl_9" custom="readingOrder {index:8;}">
               <Coords points="322,5044 1234,5045 1222,4997 322,5004"/>
               <Baseline points="328,5028 373,5025 417,5025 462,5025 507,5025 552,5025 596,5025 641,5025 686,5025 731,5025 775,5025 820,5025 865,5022 910,5022 955,5022 999,5022 1044,5022 1089,5022 1134,5022 1178,5022 1223,5028 1226,5028 1237,5028"/>
               <TextEquiv>
                  <Unicode>Tausenden und aber Tausenden von Arbeitern abhängt,</Unicode>
               </TextEquiv>
            </TextLine>
            <TextLine id="r_tl_10" custom="readingOrder {index:9;}">
               <Coords points="324,5069 1235,5071 1214,5033 324,5042"/>
               <Baseline points="331,5064 337,5061 382,5061 426,5061 471,5061 516,5061 561,5061 605,5061 650,5061 695,5061 740,5061 784,5058 829,5061 874,5058 919,5061 963,5058 1008,5058 1053,5058 1098,5058 1143,5058 1187,5058 1232,5061 1237,5061"/>
               <TextEquiv>
                  <Unicode>und wo sich der größte Kampf des heutigen Amerikas,</Unicode>
               </TextEquiv>
            </TextLine>
            <TextLine id="r_tl_11" custom="readingOrder {index:10;}">
               <Coords points="316,5105 1234,5101 1234,5072 316,5065"/>
               <Baseline points="322,5094 367,5094 411,5094 456,5094 501,5094 546,5094 590,5094 635,5094 680,5094 725,5094 769,5094 814,5094 859,5094 904,5094 949,5097 993,5094 1038,5094 1083,5094 1128,5091 1172,5094 1217,5094 1232,5094 1237,5095"/>
               <TextEquiv>
                  <Unicode>der Kampf zwischen „Kapital“ und „Arbeit" drama¬</Unicode>
               </TextEquiv>
            </TextLine>
            <TextLine id="r_tl_12" custom="readingOrder {index:11;}">
               <Coords points="316,5150 902,5137 886,5104 316,5108"/>
               <Baseline points="322,5130 367,5130 411,5130 456,5130 501,5130 546,5130 590,5127 635,5130 680,5127 725,5127 769,5127 814,5130 859,5127 904,5130"/>
               <TextEquiv>
                  <Unicode>tisch zuspitzt und entscheiden wird.\:p\</Unicode>
               </TextEquiv>
            </TextLine>
            <TextLine id="r_tl_13" custom="readingOrder {index:12;}">
               <Coords points="368,5178 1232,5176 1234,5135 370,5144"/>
               <Baseline points="376,5166 382,5166 426,5163 471,5163 516,5163 561,5163 605,5163 650,5163 695,5163 740,5163 784,5163 829,5160 874,5160 919,5160 963,5160 1008,5160 1053,5160 1098,5160 1143,5160 1187,5160 1232,5163 1237,5163"/>
               <TextEquiv>
                  <Unicode>\p\Ich hatte mich auf die Enttäuschung vorbereitet,</Unicode>
               </TextEquiv>
            </TextLine>
            <TextLine id="r_tl_14" custom="readingOrder {index:13;}">
               <Coords points="322,5210 1234,5204 1234,5174 322,5183"/>
               <Baseline points="328,5196 373,5196 417,5196 462,5198 507,5196 552,5196 596,5196 641,5198 686,5196 731,5196 775,5196 820,5196 865,5196 910,5196 955,5196 999,5196 1044,5196 1089,5196 1134,5193 1178,5193 1223,5193 1237,5195"/>
               <TextEquiv>
                  <Unicode>eine der üblichen, großen, öden, amerikanischen Städte</Unicode>
               </TextEquiv>
            </TextLine>
            <TextLine id="r_tl_15" custom="readingOrder {index:14;}">
               <Coords points="316,5240 1234,5243 1234,5204 316,5212"/>
               <Baseline points="322,5234 334,5234 379,5234 423,5231 468,5231 513,5231 558,5231 602,5231 647,5231 692,5228 737,5231 781,5228 826,5228 871,5228 916,5231 961,5228 1005,5228 1050,5231 1095,5228 1140,5228 1184,5228 1229,5231 1237,5231"/>
               <TextEquiv>
                  <Unicode>zu finden, deren Gesicht sich dem Fremden verschließt</Unicode>
               </TextEquiv>
            </TextLine>
            <TextLine id="r_tl_16" custom="readingOrder {index:15;}">
               <Coords points="324,5279 1235,5273 1218,5239 1091,5234 324,5245"/>
               <Baseline points="331,5267 376,5264 420,5267 465,5264 510,5267 555,5264 599,5264 644,5261 689,5264 734,5261 778,5261 823,5261 868,5261 913,5261 958,5261 1002,5261 1047,5264 1092,5261 1137,5261 1181,5261 1226,5264 1237,5265"/>
               <TextEquiv>
                  <Unicode>und jede Interpretation schwierig macht. Ich hatte</Unicode>
               </TextEquiv>
            </TextLine>
            <TextLine id="r_tl_17" custom="readingOrder {index:16;}">
               <Coords points="324,5306 1229,5308 1229,5272 324,5279"/>
               <Baseline points="331,5303 337,5300 382,5300 426,5300 471,5303 516,5300 561,5300 605,5300 650,5297 695,5297 740,5297 784,5297 829,5297 874,5297 919,5297 963,5297 1008,5297 1053,5297 1098,5297 1143,5294 1187,5297 1232,5297"/>
               <TextEquiv>
                  <Unicode>erwartet, die Geschichte von Pittsburgh in Büchern</Unicode>
               </TextEquiv>
            </TextLine>
            <TextLine id="r_tl_18" custom="readingOrder {index:17;}">
               <Coords points="324,5352 1235,5348 1213,5304 324,5306"/>
               <Baseline points="331,5339 373,5336 417,5336 462,5336 507,5336 552,5336 596,5336 641,5333 686,5333 731,5333 775,5333 820,5333 865,5333 910,5333 955,5333 999,5333 1044,5333 1089,5333 1134,5330 1178,5330 1223,5330 1237,5330"/>
               <TextEquiv>
                  <Unicode>lesen und sehr wenig über seine Gegenwart in Bu¬</Unicode>
               </TextEquiv>
            </TextLine>
            <TextLine id="r_tl_19" custom="readingOrder {index:18;}">
               <Coords points="322,5378 1234,5377 1234,5348 322,5352"/>
               <Baseline points="328,5372 373,5369 417,5369 462,5369 507,5369 552,5369 596,5372 641,5372 686,5369 731,5369 775,5369 820,5369 865,5369 910,5369 955,5369 999,5369 1044,5369 1089,5366 1134,5366 1178,5366 1223,5366 1237,5367"/>
               <TextEquiv>
                  <Unicode>reaux erfahren zu müssen. Aber der Anblick dieser</Unicode>
               </TextEquiv>
            </TextLine>
            <TextLine id="r_tl_20" custom="readingOrder {index:19;}">
               <Coords points="323,5411 1219,5408 1220,5375 324,5378"/>
               <Baseline points="331,5404 373,5404 417,5401 462,5404 507,5404 552,5401 596,5401 641,5401 686,5401 731,5401 775,5401 820,5401 865,5401 910,5401 955,5401 999,5401 1044,5401 1089,5401 1134,5401 1178,5401 1223,5401"/>
               <TextEquiv>
                  <Unicode>Stadt ist von der monumentalen Deutlichkeit eines</Unicode>
               </TextEquiv>
            </TextLine>
            <TextLine id="r_tl_21" custom="readingOrder {index:20;}">
               <Coords points="316,5464 1234,5453 1234,5417 316,5423"/>
               <Baseline points="322,5437 334,5437 379,5437 423,5437 468,5437 513,5437 558,5437 602,5437 647,5437 692,5440 737,5437 781,5440 826,5437 871,5434 916,5437 961,5437 1005,5437 1050,5437 1095,5437 1140,5437 1184,5434 1229,5434 1237,5435"/>
               <TextEquiv>
                  <Unicode>archaischen Felsreliefs, von gewaltiger Hand für alle</Unicode>
               </TextEquiv>
            </TextLine>
            <TextLine id="r_tl_22" custom="readingOrder {index:21;}">
               <Coords points="322,5492 390,5480 451,5489 617,5484 617,5454 438,5456 343,5447 322,5456"/>
               <Baseline points="328,5476 352,5473 396,5473 441,5473 486,5473 531,5470 576,5473 620,5473"/>
               <TextEquiv>
                  <Unicode>Zeiten gezeichnet.\:p\</Unicode>
               </TextEquiv>
            </TextLine>
            <TextLine id="r_tl_23" custom="readingOrder {index:22;}">
               <Coords points="376,5520 1234,5515 1230,5480 1132,5471 376,5483"/>
               <Baseline points="382,5509 426,5506 471,5506 516,5506 561,5506 605,5506 650,5506 695,5506 740,5503 784,5503 829,5506 874,5503 919,5503 963,5503 1008,5503 1053,5503 1098,5503 1143,5503 1187,5503 1232,5503 1237,5503"/>
               <TextEquiv>
                  <Unicode>\p\Wir fuhren im rieselnden Regen des frühen</Unicode>
               </TextEquiv>
            </TextLine>
            <TextLine id="r_tl_24" custom="readingOrder {index:23;}">
               <Coords points="324,5554 1223,5548 1223,5518 1118,5508 324,5516"/>
               <Baseline points="331,5542 376,5539 420,5539 465,5539 510,5539 555,5542 599,5539 644,5542 689,5539 734,5539 778,5539 823,5536 868,5536 913,5536 958,5536 1002,5536 1047,5536 1092,5536 1137,5536 1181,5536 1226,5536"/>
               <TextEquiv>
                  <Unicode>Januarabends die „fünfte Avenue“ hinunter, und be¬</Unicode>
               </TextEquiv>
            </TextLine>
            <TextLine id="r_tl_25" custom="readingOrder {index:24;}">
               <Coords points="324,5585 1235,5586 1235,5550 324,5552"/>
               <Baseline points="331,5578 376,5572 420,5572 465,5572 510,5572 555,5572 599,5572 644,5572 689,5572 734,5572 778,5572 823,5572 868,5572 913,5572 958,5572 1002,5572 1047,5572 1092,5572 1137,5572 1181,5569 1226,5572 1237,5572"/>
               <TextEquiv>
                  <Unicode>gegneten zuerst, auf der Kuppe des Stadthügels, dem</Unicode>
               </TextEquiv>
            </TextLine>
            <TextLine id="r_tl_26" custom="readingOrder {index:25;}">
               <Coords points="322,5611 1234,5610 1162,5575 322,5587"/>
               <Baseline points="328,5607 373,5607 417,5607 462,5604 507,5607 552,5607 596,5607 641,5607 686,5607 731,5604 775,5604 820,5604 865,5604 910,5604 955,5604 999,5604 1044,5604 1089,5604 1134,5604 1178,5604 1223,5604 1237,5605"/>
               <TextEquiv>
                  <Unicode>Sitz des Reichtums: Carnegie–Museum und Mellon¬</Unicode>
               </TextEquiv>
            </TextLine>
            <TextLine id="r_tl_27" custom="readingOrder {index:26;}">
               <Coords points="324,5657 1190,5654 1235,5648 1236,5614 325,5611"/>
               <Baseline points="331,5643 337,5643 382,5640 426,5640 471,5640 516,5643 561,5640 605,5640 650,5640 695,5640 740,5640 784,5640 829,5640 874,5640 919,5640 963,5640 1008,5640 1053,5637 1098,5640 1143,5637 1187,5637 1232,5640 1237,5640"/>
               <TextEquiv>
                  <Unicode>Bibliothek, in der Form eines griechischen Tempels</Unicode>
               </TextEquiv>
            </TextLine>
            <TextLine id="r_tl_28" custom="readingOrder {index:27;}">
               <Coords points="322,5682 1234,5677 1201,5647 322,5659"/>
               <Baseline points="328,5673 373,5673 417,5676 462,5676 507,5676 552,5673 596,5676 641,5673 686,5673 731,5673 775,5673 820,5673 865,5673 910,5673 955,5673 999,5673 1044,5673 1089,5673 1134,5673 1178,5673 1217,5676 1237,5675"/>
               <TextEquiv>
                  <Unicode>aus Stein und Marmor errichtet. In der billig ge¬</Unicode>
               </TextEquiv>
            </TextLine>
            <TextLine id="r_tl_29" custom="readingOrder {index:28;}">
               <Coords points="322,5719 1217,5717 1217,5682 1181,5678 322,5682"/>
               <Baseline points="328,5712 370,5709 414,5709 459,5709 504,5709 549,5709 593,5709 638,5709 683,5709 728,5709 772,5709 817,5712 862,5709 907,5709 952,5709 996,5706 1041,5706 1086,5706 1131,5706 1175,5706 1220,5706"/>
               <TextEquiv>
                  <Unicode>schmückten Oede des Hotels „Webster Hall“ mischten</Unicode>
               </TextEquiv>
            </TextLine>
            <TextLine id="r_tl_30" custom="readingOrder {index:29;}">
               <Coords points="322,5756 1050,5761 1232,5753 1234,5717 323,5718"/>
               <Baseline points="328,5745 334,5745 379,5742 423,5742 468,5745 513,5742 558,5742 602,5742 647,5742 692,5742 737,5742 781,5739 826,5742 871,5742 916,5742 961,5742 1005,5742 1050,5742 1095,5739 1140,5739 1184,5739 1229,5742 1237,5742"/>
               <TextEquiv>
                  <Unicode>sich die gellenden Klänge von mehreren Tanzkapellen,</Unicode>
               </TextEquiv>
            </TextLine>
            <TextLine id="r_tl_31" custom="readingOrder {index:30;}">
               <Coords points="322,5788 1234,5786 1214,5747 322,5758"/>
               <Baseline points="328,5777 334,5777 379,5774 423,5774 468,5774 513,5777 558,5777 602,5777 647,5774 692,5774 737,5774 781,5774 826,5774 871,5774 916,5774 961,5774 1005,5774 1050,5774 1095,5774 1140,5774 1184,5774 1229,5772 1237,5772"/>
               <TextEquiv>
                  <Unicode>bedienten Neger in der überfüllten Bar, trafen sich</Unicode>
               </TextEquiv>
            </TextLine>
            <TextLine id="r_tl_32" custom="readingOrder {index:31;}">
               <Coords points="324,5826 1235,5824 1213,5783 324,5788"/>
               <Baseline points="331,5813 376,5810 420,5810 465,5810 510,5810 555,5810 599,5810 644,5810 689,5810 734,5810 778,5810 823,5810 868,5810 913,5810 958,5810 1002,5810 1047,5810 1092,5807 1137,5807 1181,5807 1226,5813 1235,5813 1237,5813"/>
               <TextEquiv>
                  <Unicode>Handelsreisende, die Söhne der Reichen, Studenten,</Unicode>
               </TextEquiv>
            </TextLine>
            <TextLine id="r_tl_33" custom="readingOrder {index:32;}">
               <Coords points="324,5858 1235,5854 1216,5818 324,5826"/>
               <Baseline points="331,5846 376,5846 420,5846 465,5846 510,5846 555,5846 599,5846 644,5843 689,5846 734,5846 778,5846 823,5843 868,5843 913,5843 958,5843 1002,5843 1047,5843 1092,5843 1137,5843 1181,5840 1226,5843 1237,5843"/>
               <TextEquiv>
                  <Unicode>und Frauen in protzigen Abendkleidern mit künstlichen</Unicode>
               </TextEquiv>
            </TextLine>
            <TextLine id="r_tl_34" custom="readingOrder {index:33;}">
               <Coords points="322,5891 1234,5892 1225,5852 322,5852"/>
               <Baseline points="328,5882 334,5882 379,5879 423,5879 468,5879 513,5879 558,5879 602,5879 647,5879 692,5879 737,5879 781,5879 826,5879 871,5879 916,5879 961,5879 1005,5879 1050,5879 1095,5879 1140,5876 1184,5876 1229,5876 1237,5876"/>
               <TextEquiv>
                  <Unicode>Blumen und künstlichem Schmuck überladen. Dicht</Unicode>
               </TextEquiv>
            </TextLine>
            <TextLine id="r_tl_35" custom="readingOrder {index:34;}">
               <Coords points="322,5927 1234,5922 1234,5892 1138,5882 322,5888"/>
               <Baseline points="328,5915 373,5912 417,5912 462,5912 507,5915 552,5912 596,5912 641,5912 686,5912 731,5912 775,5912 820,5912 865,5912 910,5912 955,5912 999,5912 1044,5912 1089,5912 1134,5912 1178,5912 1223,5912 1237,5911"/>
               <TextEquiv>
                  <Unicode>benachbart dieser lauten und drastisch–rohen Stätte er¬</Unicode>
               </TextEquiv>
            </TextLine>
            <TextLine id="r_tl_36" custom="readingOrder {index:35;}">
               <Coords points="324,5957 1235,5950 1235,5921 324,5924"/>
               <Baseline points="331,5951 334,5948 379,5948 423,5948 468,5948 513,5948 558,5948 602,5948 647,5948 692,5948 737,5945 781,5948 826,5945 871,5948 916,5948 961,5948 1005,5948 1050,5948 1095,5945 1140,5945 1184,5942 1229,5942 1237,5942"/>
               <TextEquiv>
                  <Unicode>hebt sich die „Kathedrale des Lernens", ein Wolken¬</Unicode>
               </TextEquiv>
            </TextLine>
            <TextLine id="r_tl_37" custom="readingOrder {index:36;}">
               <Coords points="324,5990 1235,5992 1199,5952 324,5957"/>
               <Baseline points="331,5983 376,5980 420,5980 465,5980 510,5980 555,5980 599,5980 644,5980 689,5980 734,5980 778,5980 823,5980 868,5980 913,5980 958,5983 1002,5980 1047,5980 1092,5980 1137,5977 1181,5977 1226,5980 1237,5979"/>
               <TextEquiv>
                  <Unicode>kratzer–Dom aus dunklem Stein, der sich mit gotisch¬</Unicode>
               </TextEquiv>
            </TextLine>
            <TextLine id="r_tl_38" custom="readingOrder {index:37;}">
               <Coords points="328,6026 1234,6022 1207,5987 328,5992"/>
               <Baseline points="334,6019 379,6013 423,6013 468,6013 513,6013 558,6013 602,6013 647,6013 692,6013 737,6016 781,6013 826,6013 871,6013 916,6013 961,6013 1005,6013 1050,6013 1095,6013 1140,6013 1184,6013 1229,6013 1237,6013"/>
               <TextEquiv>
                  <Unicode>strebenden Pfeilern im Nachthimmel verliert. Die</Unicode>
               </TextEquiv>
            </TextLine>
            <TextLine id="r_tl_39" custom="readingOrder {index:38;}">
               <Coords points="328,6055 1234,6052 1206,6020 328,6026"/>
               <Baseline points="334,6049 337,6049 382,6049 426,6049 471,6049 516,6049 561,6049 605,6049 650,6049 695,6049 740,6049 784,6049 829,6049 874,6046 919,6046 963,6043 1008,6046 1053,6046 1098,6046 1143,6046 1187,6043 1232,6046 1237,6046"/>
               <TextEquiv>
                  <Unicode>Avenue senkt sich zur Stadt hinab, – und schon be¬</Unicode>
               </TextEquiv>
            </TextLine>
            <TextLine id="r_tl_40" custom="readingOrder {index:39;}">
               <Coords points="330,6095 1234,6107 1235,6058 330,6059"/>
               <Baseline points="337,6088 382,6082 426,6085 471,6085 516,6085 561,6085 605,6085 650,6082 695,6082 740,6082 784,6082 829,6085 874,6082 919,6082 963,6085 1008,6082 1053,6082 1098,6082 1143,6082 1187,6082 1232,6085 1237,6085"/>
               <TextEquiv>
                  <Unicode>findet man sich im bunten Wirbel von Geschäfts¬</Unicode>
               </TextEquiv>
            </TextLine>
            <TextEquiv>
               <Unicode/>
            </TextEquiv>
         </TextRegion>
         <TextRegion id="r_6" custom="readingOrder {index:1;}">
            <Coords points="1260,4643 2172,4643 2172,6152 1260,6152"/>
            <TextLine id="r_6_tl_1" custom="readingOrder {index:0;}">
               <Coords points="1254,4672 2171,4673 2171,4638 2120,4631 1254,4630"/>
               <Baseline points="1260,4661 1304,4658 1348,4661 1393,4661 1438,4661 1483,4661 1528,4661 1572,4661 1617,4661 1662,4661 1707,4661 1751,4661 1796,4661 1841,4664 1886,4664 1930,4664 1975,4664 2020,4664 2065,4664 2110,4664 2154,4667 2160,4664 2172,4665"/>
               <TextEquiv>
                  <Unicode>straßen, und in der Enge von Arbeitergassen ohne</Unicode>
               </TextEquiv>
            </TextLine>
            <TextLine id="r_6_tl_2" custom="readingOrder {index:1;}">
               <Coords points="1261,4700 2170,4709 2168,4672 1260,4672"/>
               <Baseline points="1268,4694 1313,4694 1357,4694 1402,4694 1447,4694 1492,4694 1537,4694 1581,4694 1626,4694 1671,4694 1716,4697 1760,4694 1805,4697 1850,4697 1895,4697 1939,4697 1984,4700 2029,4700 2074,4700 2118,4700 2157,4700 2172,4700"/>
               <TextEquiv>
                  <Unicode>Pflaster und Beleuchtung. Hoch über dem Fluß zieht</Unicode>
               </TextEquiv>
            </TextLine>
            <TextLine id="r_6_tl_3" custom="readingOrder {index:2;}">
               <Coords points="1259,4739 2170,4736 2087,4704 1259,4700"/>
               <Baseline points="1265,4730 1310,4727 1354,4727 1399,4727 1444,4727 1489,4727 1534,4727 1578,4727 1623,4727 1668,4730 1713,4730 1757,4730 1802,4730 1847,4730 1892,4730 1936,4730 1981,4730 2026,4733 2071,4733 2116,4730 2160,4733 2163,4733 2172,4734"/>
               <TextEquiv>
                  <Unicode>sich ein Boulevard hin, dem wir langsam entlang¬</Unicode>
               </TextEquiv>
            </TextLine>
            <TextLine id="r_6_tl_4" custom="readingOrder {index:3;}">
               <Coords points="1259,4775 2158,4772 2158,4742 1854,4730 1259,4739"/>
               <Baseline points="1265,4763 1310,4760 1354,4760 1399,4760 1444,4760 1489,4760 1534,4763 1578,4763 1623,4763 1668,4763 1713,4763 1757,4763 1802,4763 1847,4766 1892,4766 1936,4766 1981,4766 2026,4766 2071,4766 2116,4766 2160,4766"/>
               <TextEquiv>
                  <Unicode>fahren: der Fluß ist dunkel und still, aus dem Nebel</Unicode>
               </TextEquiv>
            </TextLine>
            <TextLine id="r_6_tl_5" custom="readingOrder {index:4;}">
               <Coords points="1255,4806 2170,4808 2170,4774 1255,4775"/>
               <Baseline points="1262,4793 1307,4793 1351,4793 1396,4796 1441,4793 1486,4796 1531,4796 1575,4796 1620,4796 1665,4796 1710,4796 1754,4796 1799,4799 1844,4799 1889,4799 1933,4802 1978,4799 2023,4799 2068,4799 2113,4799 2154,4802 2172,4802"/>
               <TextEquiv>
                  <Unicode>erheben sich schattenhaft ein Wald von Fabrikschloten,</Unicode>
               </TextEquiv>
            </TextLine>
            <TextLine id="r_6_tl_6" custom="readingOrder {index:5;}">
               <Coords points="1261,4842 2170,4848 2170,4810 2135,4807 1261,4804"/>
               <Baseline points="1268,4831 1313,4828 1357,4828 1402,4828 1447,4828 1492,4828 1537,4831 1581,4828 1626,4831 1671,4831 1716,4831 1760,4831 1805,4831 1850,4831 1895,4831 1939,4831 1984,4831 2029,4834 2074,4834 2118,4831 2157,4834 2172,4833"/>
               <TextEquiv>
                  <Unicode>sie säumen das jenseitige Ufer, und werden erleuchtet</Unicode>
               </TextEquiv>
            </TextLine>
            <TextLine id="r_6_tl_7" custom="readingOrder {index:6;}">
               <Coords points="1255,4873 2170,4877 2134,4842 1254,4837"/>
               <Baseline points="1260,4858 1304,4861 1348,4861 1393,4861 1438,4861 1483,4861 1528,4864 1572,4864 1617,4861 1662,4864 1707,4864 1751,4864 1796,4864 1841,4867 1886,4867 1930,4867 1975,4867 2020,4867 2065,4867 2110,4867 2154,4867 2157,4867 2172,4867"/>
               <TextEquiv>
                  <Unicode>von den roten Flammen, die in regelmäßigen Zeit¬</Unicode>
               </TextEquiv>
            </TextLine>
            <TextLine id="r_6_tl_8" custom="readingOrder {index:7;}">
               <Coords points="1254,4906 2171,4919 2171,4883 2066,4870 1254,4872"/>
               <Baseline points="1260,4897 1304,4894 1348,4894 1393,4897 1438,4894 1483,4897 1528,4897 1572,4897 1617,4897 1662,4897 1707,4897 1751,4897 1796,4897 1841,4897 1886,4900 1930,4900 1975,4900 2020,4900 2065,4900 2110,4900 2154,4903 2160,4900 2172,4901"/>
               <TextEquiv>
                  <Unicode>räumen aus den Türmen der Hochöfen emporschlagen.\:p\</Unicode>
               </TextEquiv>
            </TextLine>
            <TextLine id="r_6_tl_9" custom="readingOrder {index:8;}">
               <Coords points="1313,4939 2170,4948 2155,4909 1313,4906"/>
               <Baseline points="1319,4930 1363,4927 1408,4930 1453,4930 1498,4930 1542,4930 1587,4930 1632,4930 1677,4930 1722,4930 1766,4930 1811,4933 1856,4933 1901,4933 1945,4933 1990,4933 2035,4933 2080,4933 2124,4933 2160,4936 2172,4936"/>
               <TextEquiv>
                  <Unicode>\p\Ein kostbarer Empfehlungsbrief tat am folgenden</Unicode>
               </TextEquiv>
            </TextLine>
            <TextLine id="r_6_tl_10" custom="readingOrder {index:9;}">
               <Coords points="1254,4975 2081,4985 2171,4974 2171,4948 1253,4939"/>
               <Baseline points="1260,4965 1262,4966 1307,4963 1351,4963 1396,4963 1441,4963 1486,4963 1531,4963 1575,4963 1620,4963 1665,4963 1710,4963 1754,4963 1799,4963 1844,4963 1889,4966 1933,4969 1978,4969 2023,4966 2068,4966 2113,4966 2157,4969 2160,4969 2172,4969"/>
               <TextEquiv>
                  <Unicode>Tag seinen Dienst: eine Packard–Limousine brachte</Unicode>
               </TextEquiv>
            </TextLine>
            <TextLine id="r_6_tl_11" custom="readingOrder {index:10;}">
               <Coords points="1254,5005 2081,5022 2171,5012 2171,4979 1253,4975"/>
               <Baseline points="1260,4998 1262,4999 1307,4996 1351,4996 1396,4996 1441,4999 1486,4999 1531,4996 1575,4996 1620,4999 1665,4996 1710,4999 1754,4999 1799,4999 1844,5002 1889,4999 1933,4999 1978,5002 2023,5002 2068,5002 2113,5002 2157,5004 2160,5002 2172,5002"/>
               <TextEquiv>
                  <Unicode>uns dreißig Meilen durch die Vorstädte Pittsburghs</Unicode>
               </TextEquiv>
            </TextLine>
            <TextLine id="r_6_tl_12" custom="readingOrder {index:11;}">
               <Coords points="1254,5040 2171,5048 2162,5010 1254,5006"/>
               <Baseline points="1260,5028 1304,5028 1348,5028 1393,5028 1438,5028 1483,5028 1528,5031 1572,5031 1617,5031 1662,5031 1707,5031 1751,5034 1796,5034 1841,5031 1886,5034 1930,5034 1975,5034 2020,5034 2065,5034 2110,5037 2154,5037 2157,5037 2172,5037"/>
               <TextEquiv>
                  <Unicode>nach Aliquippa hinaus, wo Jones &amp; Laughlin, die</Unicode>
               </TextEquiv>
            </TextLine>
            <TextLine id="r_6_tl_13" custom="readingOrder {index:12;}">
               <Coords points="1254,5070 2104,5086 2160,5080 2160,5046 1253,5042"/>
               <Baseline points="1260,5061 1304,5064 1348,5064 1393,5064 1438,5067 1483,5064 1528,5064 1572,5064 1617,5064 1662,5064 1707,5067 1751,5067 1796,5067 1841,5067 1886,5067 1930,5070 1975,5070 2020,5070 2065,5070 2110,5070 2154,5070 2163,5070"/>
               <TextEquiv>
                  <Unicode>viertgrößte Stahl–Gesellschaft der U. S. A., elftausend</Unicode>
               </TextEquiv>
            </TextLine>
            <TextLine id="r_6_tl_14" custom="readingOrder {index:13;}">
               <Coords points="1254,5105 2171,5113 2146,5077 1254,5070"/>
               <Baseline points="1260,5097 1304,5097 1348,5097 1393,5097 1438,5097 1483,5100 1528,5097 1572,5100 1617,5100 1662,5100 1707,5100 1751,5100 1796,5100 1841,5100 1886,5100 1930,5103 1975,5103 2020,5103 2065,5103 2110,5103 2154,5103 2172,5104"/>
               <TextEquiv>
                  <Unicode>Arbeiter in einem einzigen Stahlwerk beschäftigt. Es</Unicode>
               </TextEquiv>
            </TextLine>
            <TextLine id="r_6_tl_15" custom="readingOrder {index:14;}">
               <Coords points="1255,5140 2170,5143 2170,5113 2114,5108 1255,5105"/>
               <Baseline points="1262,5130 1307,5130 1351,5130 1396,5130 1441,5130 1486,5130 1531,5133 1575,5133 1620,5133 1665,5133 1710,5136 1754,5136 1799,5136 1844,5136 1889,5136 1933,5139 1978,5136 2023,5136 2068,5136 2113,5136 2157,5139 2163,5139 2172,5138"/>
               <TextEquiv>
                  <Unicode>bedurfte einer Reihe von Formalitäten, bis wir das</Unicode>
               </TextEquiv>
            </TextLine>
            <TextLine id="r_6_tl_16" custom="readingOrder {index:15;}">
               <Coords points="1254,5174 2171,5185 2171,5152 2089,5141 1254,5138"/>
               <Baseline points="1260,5166 1304,5166 1348,5166 1393,5166 1438,5166 1483,5166 1528,5166 1572,5166 1617,5166 1662,5166 1707,5166 1751,5166 1796,5169 1841,5169 1886,5169 1930,5172 1975,5172 2020,5172 2065,5169 2110,5169 2154,5175 2163,5175 2172,5176"/>
               <TextEquiv>
                  <Unicode>über vier Meilen ausgedehnte Fabrikareal betreten</Unicode>
               </TextEquiv>
            </TextLine>
            <TextLine id="r_6_tl_17" custom="readingOrder {index:16;}">
               <Coords points="1254,5206 2154,5214 2141,5180 2028,5174 1254,5174"/>
               <Baseline points="1260,5198 1262,5198 1307,5198 1351,5198 1396,5198 1441,5196 1486,5198 1531,5201 1575,5201 1620,5198 1665,5201 1710,5201 1754,5201 1799,5201 1844,5204 1889,5204 1933,5204 1978,5204 2023,5204 2068,5204 2113,5204 2157,5207"/>
               <TextEquiv>
                  <Unicode>durften, – die Herren in ihren Bureaux flüsterten</Unicode>
               </TextEquiv>
            </TextLine>
            <TextLine id="r_6_tl_18" custom="readingOrder {index:17;}">
               <Coords points="1254,5242 2171,5246 2171,5215 2118,5212 1254,5206"/>
               <Baseline points="1260,5231 1304,5231 1348,5231 1393,5231 1438,5231 1483,5231 1528,5231 1572,5234 1617,5234 1662,5234 1707,5234 1751,5234 1796,5234 1841,5237 1886,5237 1930,5237 1975,5237 2020,5237 2065,5237 2110,5237 2154,5240 2163,5240 2172,5240"/>
               <TextEquiv>
                  <Unicode>und telephonierten, zwei junge Ingenieure wurden</Unicode>
               </TextEquiv>
            </TextLine>
            <TextLine id="r_6_tl_19" custom="readingOrder {index:18;}">
               <Coords points="1254,5273 2171,5285 2144,5246 1254,5242"/>
               <Baseline points="1260,5267 1265,5267 1310,5267 1354,5267 1399,5264 1444,5264 1489,5267 1534,5267 1578,5267 1623,5267 1668,5267 1713,5267 1757,5267 1802,5270 1847,5270 1892,5270 1936,5270 1981,5270 2026,5273 2071,5273 2116,5273 2154,5276 2172,5274"/>
               <TextEquiv>
                  <Unicode>als Führer bestellt, Privatpolizisten der Gesellschaft,</Unicode>
               </TextEquiv>
            </TextLine>
            <TextLine id="r_6_tl_20" custom="readingOrder {index:19;}">
               <Coords points="1283,5308 2118,5315 2118,5281 1283,5276"/>
               <Baseline points="1289,5297 1334,5300 1378,5300 1423,5300 1468,5300 1513,5300 1557,5303 1602,5300 1647,5303 1692,5300 1736,5303 1781,5303 1826,5306 1871,5306 1916,5306 1960,5306 2005,5306 2050,5306 2095,5306 2121,5309"/>
               <TextEquiv>
                  <Unicode>– mit Revolvern und Gummiknüppeln ausgerüstet –,</Unicode>
               </TextEquiv>
            </TextLine>
            <TextLine id="r_6_tl_21" custom="readingOrder {index:20;}">
               <Coords points="1254,5345 2080,5356 2171,5351 2171,5326 1253,5309"/>
               <Baseline points="1260,5330 1304,5333 1348,5333 1393,5333 1438,5333 1483,5333 1528,5333 1572,5336 1617,5336 1662,5333 1707,5336 1751,5336 1796,5336 1841,5339 1886,5339 1930,5339 1975,5339 2020,5342 2065,5339 2110,5339 2154,5342 2157,5342 2172,5340"/>
               <TextEquiv>
                  <Unicode>verlangten Ausweise, man teilte uns mit, daß wir</Unicode>
               </TextEquiv>
            </TextLine>
            <TextLine id="r_6_tl_22" custom="readingOrder {index:21;}">
               <Coords points="1254,5382 2171,5389 2170,5352 1253,5346"/>
               <Baseline points="1260,5369 1304,5366 1348,5369 1393,5366 1438,5366 1483,5369 1528,5369 1572,5369 1617,5369 1662,5369 1707,5369 1751,5369 1796,5372 1841,5369 1886,5372 1930,5375 1975,5375 2020,5375 2065,5375 2110,5372 2154,5375 2163,5378 2172,5376"/>
               <TextEquiv>
                  <Unicode>nicht photographieren dürften, und daß wir seit zwei</Unicode>
               </TextEquiv>
            </TextLine>
            <TextLine id="r_6_tl_23" custom="readingOrder {index:22;}">
               <Coords points="1268,5423 2152,5425 2170,5389 1267,5378"/>
               <Baseline points="1274,5404 1319,5401 1363,5401 1408,5401 1453,5401 1498,5401 1542,5401 1587,5401 1632,5401 1677,5401 1722,5401 1766,5404 1811,5404 1856,5404 1901,5404 1945,5404 1990,5407 2035,5407 2080,5407 2124,5407 2163,5407 2172,5407"/>
               <TextEquiv>
                  <Unicode>Jahren die ersten Besucher weiblichen Geschlechts</Unicode>
               </TextEquiv>
            </TextLine>
            <TextLine id="r_6_tl_24" custom="readingOrder {index:23;}">
               <Coords points="1254,5446 2171,5453 2171,5417 1254,5410"/>
               <Baseline points="1260,5437 1265,5437 1310,5434 1354,5434 1399,5431 1444,5434 1489,5434 1534,5434 1578,5437 1623,5437 1668,5437 1713,5437 1757,5440 1802,5440 1847,5440 1892,5440 1936,5440 1981,5440 2026,5440 2071,5440 2116,5440 2160,5440 2163,5440 2172,5439"/>
               <TextEquiv>
                  <Unicode>seien. – Dann wurden wir eingeweiht in das Ge¬</Unicode>
               </TextEquiv>
            </TextLine>
            <TextLine id="r_6_tl_25" custom="readingOrder {index:24;}">
               <Coords points="1254,5479 2171,5482 2171,5448 2096,5444 1254,5446"/>
               <Baseline points="1260,5467 1304,5470 1348,5470 1393,5470 1438,5467 1483,5470 1528,5470 1572,5470 1617,5470 1662,5470 1707,5470 1751,5470 1796,5473 1841,5473 1886,5473 1930,5476 1975,5476 2020,5473 2065,5476 2110,5473 2154,5476 2160,5476 2172,5476"/>
               <TextEquiv>
                  <Unicode>heimnis des schmelzenden Elements. Der Anblick</Unicode>
               </TextEquiv>
            </TextLine>
            <TextLine id="r_6_tl_26" custom="readingOrder {index:25;}">
               <Coords points="1254,5509 2170,5527 2142,5482 1254,5480"/>
               <Baseline points="1260,5503 1304,5503 1348,5503 1393,5503 1438,5503 1483,5503 1528,5503 1572,5506 1617,5503 1662,5506 1707,5506 1751,5506 1796,5506 1841,5506 1886,5506 1930,5509 1975,5509 2020,5509 2065,5509 2110,5509 2154,5509 2172,5509"/>
               <TextEquiv>
                  <Unicode>war atemraubend: trotz aller perfekten technischen Er¬</Unicode>
               </TextEquiv>
            </TextLine>
            <TextLine id="r_6_tl_27" custom="readingOrder {index:26;}">
               <Coords points="1265,5550 2170,5551 2143,5519 1265,5513"/>
               <Baseline points="1271,5542 1316,5536 1360,5536 1405,5536 1450,5536 1495,5536 1539,5536 1584,5536 1629,5539 1674,5536 1719,5539 1763,5539 1808,5542 1853,5542 1898,5542 1942,5542 1987,5542 2032,5542 2077,5542 2121,5542 2160,5542 2172,5542"/>
               <TextEquiv>
                  <Unicode>findung und Routine schien es uns noch so elemen¬</Unicode>
               </TextEquiv>
            </TextLine>
            <TextLine id="r_6_tl_28" custom="readingOrder {index:27;}">
               <Coords points="1254,5575 2171,5587 2170,5552 1253,5552"/>
               <Baseline points="1260,5572 1304,5572 1348,5572 1393,5572 1438,5572 1483,5572 1528,5572 1572,5569 1617,5572 1662,5572 1707,5572 1751,5572 1796,5572 1841,5572 1886,5575 1930,5575 1975,5578 2020,5578 2065,5578 2110,5578 2154,5581 2169,5581 2172,5580"/>
               <TextEquiv>
                  <Unicode>tar zuzugehen wie in Wielands Schmiede. Koks,</Unicode>
               </TextEquiv>
            </TextLine>
            <TextLine id="r_6_tl_29" custom="readingOrder {index:28;}">
               <Coords points="1254,5615 2171,5622 2146,5585 1254,5580"/>
               <Baseline points="1260,5607 1265,5607 1310,5604 1354,5604 1399,5604 1444,5604 1489,5604 1534,5604 1578,5604 1623,5604 1668,5604 1713,5604 1757,5604 1802,5607 1847,5610 1892,5610 1936,5610 1981,5610 2026,5610 2071,5610 2116,5610 2151,5610 2172,5609"/>
               <TextEquiv>
                  <Unicode>Limbstone und Roheisen kochen in offenen Oefen, ge¬</Unicode>
               </TextEquiv>
            </TextLine>
            <TextLine id="r_6_tl_30" custom="readingOrder {index:29;}">
               <Coords points="1255,5650 2170,5662 2168,5623 2104,5612 1254,5614"/>
               <Baseline points="1260,5640 1304,5637 1348,5637 1393,5637 1438,5640 1483,5640 1528,5637 1572,5640 1617,5640 1662,5640 1707,5640 1751,5640 1796,5640 1841,5640 1886,5643 1930,5643 1975,5646 2020,5643 2065,5643 2110,5643 2154,5646 2172,5645"/>
               <TextEquiv>
                  <Unicode>preßte Luft reinigt die Mischung in Atemstößen,</Unicode>
               </TextEquiv>
            </TextLine>
            <TextLine id="r_6_tl_31" custom="readingOrder {index:30;}">
               <Coords points="1254,5682 2171,5686 2134,5651 1254,5651"/>
               <Baseline points="1260,5673 1304,5670 1348,5673 1393,5673 1438,5670 1483,5673 1528,5673 1572,5673 1617,5673 1662,5673 1707,5673 1751,5673 1796,5676 1841,5676 1886,5676 1930,5676 1975,5679 2020,5679 2065,5676 2110,5676 2154,5679 2157,5679 2172,5677"/>
               <TextEquiv>
                  <Unicode>welche gewaltige Funkengarben durch die Halle zer¬</Unicode>
               </TextEquiv>
            </TextLine>
            <TextLine id="r_6_tl_32" custom="readingOrder {index:31;}">
               <Coords points="1259,5720 2170,5729 2170,5692 2124,5686 1259,5682"/>
               <Baseline points="1265,5709 1310,5706 1354,5706 1399,5706 1444,5706 1489,5706 1534,5706 1578,5709 1623,5706 1668,5706 1713,5706 1757,5709 1802,5709 1847,5709 1892,5709 1936,5709 1981,5712 2026,5712 2071,5712 2116,5712 2160,5715 2172,5715"/>
               <TextEquiv>
                  <Unicode>streuen. Dann neigt sich der Ofen, und der flüssige</Unicode>
               </TextEquiv>
            </TextLine>
            <TextLine id="r_6_tl_33" custom="readingOrder {index:32;}">
               <Coords points="1254,5753 2153,5759 2160,5720 1253,5722"/>
               <Baseline points="1260,5742 1268,5742 1313,5739 1357,5739 1402,5739 1447,5739 1492,5739 1537,5742 1581,5742 1626,5739 1671,5739 1716,5742 1760,5742 1805,5742 1850,5742 1895,5745 1939,5745 1984,5745 2029,5745 2074,5745 2118,5745 2163,5748 2172,5770"/>
               <TextEquiv>
                  <Unicode>Stahl schießt in einem wasserhellen Strahl in einen</Unicode>
               </TextEquiv>
            </TextLine>
            <TextLine id="r_6_tl_34" custom="readingOrder {index:33;}">
               <Coords points="1254,5785 2166,5798 2146,5755 1254,5749"/>
               <Baseline points="1260,5774 1304,5774 1348,5774 1393,5774 1438,5774 1483,5774 1528,5774 1572,5774 1617,5774 1662,5774 1707,5774 1751,5774 1796,5774 1841,5777 1886,5777 1930,5777 1975,5777 2020,5780 2065,5777 2110,5777 2154,5783 2169,5780"/>
               <TextEquiv>
                  <Unicode>riesigen Kessel. Wir beobachteten von einer Brüstung</Unicode>
               </TextEquiv>
            </TextLine>
            <TextLine id="r_6_tl_35" custom="readingOrder {index:34;}">
               <Coords points="1254,5813 2171,5825 2126,5786 1253,5784"/>
               <Baseline points="1260,5808 1265,5807 1310,5807 1354,5810 1399,5807 1444,5807 1489,5810 1534,5807 1578,5807 1623,5807 1668,5807 1713,5807 1757,5807 1802,5810 1847,5810 1892,5810 1936,5813 1981,5813 2026,5813 2071,5813 2116,5813 2160,5816 2172,5815"/>
               <TextEquiv>
                  <Unicode>aus, wie die Männer neben uns, in Asbestmänteln,</Unicode>
               </TextEquiv>
            </TextLine>
            <TextLine id="r_6_tl_36" custom="readingOrder {index:35;}">
               <Coords points="1254,5855 2171,5856 2171,5825 2131,5822 1254,5816"/>
               <Baseline points="1260,5843 1304,5840 1348,5840 1393,5840 1438,5840 1483,5843 1528,5843 1572,5840 1617,5840 1662,5843 1707,5843 1751,5843 1796,5843 1841,5843 1886,5843 1930,5846 1975,5846 2020,5846 2065,5846 2110,5846 2154,5846 2172,5849"/>
               <TextEquiv>
                  <Unicode>die Augen mit blauen Gläsern geschützt, vorstürzten</Unicode>
               </TextEquiv>
            </TextLine>
            <TextLine id="r_6_tl_37" custom="readingOrder {index:36;}">
               <Coords points="1254,5885 2171,5891 2171,5856 1254,5855"/>
               <Baseline points="1260,5876 1304,5876 1348,5876 1393,5876 1438,5876 1483,5876 1528,5876 1572,5876 1617,5876 1662,5879 1707,5876 1751,5876 1796,5876 1841,5876 1886,5879 1930,5879 1975,5882 2020,5882 2065,5882 2110,5879 2154,5882 2172,5881"/>
               <TextEquiv>
                  <Unicode>und Manganerz in die unheimlich kochende Mischung</Unicode>
               </TextEquiv>
            </TextLine>
            <TextLine id="r_6_tl_38" custom="readingOrder {index:37;}">
               <Coords points="1254,5918 2171,5923 2138,5890 1254,5885"/>
               <Baseline points="1260,5909 1304,5909 1348,5909 1393,5909 1438,5909 1483,5912 1528,5912 1572,5912 1617,5912 1662,5912 1707,5912 1751,5912 1796,5912 1841,5912 1886,5912 1930,5912 1975,5912 2020,5915 2065,5915 2110,5915 2154,5915 2157,5915 2172,5915"/>
               <TextEquiv>
                  <Unicode>schaufelten. Ein Kran bewegte sich heran, hob den</Unicode>
               </TextEquiv>
            </TextLine>
            <TextLine id="r_6_tl_39" custom="readingOrder {index:38;}">
               <Coords points="1254,5954 2171,5958 2171,5924 2006,5916 1254,5918"/>
               <Baseline points="1260,5945 1304,5945 1348,5945 1393,5942 1438,5945 1483,5945 1528,5945 1572,5945 1617,5945 1662,5945 1707,5948 1751,5948 1796,5945 1841,5945 1886,5945 1930,5948 1975,5948 2020,5948 2065,5948 2110,5948 2154,5951 2163,5951 2172,5951"/>
               <TextEquiv>
                  <Unicode>Kessel zu den wartenden Formen und füllte sie mit</Unicode>
               </TextEquiv>
            </TextLine>
            <TextLine id="r_6_tl_40" custom="readingOrder {index:39;}">
               <Coords points="1254,5988 2148,5992 2111,5957 1254,5959"/>
               <Baseline points="1260,5977 1304,5977 1348,5977 1393,5977 1438,5977 1483,5977 1528,5977 1572,5977 1617,5980 1662,5980 1707,5980 1751,5980 1796,5977 1841,5980 1886,5980 1930,5980 1975,5980 2020,5983 2065,5983 2110,5983 2151,5983"/>
               <TextEquiv>
                  <Unicode>dem brodelnden Metall, das, in Blöcke gepreßt, noch</Unicode>
               </TextEquiv>
            </TextLine>
            <TextLine id="r_6_tl_41" custom="readingOrder {index:40;}">
               <Coords points="1254,6020 2153,6029 2153,5992 1254,5988"/>
               <Baseline points="1260,6011 1265,6010 1310,6010 1354,6010 1399,6013 1444,6013 1489,6013 1534,6013 1578,6013 1623,6013 1668,6013 1713,6013 1757,6013 1802,6013 1847,6013 1892,6013 1936,6013 1981,6013 2026,6016 2071,6016 2116,6019 2154,6019"/>
               <TextEquiv>
                  <Unicode>glühend, in Bäder getaucht und dann in Schienen ge¬</Unicode>
               </TextEquiv>
            </TextLine>
            <TextLine id="r_6_tl_42" custom="readingOrder {index:41;}">
               <Coords points="1254,6058 2171,6066 2171,6020 1254,6019"/>
               <Baseline points="1260,6046 1265,6046 1310,6043 1354,6043 1399,6046 1444,6046 1489,6046 1534,6049 1578,6046 1623,6046 1668,6049 1713,6046 1757,6046 1802,6049 1847,6046 1892,6049 1936,6049 1981,6049 2026,6049 2071,6049 2116,6049 2160,6052 2169,6052 2172,6052"/>
               <TextEquiv>
                  <Unicode>schleudert wurde: durch endlose Hallen schoß der rote</Unicode>
               </TextEquiv>
            </TextLine>
            <TextLine id="r_6_tl_43" custom="readingOrder {index:42;}">
               <Coords points="1254,6108 2171,6103 2171,6066 2102,6055 1254,6058"/>
               <Baseline points="1260,6083 1277,6082 1322,6082 1366,6082 1411,6082 1456,6082 1501,6082 1545,6082 1590,6085 1635,6082 1680,6082 1725,6085 1769,6085 1814,6085 1859,6088 1904,6085 1948,6082 1993,6085 2038,6088 2083,6085 2127,6088 2172,6088"/>
               <TextEquiv>
                  <Unicode>Block, wurde von Backen erfaßt, schmaler gepreßt,</Unicode>
               </TextEquiv>
            </TextLine>
            <TextEquiv>
               <Unicode/>
            </TextEquiv>
         </TextRegion>
         <TextRegion id="r_7" custom="readingOrder {index:2;}">
            <Coords points="2183,4632 3112,4632 3112,6124 2183,6124"/>
            <TextLine id="r_7_tl_1" custom="readingOrder {index:0;}">
               <Coords points="2178,4679 3092,4676 3091,4639 2177,4639"/>
               <Baseline points="2183,4666 2196,4667 2241,4664 2286,4667 2330,4664 2375,4667 2420,4667 2465,4667 2509,4667 2554,4667 2599,4667 2644,4667 2689,4667 2733,4667 2778,4670 2823,4670 2868,4667 2912,4667 2957,4670 3002,4667 3047,4667 3091,4670 3094,4670 3112,4691"/>
               <TextEquiv>
                  <Unicode>schoß weiter, eine glühende Schlange, bis die Männer</Unicode>
               </TextEquiv>
            </TextLine>
            <TextLine id="r_7_tl_2" custom="readingOrder {index:1;}">
               <Coords points="2177,4709 3088,4721 3070,4675 2177,4692"/>
               <Baseline points="2183,4700 2190,4700 2235,4697 2280,4700 2324,4700 2369,4700 2414,4700 2459,4700 2503,4700 2548,4700 2593,4700 2638,4703 2683,4703 2727,4700 2772,4700 2817,4700 2862,4700 2906,4703 2951,4703 2996,4703 3041,4703 3085,4703 3091,4703"/>
               <TextEquiv>
                  <Unicode>am Ende der Schiene sie auffingen und in Stahl¬</Unicode>
               </TextEquiv>
            </TextLine>
            <TextLine id="r_7_tl_3" custom="readingOrder {index:2;}">
               <Coords points="2177,4744 2885,4747 2885,4720 2814,4711 2177,4710"/>
               <Baseline points="2183,4735 2193,4736 2238,4733 2283,4733 2327,4733 2372,4733 2417,4733 2462,4733 2506,4733 2551,4736 2596,4736 2641,4736 2686,4736 2730,4736 2775,4736 2820,4736 2865,4736 2888,4736"/>
               <TextEquiv>
                  <Unicode>bänder von handlicher Länge zerschnitten.\:p\</Unicode>
               </TextEquiv>
            </TextLine>
            <TextLine id="r_7_tl_4" custom="readingOrder {index:3;}">
               <Coords points="2238,4776 3109,4781 3109,4740 2994,4729 2951,4757 2238,4742"/>
               <Baseline points="2244,4769 2289,4769 2333,4769 2378,4766 2423,4769 2468,4766 2512,4769 2557,4769 2602,4769 2647,4769 2692,4769 2736,4769 2781,4769 2826,4769 2871,4769 2915,4769 2960,4769 3005,4769 3050,4769 3094,4775 3112,4772"/>
               <TextEquiv>
                  <Unicode>\p\Vier Stunden dauerte der Gang durch das Werk,</Unicode>
               </TextEquiv>
            </TextLine>
            <TextLine id="r_7_tl_5" custom="readingOrder {index:4;}">
               <Coords points="2177,4813 3109,4813 3109,4780 2177,4783"/>
               <Baseline points="2183,4802 2190,4802 2235,4799 2280,4802 2324,4802 2369,4802 2414,4802 2459,4802 2503,4802 2548,4802 2593,4802 2638,4802 2683,4805 2727,4805 2772,4802 2817,4805 2862,4802 2906,4802 2951,4802 2996,4802 3041,4802 3085,4802 3097,4805 3112,4803"/>
               <TextEquiv>
                  <Unicode>glühende Hitze wechselte mit eisigem Januarwind in</Unicode>
               </TextEquiv>
            </TextLine>
            <TextLine id="r_7_tl_6" custom="readingOrder {index:5;}">
               <Coords points="2177,4849 3080,4854 3108,4811 2176,4824"/>
               <Baseline points="2183,4832 2193,4831 2238,4834 2283,4834 2327,4834 2372,4834 2417,4834 2462,4834 2506,4834 2551,4834 2596,4837 2641,4834 2686,4837 2730,4837 2775,4840 2820,4837 2865,4837 2909,4834 2954,4837 2999,4834 3044,4837 3088,4837 3112,4837"/>
               <TextEquiv>
                  <Unicode>offenen Hallen, das weißblendende Feuer der Schmelz¬</Unicode>
               </TextEquiv>
            </TextLine>
            <TextLine id="r_7_tl_7" custom="readingOrder {index:6;}">
               <Coords points="2177,4883 3085,4885 3047,4844 2177,4848"/>
               <Baseline points="2183,4867 2190,4867 2235,4867 2280,4867 2324,4867 2369,4867 2414,4867 2459,4867 2503,4870 2548,4870 2593,4870 2638,4867 2683,4870 2727,4870 2772,4870 2817,4870 2862,4870 2906,4870 2951,4870 2996,4870 3041,4870 3085,4873 3088,4873"/>
               <TextEquiv>
                  <Unicode>öfen mit dem violetten Licht in der Zinn–Abteilung,</Unicode>
               </TextEquiv>
            </TextLine>
            <TextLine id="r_7_tl_8" custom="readingOrder {index:7;}">
               <Coords points="2177,4904 3110,4914 3071,4879 2177,4884"/>
               <Baseline points="2183,4902 2190,4903 2235,4900 2280,4903 2324,4903 2369,4900 2414,4903 2459,4903 2503,4903 2548,4903 2593,4903 2638,4903 2683,4903 2727,4903 2772,4903 2817,4903 2862,4903 2906,4903 2951,4903 2996,4903 3041,4903 3085,4903 3094,4906 3112,4906"/>
               <TextEquiv>
                  <Unicode>das ohrenbetäubende Zischen der Flammen mit dem</Unicode>
               </TextEquiv>
            </TextLine>
            <TextLine id="r_7_tl_9" custom="readingOrder {index:8;}">
               <Coords points="2177,4952 3109,4944 3109,4913 2177,4904"/>
               <Baseline points="2183,4936 2190,4936 2235,4933 2280,4936 2324,4936 2369,4936 2414,4936 2459,4936 2503,4936 2548,4936 2593,4936 2638,4936 2683,4936 2727,4936 2772,4936 2817,4936 2862,4936 2906,4936 2951,4939 2996,4939 3041,4939 3085,4939 3094,4939 3112,4939"/>
               <TextEquiv>
                  <Unicode>nervenzerrüttend gleichmäßigen Geräusch der Spezial¬</Unicode>
               </TextEquiv>
            </TextLine>
            <TextLine id="r_7_tl_10" custom="readingOrder {index:9;}">
               <Coords points="2177,4975 3109,4988 3098,4944 2177,4957"/>
               <Baseline points="2183,4969 2190,4969 2235,4969 2280,4969 2324,4969 2369,4972 2414,4969 2459,4969 2503,4972 2548,4969 2593,4969 2638,4969 2683,4972 2727,4972 2772,4972 2817,4972 2862,4972 2906,4969 2951,4972 2996,4969 3041,4972 3085,4972 3097,4975 3112,4973"/>
               <TextEquiv>
                  <Unicode>maschinen in den Maschinensälen, der Geruch von</Unicode>
               </TextEquiv>
            </TextLine>
            <TextLine id="r_7_tl_11" custom="readingOrder {index:10;}">
               <Coords points="2177,5020 3109,5020 3109,4991 3011,4978 2177,4980"/>
               <Baseline points="2183,5002 2193,5002 2238,5002 2283,5002 2327,5002 2372,5004 2417,5002 2462,5002 2506,5004 2551,5004 2596,5004 2641,5002 2686,5004 2730,5002 2775,5004 2820,5004 2865,5004 2909,5004 2954,5004 2999,5004 3044,5004 3088,5010 3097,5010 3112,5009"/>
               <TextEquiv>
                  <Unicode>Kohle und Schwefel mit dem von chemischen Bädern,</Unicode>
               </TextEquiv>
            </TextLine>
            <TextLine id="r_7_tl_12" custom="readingOrder {index:11;}">
               <Coords points="2177,5056 2951,5050 2922,5016 2177,5020"/>
               <Baseline points="2183,5037 2190,5037 2235,5034 2280,5037 2324,5037 2369,5037 2414,5037 2459,5037 2503,5037 2548,5037 2593,5037 2638,5037 2683,5037 2727,5037 2772,5037 2817,5037 2862,5037 2906,5040 2951,5043 2954,5040"/>
               <TextEquiv>
                  <Unicode>wo Draht gereinigt und amalgamiert wurde.\:p\</Unicode>
               </TextEquiv>
            </TextLine>
            <TextLine id="r_7_tl_13" custom="readingOrder {index:12;}">
               <Coords points="2238,5082 3109,5082 3109,5050 3019,5042 2238,5046"/>
               <Baseline points="2244,5073 2289,5070 2333,5070 2378,5070 2423,5070 2468,5070 2512,5070 2557,5073 2602,5070 2647,5070 2692,5070 2736,5070 2781,5070 2826,5070 2871,5070 2915,5073 2960,5070 3005,5073 3050,5073 3094,5073 3100,5073 3112,5073"/>
               <TextEquiv>
                  <Unicode>\p\Mit uns verließen in der Abenddämmerung Scha¬</Unicode>
               </TextEquiv>
            </TextLine>
            <TextLine id="r_7_tl_14" custom="readingOrder {index:13;}">
               <Coords points="2177,5106 3100,5128 3109,5082 2176,5071"/>
               <Baseline points="2183,5105 2196,5106 2241,5103 2286,5103 2330,5103 2375,5103 2420,5103 2465,5103 2509,5103 2554,5103 2599,5103 2644,5106 2689,5106 2733,5103 2778,5106 2823,5106 2868,5106 2912,5106 2957,5106 3002,5106 3047,5106 3091,5109 3100,5109 3112,5110"/>
               <TextEquiv>
                  <Unicode>ren von Arbeitern das Werk, neue fluteten herein, um</Unicode>
               </TextEquiv>
            </TextLine>
            <TextLine id="r_7_tl_15" custom="readingOrder {index:14;}">
               <Coords points="2177,5150 3109,5155 3109,5126 3036,5111 2177,5106"/>
               <Baseline points="2183,5137 2190,5136 2235,5136 2280,5136 2324,5136 2369,5136 2414,5136 2459,5139 2503,5139 2548,5139 2593,5139 2638,5139 2683,5139 2727,5139 2772,5142 2817,5139 2862,5139 2906,5142 2951,5142 2996,5142 3041,5142 3085,5145 3091,5142 3112,5142"/>
               <TextEquiv>
                  <Unicode>die Nachtschicht zu übernehmen. Die bewaffneten Poli¬</Unicode>
               </TextEquiv>
            </TextLine>
            <TextLine id="r_7_tl_16" custom="readingOrder {index:15;}">
               <Coords points="2177,5178 2218,5194 2782,5184 2782,5153 2760,5150 2177,5152"/>
               <Baseline points="2183,5177 2190,5178 2202,5175 2247,5172 2292,5172 2336,5172 2381,5172 2426,5172 2471,5172 2515,5172 2560,5172 2605,5172 2650,5172 2694,5172 2739,5175 2784,5175"/>
               <TextEquiv>
                  <Unicode>zisten kontrollierten ihre Ausweise ...\:p\</Unicode>
               </TextEquiv>
            </TextLine>
            <TextLine id="r_7_tl_17" custom="readingOrder {index:16;}">
               <Coords points="2232,5219 3109,5233 3109,5183 3018,5167 2232,5186"/>
               <Baseline points="2238,5210 2283,5207 2327,5204 2372,5204 2417,5204 2462,5204 2506,5207 2551,5204 2596,5204 2641,5204 2686,5204 2730,5204 2775,5207 2820,5207 2865,5207 2909,5207 2954,5207 2999,5207 3044,5207 3088,5210 3094,5213 3112,5216"/>
               <TextEquiv>
                  <Unicode>\p\Wir versuchten, während der Rückfahrt, die Mei¬</Unicode>
               </TextEquiv>
            </TextLine>
            <TextLine id="r_7_tl_18" custom="readingOrder {index:17;}">
               <Coords points="2177,5240 3109,5249 3012,5216 2177,5212"/>
               <Baseline points="2183,5240 2193,5240 2238,5237 2283,5237 2327,5237 2372,5237 2417,5237 2462,5240 2506,5240 2551,5240 2596,5237 2641,5237 2686,5237 2730,5237 2775,5240 2820,5240 2865,5243 2909,5240 2954,5243 2999,5243 3044,5243 3088,5243 3094,5243 3112,5246"/>
               <TextEquiv>
                  <Unicode>nung unseres Begleiters über die von Lewis unter¬</Unicode>
               </TextEquiv>
            </TextLine>
            <TextLine id="r_7_tl_19" custom="readingOrder {index:18;}">
               <Coords points="2177,5275 3109,5282 3096,5250 2780,5239 2177,5255"/>
               <Baseline points="2183,5273 2184,5273 2229,5270 2274,5270 2318,5273 2363,5273 2408,5273 2453,5273 2498,5273 2542,5273 2587,5273 2632,5273 2677,5273 2721,5273 2766,5273 2811,5273 2856,5276 2900,5276 2945,5273 2990,5276 3035,5276 3079,5276 3094,5276 3112,5279"/>
               <TextEquiv>
                  <Unicode>nommene Kampagne zur Organisierung der Stahl¬</Unicode>
               </TextEquiv>
            </TextLine>
            <TextLine id="r_7_tl_20" custom="readingOrder {index:19;}">
               <Coords points="2178,5308 3109,5322 3090,5287 2974,5279 2178,5287"/>
               <Baseline points="2184,5306 2229,5303 2274,5306 2318,5306 2363,5306 2408,5306 2453,5306 2498,5306 2542,5306 2587,5306 2632,5306 2677,5306 2721,5306 2766,5306 2811,5309 2856,5312 2900,5309 2945,5309 2990,5309 3035,5309 3079,5312 3094,5312 3112,5315"/>
               <TextEquiv>
                  <Unicode>arbeiter in einer einzigen sogenannten „Industriellen</Unicode>
               </TextEquiv>
            </TextLine>
            <TextLine id="r_7_tl_21" custom="readingOrder {index:20;}">
               <Coords points="2177,5341 3094,5362 3108,5327 2176,5327"/>
               <Baseline points="2183,5339 2190,5339 2235,5339 2280,5339 2324,5339 2369,5339 2414,5339 2459,5339 2503,5342 2548,5339 2593,5339 2638,5339 2683,5342 2727,5342 2772,5342 2817,5342 2862,5342 2906,5345 2951,5345 2996,5345 3041,5345 3085,5345 3100,5345 3112,5347"/>
               <TextEquiv>
                  <Unicode>Gewerkschaft" zu erfahren. Er antwortete ungern, und</Unicode>
               </TextEquiv>
            </TextLine>
            <TextLine id="r_7_tl_22" custom="readingOrder {index:21;}">
               <Coords points="2177,5382 3109,5394 3108,5353 2177,5365"/>
               <Baseline points="2183,5374 2193,5372 2238,5372 2283,5372 2327,5372 2372,5372 2417,5375 2462,5375 2506,5375 2551,5375 2596,5375 2641,5375 2686,5375 2730,5375 2775,5375 2820,5375 2865,5375 2909,5378 2954,5381 2999,5378 3044,5378 3088,5381 3091,5381 3112,5382"/>
               <TextEquiv>
                  <Unicode>ausweichend. „Unsere Leute“, behauptete er, „wollen</Unicode>
               </TextEquiv>
            </TextLine>
            <TextLine id="r_7_tl_23" custom="readingOrder {index:22;}">
               <Coords points="2177,5424 3109,5431 3079,5387 2177,5386"/>
               <Baseline points="2183,5407 2187,5407 2232,5404 2277,5404 2321,5404 2366,5407 2411,5404 2456,5404 2501,5407 2545,5407 2590,5407 2635,5407 2680,5407 2724,5407 2769,5410 2814,5410 2859,5410 2903,5410 2948,5410 2993,5410 3038,5410 3082,5413 3091,5413 3112,5415"/>
               <TextEquiv>
                  <Unicode>keine Einmischung von außen. Wir haben mit Lewis</Unicode>
               </TextEquiv>
            </TextLine>
            <TextLine id="r_7_tl_24" custom="readingOrder {index:23;}">
               <Coords points="2177,5448 3109,5461 3080,5422 2177,5425"/>
               <Baseline points="2183,5437 2184,5437 2229,5440 2274,5440 2318,5440 2363,5440 2408,5440 2453,5440 2498,5440 2542,5440 2587,5440 2632,5440 2677,5440 2721,5440 2766,5443 2811,5443 2856,5443 2900,5446 2945,5446 2990,5446 3035,5446 3079,5446 3091,5446 3112,5449"/>
               <TextEquiv>
                  <Unicode>nichts zu schaffen.“ – Es klang unwahrscheinlich.</Unicode>
               </TextEquiv>
            </TextLine>
            <TextLine id="r_7_tl_25" custom="readingOrder {index:24;}">
               <Coords points="2177,5485 3079,5492 3072,5455 2177,5448"/>
               <Baseline points="2183,5476 2190,5476 2235,5473 2280,5476 2324,5473 2369,5473 2414,5473 2459,5473 2503,5473 2548,5473 2593,5473 2638,5476 2683,5479 2727,5479 2772,5479 2817,5479 2862,5479 2906,5479 2951,5479 2996,5482 3041,5482 3082,5482"/>
               <TextEquiv>
                  <Unicode>Aber unser Begleiter – als Vertreter eines der grös¬</Unicode>
               </TextEquiv>
            </TextLine>
            <TextLine id="r_7_tl_26" custom="readingOrder {index:25;}">
               <Coords points="2177,5513 2994,5530 3083,5528 3109,5495 2176,5489"/>
               <Baseline points="2183,5509 2196,5509 2241,5506 2286,5506 2330,5506 2375,5506 2420,5506 2465,5506 2509,5506 2554,5509 2599,5512 2644,5512 2689,5509 2733,5506 2778,5512 2823,5512 2868,5512 2912,5512 2957,5515 3002,5512 3047,5512 3091,5515 3094,5515 3112,5517"/>
               <TextEquiv>
                  <Unicode>ten Stahlwerke der U. S. A. – zog es vor, schwei¬</Unicode>
               </TextEquiv>
            </TextLine>
            <TextLine id="r_7_tl_27" custom="readingOrder {index:26;}">
               <Coords points="2177,5545 3109,5563 3101,5519 2177,5532"/>
               <Baseline points="2183,5542 2184,5542 2229,5539 2274,5539 2318,5539 2363,5542 2408,5542 2453,5542 2498,5542 2542,5542 2587,5542 2632,5545 2677,5542 2721,5545 2766,5545 2811,5545 2856,5548 2900,5548 2945,5548 2990,5548 3035,5548 3079,5548 3103,5554 3112,5554"/>
               <TextEquiv>
                  <Unicode>gend über die wichtigste Auseinandersetzung zwischen</Unicode>
               </TextEquiv>
            </TextLine>
            <TextLine id="r_7_tl_28" custom="readingOrder {index:27;}">
               <Coords points="2177,5580 3046,5593 3046,5568 2176,5558"/>
               <Baseline points="2183,5577 2193,5575 2238,5575 2283,5575 2327,5572 2372,5572 2417,5575 2462,5575 2506,5578 2551,5578 2596,5578 2641,5578 2686,5578 2730,5578 2775,5581 2820,5581 2865,5581 2909,5581 2954,5581 2999,5581 3044,5586 3047,5586"/>
               <TextEquiv>
                  <Unicode>Arbeitgebern und Arbeitnehmern hinwegzugehen, –</Unicode>
               </TextEquiv>
            </TextLine>
            <TextLine id="r_7_tl_29" custom="readingOrder {index:28;}">
               <Coords points="2177,5609 3109,5634 3109,5596 2176,5581"/>
               <Baseline points="2183,5608 2193,5607 2238,5607 2283,5607 2327,5607 2372,5607 2417,5607 2462,5607 2506,5607 2551,5610 2596,5610 2641,5610 2686,5613 2730,5613 2775,5613 2820,5613 2865,5613 2909,5613 2954,5613 2999,5613 3044,5616 3088,5616 3094,5616 3112,5618"/>
               <TextEquiv>
                  <Unicode>einer Auseinandersetzung, die seit dem von Lewis ge¬</Unicode>
               </TextEquiv>
            </TextLine>
            <TextLine id="r_7_tl_30" custom="readingOrder {index:29;}">
               <Coords points="2177,5652 3109,5662 3108,5634 3026,5623 2177,5621"/>
               <Baseline points="2183,5644 2199,5643 2244,5643 2289,5640 2333,5643 2378,5643 2423,5643 2468,5640 2512,5643 2557,5643 2602,5643 2647,5646 2692,5646 2736,5649 2781,5646 2826,5649 2871,5649 2915,5649 2960,5649 3005,5649 3050,5649 3091,5649 3112,5654"/>
               <TextEquiv>
                  <Unicode>leiteten „General–motors"–Streik in prinzipielle Bah¬</Unicode>
               </TextEquiv>
            </TextLine>
            <TextLine id="r_7_tl_31" custom="readingOrder {index:30;}">
               <Coords points="2177,5678 3110,5696 3089,5658 2177,5662"/>
               <Baseline points="2183,5676 2184,5676 2229,5676 2274,5676 2318,5676 2363,5676 2408,5679 2453,5679 2498,5679 2542,5679 2587,5679 2632,5679 2677,5679 2721,5685 2766,5685 2811,5685 2856,5685 2900,5688 2945,5688 2990,5685 3035,5688 3079,5688 3100,5688 3112,5690"/>
               <TextEquiv>
                  <Unicode>nen geleitet ist und eine der größten Fragen der</Unicode>
               </TextEquiv>
            </TextLine>
            <TextLine id="r_7_tl_32" custom="readingOrder {index:31;}">
               <Coords points="2177,5719 2958,5734 2885,5692 2177,5681"/>
               <Baseline points="2183,5712 2184,5712 2229,5709 2274,5709 2318,5709 2363,5709 2408,5709 2453,5715 2498,5712 2542,5712 2587,5715 2632,5715 2677,5715 2721,5715 2766,5715 2811,5718 2856,5718 2900,5721 2945,5724 2960,5724"/>
               <TextEquiv>
                  <Unicode>amerikanischen Zukunft beantworten wird ...\:p\</Unicode>
               </TextEquiv>
            </TextLine>
            <TextLine id="r_7_tl_34" custom="readingOrder {index:32;}">
               <Coords points="2232,5747 3109,5764 3109,5728 2981,5712 2878,5737 2232,5719"/>
               <Baseline points="2238,5745 2283,5745 2327,5745 2372,5745 2417,5745 2462,5745 2506,5745 2551,5748 2596,5748 2641,5748 2686,5748 2730,5751 2775,5751 2820,5754 2865,5754 2909,5751 2954,5754 2999,5754 3044,5754 3088,5757 3094,5757 3112,5758"/>
               <TextEquiv>
                  <Unicode>\p\Am nächsten Vormittag trafen wir in den Bureaux</Unicode>
               </TextEquiv>
            </TextLine>
            <TextLine id="r_7_tl_33" custom="readingOrder {index:33;}">
               <Coords points="2177,5780 3079,5798 3079,5770 2176,5746"/>
               <Baseline points="2183,5780 2220,5777 2265,5780 2309,5777 2354,5777 2399,5780 2444,5780 2489,5780 2533,5780 2578,5780 2623,5783 2668,5783 2712,5783 2757,5783 2802,5783 2847,5786 2891,5786 2936,5786 2981,5786 3026,5789 3071,5789 3082,5792"/>
               <TextEquiv>
                  <Unicode>des "Comités zur Organisierung der Stahlarbeiter"</Unicode>
               </TextEquiv>
            </TextLine>
            <TextLine id="r_7_tl_35" custom="readingOrder {index:34;}">
               <Coords points="2177,5822 3109,5836 3083,5796 2177,5795"/>
               <Baseline points="2183,5813 2205,5810 2250,5810 2295,5813 2339,5813 2384,5813 2429,5813 2474,5813 2518,5813 2563,5816 2608,5816 2653,5819 2697,5816 2742,5819 2787,5819 2832,5819 2877,5819 2921,5822 2966,5822 3011,5822 3056,5822 3094,5822 3112,5824"/>
               <TextEquiv>
                  <Unicode>einen jungen Mann, der, früher Collegestudent, end¬</Unicode>
               </TextEquiv>
            </TextLine>
            <TextLine id="r_7_tl_36" custom="readingOrder {index:35;}">
               <Coords points="2177,5849 3109,5856 3065,5831 2177,5822"/>
               <Baseline points="2183,5846 2226,5846 2271,5846 2315,5846 2360,5846 2405,5846 2450,5846 2495,5849 2539,5849 2584,5849 2629,5849 2674,5852 2718,5852 2763,5852 2808,5852 2853,5855 2897,5855 2942,5855 2987,5855 3032,5858 3077,5858 3091,5855 3112,5857"/>
               <TextEquiv>
                  <Unicode>lich als einfacher Arbeiter im Stahlwerk von Ali¬</Unicode>
               </TextEquiv>
            </TextLine>
            <TextLine id="r_7_tl_37" custom="readingOrder {index:36;}">
               <Coords points="2177,5896 3109,5904 3050,5866 2177,5857"/>
               <Baseline points="2183,5880 2199,5879 2244,5882 2289,5882 2333,5882 2378,5882 2423,5882 2468,5882 2512,5882 2557,5882 2602,5882 2647,5885 2692,5885 2736,5885 2781,5888 2826,5888 2871,5888 2915,5888 2960,5888 3005,5888 3050,5891 3094,5894 3112,5894"/>
               <TextEquiv>
                  <Unicode>quippa untergekommen ist. Von ihm erfuhren wir,</Unicode>
               </TextEquiv>
            </TextLine>
            <TextLine id="r_7_tl_38" custom="readingOrder {index:37;}">
               <Coords points="2177,5920 3109,5935 3109,5904 2854,5888 2177,5896"/>
               <Baseline points="2183,5915 2193,5915 2238,5918 2283,5915 2327,5915 2372,5918 2417,5918 2462,5918 2506,5915 2551,5918 2596,5918 2641,5918 2686,5921 2730,5921 2775,5924 2820,5924 2865,5924 2909,5924 2954,5924 2999,5924 3044,5924 3088,5924 3097,5924 3112,5924"/>
               <TextEquiv>
                  <Unicode>daß von den 11,000 Leuten von Jones &amp; Laughlin</Unicode>
               </TextEquiv>
            </TextLine>
            <TextLine id="r_7_tl_39" custom="readingOrder {index:38;}">
               <Coords points="2177,5957 3109,5968 3077,5934 2177,5921"/>
               <Baseline points="2183,5951 2190,5951 2235,5951 2280,5951 2324,5951 2369,5951 2414,5951 2459,5951 2503,5951 2548,5954 2593,5954 2638,5954 2683,5957 2727,5957 2772,5957 2817,5957 2862,5957 2906,5957 2951,5960 2996,5960 3041,5960 3085,5960 3100,5963 3112,5963"/>
               <TextEquiv>
                  <Unicode>bereits viertausend von der Organisation von John</Unicode>
               </TextEquiv>
            </TextLine>
            <TextLine id="r_7_tl_40" custom="readingOrder {index:39;}">
               <Coords points="2192,5994 3091,6002 3059,5968 2192,5960"/>
               <Baseline points="2199,5983 2244,5986 2289,5983 2333,5986 2378,5986 2423,5986 2468,5986 2512,5986 2557,5986 2602,5986 2647,5986 2692,5989 2736,5989 2781,5989 2826,5992 2871,5992 2915,5992 2960,5992 3005,5992 3050,5992 3094,5992 3112,6019"/>
               <TextEquiv>
                  <Unicode>L. Lewis erfaßt sind, – und daß die Gesellschaft im</Unicode>
               </TextEquiv>
            </TextLine>
            <TextLine id="r_7_tl_41" custom="readingOrder {index:40;}">
               <Coords points="2196,6030 3095,6041 3095,6008 3049,6000 2196,5995"/>
               <Baseline points="2202,6022 2247,6019 2292,6019 2336,6019 2381,6019 2426,6019 2471,6019 2515,6022 2560,6019 2605,6022 2650,6022 2694,6022 2739,6022 2784,6025 2829,6025 2874,6025 2918,6028 2963,6025 3008,6025 3053,6028 3097,6028 3112,6048"/>
               <TextEquiv>
                  <Unicode>Zeitraum von sechs Monaten nicht weniger als achtzig</Unicode>
               </TextEquiv>
            </TextLine>
            <TextLine id="r_7_tl_42" custom="readingOrder {index:41;}">
               <Coords points="2177,6064 3077,6085 3094,6040 2176,6035"/>
               <Baseline points="2183,6052 2190,6052 2235,6052 2280,6052 2324,6052 2369,6052 2414,6055 2459,6055 2503,6055 2548,6055 2593,6055 2638,6055 2683,6055 2727,6058 2772,6058 2817,6061 2862,6061 2906,6061 2951,6061 2996,6061 3041,6061 3085,6064 3097,6064 3103,6100 3112,6099"/>
               <TextEquiv>
                  <Unicode>Leute wegen organisatorischer Tätigkeit, wenn auch</Unicode>
               </TextEquiv>
            </TextLine>
            <TextLine id="r_7_tl_43" custom="readingOrder {index:42;}">
               <Coords points="2177,6100 2885,6107 2884,6068 2176,6062"/>
               <Baseline points="2183,6087 2217,6085 2262,6088 2307,6088 2351,6088 2396,6088 2441,6091 2486,6088 2530,6088 2575,6088 2620,6091 2665,6091 2709,6091 2754,6094 2799,6094 2844,6097 2888,6100"/>
               <TextEquiv>
                  <Unicode>unter anderen Vorwänden, entlassen hat.\:p\</Unicode>
               </TextEquiv>
            </TextLine>
            <TextEquiv>
               <Unicode/>
            </TextEquiv>
         </TextRegion>
         <TextRegion id="r_13" custom="readingOrder {index:3;}">
            <Coords points="3117,4621 4059,4621 4059,6137 3117,6137"/>
            <TextLine id="r_13_tl_2" custom="readingOrder {index:0;}">
               <Coords points="3185,4680 4042,4682 3984,4642 3184,4644"/>
               <Baseline points="3190,4670 3235,4670 3279,4670 3324,4667 3369,4670 3414,4670 3459,4670 3503,4673 3548,4670 3593,4670 3638,4673 3682,4673 3727,4673 3772,4673 3817,4673 3861,4673 3906,4676 3951,4676 3996,4676 4041,4679 4043,4679"/>
               <TextEquiv>
                  <Unicode>\p\Die intelligenten, sachlich geschulten und zielbe¬</Unicode>
               </TextEquiv>
            </TextLine>
            <TextLine id="r_13_tl_1" custom="readingOrder {index:1;}">
               <Coords points="3110,4704 4033,4718 4009,4686 3240,4684 3110,4650"/>
               <Baseline points="3117,4697 3121,4703 3166,4703 3211,4703 3256,4703 3300,4703 3345,4706 3390,4706 3435,4706 3479,4706 3524,4706 3569,4706 3614,4706 3658,4706 3703,4706 3748,4706 3793,4709 3838,4709 3882,4709 3927,4709 3972,4709 4017,4709 4035,4712"/>
               <TextEquiv>
                  <Unicode>wußten Mitglieder des „Comités" machten einen</Unicode>
               </TextEquiv>
            </TextLine>
            <TextLine id="r_13_tl_3" custom="readingOrder {index:2;}">
               <Coords points="3120,4745 4032,4759 4031,4718 3948,4710 3119,4704"/>
               <Baseline points="3127,4736 3172,4736 3217,4736 3262,4736 3306,4736 3351,4736 3396,4736 3441,4736 3485,4739 3530,4739 3575,4739 3620,4739 3664,4742 3709,4742 3754,4739 3799,4739 3844,4736 3888,4742 3933,4742 3978,4742 4023,4745 4035,4742"/>
               <TextEquiv>
                  <Unicode>ausgezeichneten, – und optimistischen – Eindruck.</Unicode>
               </TextEquiv>
            </TextLine>
            <TextLine id="r_13_tl_4" custom="readingOrder {index:3;}">
               <Coords points="3110,4788 4036,4793 4036,4756 3997,4753 3110,4754"/>
               <Baseline points="3117,4771 3127,4769 3172,4769 3217,4769 3262,4769 3306,4769 3351,4772 3396,4772 3441,4772 3485,4772 3530,4772 3575,4772 3620,4772 3664,4775 3709,4775 3754,4775 3799,4775 3844,4778 3888,4778 3933,4778 3978,4778 4023,4778 4038,4781"/>
               <TextEquiv>
                  <Unicode>Sie schienen ihrer Sache sicher. Die Organisation der</Unicode>
               </TextEquiv>
            </TextLine>
            <TextLine id="r_13_tl_5" custom="readingOrder {index:4;}">
               <Coords points="3110,4816 4030,4822 4028,4784 3109,4793"/>
               <Baseline points="3117,4803 3130,4802 3175,4802 3220,4805 3265,4805 3309,4805 3354,4808 3399,4805 3444,4805 3488,4808 3533,4808 3578,4808 3623,4808 3667,4808 3712,4808 3757,4808 3802,4808 3847,4808 3891,4811 3936,4811 3981,4811 4026,4811 4032,4813"/>
               <TextEquiv>
                  <Unicode>Stahlarbeiter, sagten sie, würde ebenso gelingen wie</Unicode>
               </TextEquiv>
            </TextLine>
            <TextLine id="r_13_tl_6" custom="readingOrder {index:5;}">
               <Coords points="3110,4850 4030,4854 4030,4824 3971,4818 3110,4816"/>
               <Baseline points="3117,4837 3121,4837 3166,4837 3211,4837 3256,4837 3300,4837 3345,4837 3390,4837 3435,4837 3479,4840 3524,4840 3569,4840 3614,4840 3658,4840 3703,4843 3748,4843 3793,4843 3838,4843 3882,4843 3927,4843 3972,4843 4017,4843 4032,4843"/>
               <TextEquiv>
                  <Unicode>einige Jahre zuvor die in einer glänzenden Kam¬</Unicode>
               </TextEquiv>
            </TextLine>
            <TextLine id="r_13_tl_7" custom="readingOrder {index:6;}">
               <Coords points="3126,4883 4032,4886 4016,4852 3126,4847"/>
               <Baseline points="3133,4870 3178,4870 3223,4870 3268,4870 3312,4870 3357,4873 3402,4873 3447,4873 3491,4876 3536,4876 3581,4876 3626,4876 3670,4876 3715,4876 3760,4876 3805,4879 3849,4879 3894,4879 3939,4879 3984,4879 4029,4879 4035,4882"/>
               <TextEquiv>
                  <Unicode>pagne durchgeführte Organisation der „Vereinigten</Unicode>
               </TextEquiv>
            </TextLine>
            <TextLine id="r_13_tl_8" custom="readingOrder {index:7;}">
               <Coords points="3110,4925 4040,4922 4028,4885 3110,4896"/>
               <Baseline points="3117,4906 3133,4906 3178,4903 3223,4903 3268,4906 3312,4906 3357,4906 3402,4906 3447,4906 3491,4906 3536,4909 3581,4909 3626,4909 3670,4909 3715,4909 3760,4909 3805,4909 3849,4912 3894,4912 3939,4915 3984,4912 4029,4912 4043,4912"/>
               <TextEquiv>
                  <Unicode>Bergarbeiter Amerikas“, die heute die größte und</Unicode>
               </TextEquiv>
            </TextLine>
            <TextLine id="r_13_tl_9" custom="readingOrder {index:8;}">
               <Coords points="3110,4945 4030,4958 4030,4921 3968,4916 3110,4925"/>
               <Baseline points="3117,4939 3127,4939 3172,4939 3217,4939 3262,4939 3306,4939 3351,4939 3396,4939 3441,4939 3485,4939 3530,4939 3575,4942 3620,4942 3664,4942 3709,4942 3754,4942 3799,4942 3844,4945 3888,4942 3933,4945 3978,4945 4023,4948 4032,4945"/>
               <TextEquiv>
                  <Unicode>bestgeführte Gewerkschaft der amerikanischen Groß¬</Unicode>
               </TextEquiv>
            </TextLine>
            <TextLine id="r_13_tl_10" custom="readingOrder {index:9;}">
               <Coords points="3110,4988 4042,4997 4040,4957 3924,4946 3110,4954"/>
               <Baseline points="3117,4972 3121,4972 3166,4972 3211,4975 3256,4975 3300,4975 3345,4975 3390,4975 3435,4975 3479,4975 3524,4975 3569,4975 3614,4975 3658,4978 3703,4978 3748,4978 3793,4978 3838,4978 3882,4981 3927,4981 3972,4981 4017,4981 4043,4984"/>
               <TextEquiv>
                  <Unicode>industrie ist. Die Richtigkeit und Notwendigkelt der</Unicode>
               </TextEquiv>
            </TextLine>
            <TextLine id="r_13_tl_11" custom="readingOrder {index:10;}">
               <Coords points="3110,5015 4007,5032 4032,4998 3109,4996"/>
               <Baseline points="3117,5008 3121,5007 3166,5004 3211,5007 3256,5007 3300,5007 3345,5007 3390,5007 3435,5007 3479,5010 3524,5010 3569,5010 3614,5010 3658,5013 3703,5013 3748,5013 3793,5013 3838,5013 3882,5013 3927,5013 3972,5013 4017,5016 4035,5019"/>
               <TextEquiv>
                  <Unicode>von Lewis verfochtenen Prinzipien sei unleugbar:</Unicode>
               </TextEquiv>
            </TextLine>
            <TextLine id="r_13_tl_12" custom="readingOrder {index:11;}">
               <Coords points="3124,5048 4032,5058 4018,5024 3124,5016"/>
               <Baseline points="3130,5043 3175,5040 3220,5040 3265,5040 3309,5040 3354,5043 3399,5043 3444,5043 3488,5043 3533,5043 3578,5043 3623,5043 3667,5046 3712,5046 3757,5046 3802,5049 3847,5046 3891,5046 3936,5046 3981,5046 4026,5049 4035,5046"/>
               <TextEquiv>
                  <Unicode>Amerika habe bisher weder soziales Verantwortungs¬</Unicode>
               </TextEquiv>
            </TextLine>
            <TextLine id="r_13_tl_13" custom="readingOrder {index:12;}">
               <Coords points="3112,5086 4003,5099 4031,5062 3110,5064"/>
               <Baseline points="3117,5073 3121,5073 3166,5073 3211,5076 3256,5076 3300,5076 3345,5076 3390,5076 3435,5076 3479,5079 3524,5076 3569,5079 3614,5079 3658,5079 3703,5079 3748,5079 3793,5079 3838,5082 3882,5082 3927,5082 3972,5082 4017,5082 4035,5082"/>
               <TextEquiv>
                  <Unicode>bewußtsein noch eine andere Gesetzgebung als die der</Unicode>
               </TextEquiv>
            </TextLine>
            <TextLine id="r_13_tl_14" custom="readingOrder {index:13;}">
               <Coords points="3110,5124 4033,5128 4033,5099 3973,5087 3110,5094"/>
               <Baseline points="3117,5111 3127,5112 3172,5109 3217,5109 3262,5109 3306,5112 3351,5109 3396,5112 3441,5112 3485,5109 3530,5112 3575,5112 3620,5112 3664,5112 3709,5112 3754,5115 3799,5115 3844,5115 3888,5115 3933,5118 3978,5115 4023,5118 4035,5121"/>
               <TextEquiv>
                  <Unicode>Besitzrechte gekannt, – eine Tatsache, die sich heute</Unicode>
               </TextEquiv>
            </TextLine>
            <TextLine id="r_13_tl_15" custom="readingOrder {index:14;}">
               <Coords points="3110,5166 4030,5161 4013,5124 3110,5124"/>
               <Baseline points="3117,5142 3121,5142 3166,5142 3211,5142 3256,5142 3300,5142 3345,5145 3390,5145 3435,5145 3479,5145 3524,5145 3569,5145 3614,5145 3658,5145 3703,5145 3748,5148 3793,5148 3838,5148 3882,5151 3927,5151 3972,5151 4017,5151 4032,5151"/>
               <TextEquiv>
                  <Unicode>katastrophal, im Sinne nackten Gewaltkampfes, aus¬</Unicode>
               </TextEquiv>
            </TextLine>
            <TextLine id="r_13_tl_16" custom="readingOrder {index:15;}">
               <Coords points="3114,5195 4031,5197 3988,5159 3114,5161"/>
               <Baseline points="3121,5178 3166,5178 3211,5178 3256,5178 3300,5178 3345,5178 3390,5178 3435,5175 3479,5178 3524,5178 3569,5181 3614,5181 3658,5181 3703,5184 3748,5184 3793,5184 3838,5187 3882,5187 3927,5187 3972,5184 4017,5184 4032,5187"/>
               <TextEquiv>
                  <Unicode>wirken müsse – weil den «human rights», den</Unicode>
               </TextEquiv>
            </TextLine>
            <TextLine id="r_13_tl_17" custom="readingOrder {index:16;}">
               <Coords points="3110,5243 4033,5239 4033,5200 3110,5207"/>
               <Baseline points="3117,5216 3118,5216 3163,5213 3208,5210 3253,5213 3297,5213 3342,5213 3387,5213 3432,5213 3476,5213 3521,5213 3566,5213 3611,5216 3656,5216 3700,5216 3745,5216 3790,5216 3835,5219 3879,5219 3924,5219 3969,5219 4014,5219 4035,5222"/>
               <TextEquiv>
                  <Unicode>menschlichen Ansprüchen der etwa vierzig Millionen</Unicode>
               </TextEquiv>
            </TextLine>
            <TextLine id="r_13_tl_18" custom="readingOrder {index:17;}">
               <Coords points="3110,5270 4036,5267 3991,5228 3110,5236"/>
               <Baseline points="3117,5247 3127,5249 3172,5246 3217,5246 3262,5249 3306,5249 3351,5249 3396,5249 3441,5249 3485,5249 3530,5249 3575,5249 3620,5249 3664,5249 3709,5252 3754,5252 3799,5255 3844,5255 3888,5255 3933,5255 3978,5255 4023,5255 4038,5258"/>
               <TextEquiv>
                  <Unicode>zählenden Arbeiterschaft kein legaler Anspruch, nicht</Unicode>
               </TextEquiv>
            </TextLine>
            <TextLine id="r_13_tl_19" custom="readingOrder {index:18;}">
               <Coords points="3110,5287 4033,5302 4007,5267 3110,5270"/>
               <Baseline points="3117,5280 3127,5282 3172,5279 3217,5282 3262,5282 3306,5282 3351,5282 3396,5282 3441,5282 3485,5282 3530,5282 3575,5285 3620,5285 3664,5285 3709,5285 3754,5285 3799,5285 3844,5288 3888,5288 3933,5288 3978,5288 4023,5288 4035,5288"/>
               <TextEquiv>
                  <Unicode>einmal eine legale Basis der Auseinandersetzung ge¬</Unicode>
               </TextEquiv>
            </TextLine>
            <TextLine id="r_13_tl_20" custom="readingOrder {index:19;}">
               <Coords points="3110,5329 4037,5338 4021,5299 3110,5306"/>
               <Baseline points="3117,5315 3133,5318 3178,5315 3223,5315 3268,5315 3312,5318 3357,5315 3402,5318 3447,5315 3491,5318 3536,5318 3581,5318 3626,5318 3670,5321 3715,5321 3760,5321 3805,5321 3849,5321 3894,5321 3939,5324 3984,5324 4029,5321 4038,5324"/>
               <TextEquiv>
                  <Unicode>geben sei. „Der Plan einer alle Arbeiter einer Indu¬</Unicode>
               </TextEquiv>
            </TextLine>
            <TextLine id="r_13_tl_21" custom="readingOrder {index:20;}">
               <Coords points="3110,5363 4030,5368 4030,5338 3926,5327 3110,5329"/>
               <Baseline points="3117,5348 3127,5351 3172,5351 3217,5351 3262,5351 3306,5351 3351,5351 3396,5351 3441,5351 3485,5351 3530,5351 3575,5351 3620,5351 3664,5354 3709,5354 3754,5354 3799,5354 3844,5357 3888,5357 3933,5357 3978,5357 4023,5357 4032,5357"/>
               <TextEquiv>
                  <Unicode>strie umfassenden Organisation, die als einzige In¬</Unicode>
               </TextEquiv>
            </TextLine>
            <TextLine id="r_13_tl_22" custom="readingOrder {index:21;}">
               <Coords points="3112,5398 4036,5404 4034,5371 3972,5363 3110,5357"/>
               <Baseline points="3117,5383 3127,5384 3172,5381 3217,5384 3262,5384 3306,5384 3351,5384 3396,5384 3441,5387 3485,5384 3530,5387 3575,5387 3620,5387 3664,5387 3709,5387 3754,5387 3799,5389 3844,5387 3888,5389 3933,5389 3978,5389 4023,5392 4038,5395"/>
               <TextEquiv>
                  <Unicode>stanz ihrer Interessenvertretung gelten und das Recht</Unicode>
               </TextEquiv>
            </TextLine>
            <TextLine id="r_13_tl_23" custom="readingOrder {index:22;}">
               <Coords points="3110,5426 3874,5443 4022,5438 4033,5405 3109,5400"/>
               <Baseline points="3117,5415 3130,5416 3175,5416 3220,5416 3265,5416 3309,5419 3354,5419 3399,5419 3444,5419 3488,5419 3533,5419 3578,5419 3623,5419 3667,5419 3712,5422 3757,5422 3802,5422 3847,5425 3891,5425 3936,5425 3981,5425 4026,5425 4035,5422"/>
               <TextEquiv>
                  <Unicode>haben soll, mit den Arbeitgebern kollektiv zu verhan¬</Unicode>
               </TextEquiv>
            </TextLine>
            <TextLine id="r_13_tl_24" custom="readingOrder {index:23;}">
               <Coords points="3110,5461 4033,5468 4033,5436 3935,5430 3110,5426"/>
               <Baseline points="3117,5450 3130,5452 3175,5452 3220,5452 3265,5452 3309,5452 3354,5452 3399,5452 3444,5452 3488,5452 3533,5452 3578,5452 3623,5452 3667,5455 3712,5455 3757,5455 3802,5458 3847,5458 3891,5458 3936,5458 3981,5458 4026,5458 4035,5458"/>
               <TextEquiv>
                  <Unicode>deln, ist keineswegs revolutionär, und ist auch vom</Unicode>
               </TextEquiv>
            </TextLine>
            <TextLine id="r_13_tl_25" custom="readingOrder {index:24;}">
               <Coords points="3124,5498 4033,5507 4032,5468 3124,5460"/>
               <Baseline points="3130,5485 3175,5485 3220,5485 3265,5485 3309,5485 3354,5485 3399,5485 3444,5485 3488,5485 3533,5488 3578,5488 3623,5488 3667,5488 3712,5488 3757,5488 3802,5491 3847,5491 3891,5491 3936,5491 3981,5494 4026,5494 4035,5497"/>
               <TextEquiv>
                  <Unicode>Standpunkt der Unternehmer und des Kapitals aus</Unicode>
               </TextEquiv>
            </TextLine>
            <TextLine id="r_13_tl_26" custom="readingOrder {index:25;}">
               <Coords points="3110,5538 4030,5537 4030,5507 3970,5498 3110,5503"/>
               <Baseline points="3117,5517 3121,5518 3166,5518 3211,5518 3256,5518 3300,5521 3345,5521 3390,5521 3435,5521 3479,5521 3524,5521 3569,5521 3614,5521 3658,5521 3703,5524 3748,5524 3793,5524 3838,5524 3882,5524 3927,5527 3972,5524 4017,5527 4032,5530"/>
               <TextEquiv>
                  <Unicode>nur vernünftig", schloß der Mann, der uns in einem</Unicode>
               </TextEquiv>
            </TextLine>
            <TextLine id="r_13_tl_27" custom="readingOrder {index:26;}">
               <Coords points="3110,5564 4033,5574 4033,5538 3925,5528 3110,5538"/>
               <Baseline points="3117,5554 3124,5554 3169,5551 3214,5554 3259,5554 3303,5554 3348,5554 3393,5554 3438,5554 3482,5554 3527,5554 3572,5554 3617,5557 3661,5557 3706,5557 3751,5557 3796,5560 3841,5557 3885,5560 3930,5560 3975,5560 4020,5560 4035,5560"/>
               <TextEquiv>
                  <Unicode>mehrstündigen Gespräch ein lebendiges Bild von den</Unicode>
               </TextEquiv>
            </TextLine>
            <TextLine id="r_13_tl_28" custom="readingOrder {index:27;}">
               <Coords points="3118,5592 4032,5604 3997,5568 3118,5567"/>
               <Baseline points="3124,5583 3169,5586 3214,5586 3259,5586 3303,5586 3348,5589 3393,5589 3438,5589 3482,5589 3527,5589 3572,5589 3617,5589 3661,5589 3706,5589 3751,5589 3796,5589 3841,5592 3885,5592 3930,5592 3975,5595 4020,5595 4035,5598"/>
               <TextEquiv>
                  <Unicode>Kämpfen der letzten Jahre gegeben hatte. Es ist eine</Unicode>
               </TextEquiv>
            </TextLine>
            <TextLine id="r_13_tl_29" custom="readingOrder {index:28;}">
               <Coords points="3112,5635 4008,5645 4031,5604 3110,5605"/>
               <Baseline points="3117,5619 3124,5619 3169,5619 3214,5619 3259,5619 3303,5619 3348,5622 3393,5622 3438,5622 3482,5625 3527,5622 3572,5622 3617,5622 3661,5622 3706,5625 3751,5625 3796,5625 3841,5625 3885,5625 3930,5628 3975,5625 4020,5628 4035,5631"/>
               <TextEquiv>
                  <Unicode>dramatische Geschichte, die Geschichte brutalen Macht¬</Unicode>
               </TextEquiv>
            </TextLine>
            <TextLine id="r_13_tl_30" custom="readingOrder {index:29;}">
               <Coords points="3110,5659 4034,5676 4033,5642 3914,5632 3110,5638"/>
               <Baseline points="3117,5655 3160,5655 3205,5655 3250,5655 3294,5655 3339,5655 3384,5655 3429,5655 3473,5655 3518,5658 3563,5658 3608,5658 3653,5658 3697,5658 3742,5661 3787,5658 3832,5661 3876,5661 3921,5661 3966,5661 4011,5661 4035,5661"/>
               <TextEquiv>
                  <Unicode>kampfs und heroischer Verteidigung, die sich erst ge¬</Unicode>
               </TextEquiv>
            </TextLine>
            <TextLine id="r_13_tl_31" custom="readingOrder {index:30;}">
               <Coords points="3110,5699 4033,5706 4033,5677 3934,5671 3110,5672"/>
               <Baseline points="3117,5691 3160,5688 3205,5688 3250,5688 3294,5691 3339,5688 3384,5691 3429,5691 3473,5691 3518,5691 3563,5691 3608,5691 3653,5691 3697,5694 3742,5694 3787,5694 3832,5694 3876,5694 3921,5697 3966,5694 4011,5697 4035,5700"/>
               <TextEquiv>
                  <Unicode>stern auf dem rohen Boden des gesetzlosen jungen</Unicode>
               </TextEquiv>
            </TextLine>
            <TextLine id="r_13_tl_32" custom="readingOrder {index:31;}">
               <Coords points="3118,5731 4032,5740 4031,5707 3116,5700"/>
               <Baseline points="3124,5724 3169,5721 3214,5721 3259,5724 3303,5724 3348,5727 3393,5724 3438,5727 3482,5724 3527,5727 3572,5727 3617,5727 3661,5727 3706,5727 3751,5730 3796,5727 3841,5730 3885,5730 3930,5730 3975,5730 4020,5730 4035,5730"/>
               <TextEquiv>
                  <Unicode>Amerika abgespielt hat und sich erst morgen entschei¬</Unicode>
               </TextEquiv>
            </TextLine>
            <TextLine id="r_13_tl_33" custom="readingOrder {index:32;}">
               <Coords points="3110,5761 3145,5767 3166,5779 3193,5761 3228,5773 3283,5768 3283,5735 3271,5730 3236,5731 3224,5738 3202,5734 3193,5740 3186,5732 3166,5738 3110,5726"/>
               <Baseline points="3117,5759 3124,5760 3169,5757 3214,5757 3259,5757 3285,5760"/>
               <TextEquiv>
                  <Unicode>den wird.\:p\</Unicode>
               </TextEquiv>
            </TextLine>
            <TextLine id="r_13_tl_34" custom="readingOrder {index:33;}">
               <Coords points="3172,5804 4032,5807 4032,5766 3887,5777 3794,5744 3172,5768"/>
               <Baseline points="3178,5795 3223,5789 3268,5792 3312,5789 3357,5789 3402,5792 3447,5792 3491,5792 3536,5792 3581,5792 3626,5792 3670,5792 3715,5792 3760,5795 3805,5795 3849,5795 3894,5795 3939,5795 3984,5798 4029,5798 4035,5795"/>
               <TextEquiv>
                  <Unicode>\p\Wir wurden mit Briefen ausgestattet, packten un¬</Unicode>
               </TextEquiv>
            </TextLine>
            <TextLine id="r_13_tl_35" custom="readingOrder {index:34;}">
               <Coords points="3110,5844 4036,5842 4036,5803 3110,5808"/>
               <Baseline points="3117,5824 3124,5825 3169,5825 3214,5825 3259,5825 3303,5825 3348,5825 3393,5825 3438,5828 3482,5828 3527,5828 3572,5828 3617,5828 3661,5828 3706,5828 3751,5828 3796,5831 3841,5831 3885,5831 3930,5831 3975,5831 4020,5831 4038,5834"/>
               <TextEquiv>
                  <Unicode>sere Handtaschen, füllten unseren Benzintank, und</Unicode>
               </TextEquiv>
            </TextLine>
            <TextLine id="r_13_tl_36" custom="readingOrder {index:35;}">
               <Coords points="3112,5861 4001,5882 4031,5843 3110,5843"/>
               <Baseline points="3117,5858 3121,5858 3166,5858 3211,5858 3256,5858 3300,5858 3345,5861 3390,5861 3435,5861 3479,5861 3524,5861 3569,5861 3614,5861 3658,5861 3703,5861 3748,5861 3793,5861 3838,5864 3882,5864 3927,5864 3972,5864 4017,5867 4035,5867"/>
               <TextEquiv>
                  <Unicode>verließen Pittsburgh am gleichen Abend. Während</Unicode>
               </TextEquiv>
            </TextLine>
            <TextLine id="r_13_tl_37" custom="readingOrder {index:36;}">
               <Coords points="3110,5904 4033,5911 4026,5876 3876,5867 3110,5861"/>
               <Baseline points="3117,5894 3121,5894 3166,5891 3211,5891 3256,5894 3300,5894 3345,5894 3390,5894 3435,5894 3479,5894 3524,5894 3569,5894 3614,5894 3658,5897 3703,5897 3748,5897 3793,5897 3838,5897 3882,5900 3927,5900 3972,5900 4017,5900 4035,5900"/>
               <TextEquiv>
                  <Unicode>der folgenden Tage sahen wir „die andere Seite“ der</Unicode>
               </TextEquiv>
            </TextLine>
            <TextLine id="r_13_tl_38" custom="readingOrder {index:37;}">
               <Coords points="3110,5939 4030,5945 3977,5909 3110,5906"/>
               <Baseline points="3117,5924 3124,5924 3169,5924 3214,5927 3259,5927 3303,5927 3348,5927 3393,5927 3438,5930 3482,5930 3527,5927 3572,5930 3617,5930 3661,5930 3706,5930 3751,5930 3796,5930 3841,5933 3885,5933 3930,5930 3975,5933 4020,5936 4032,5936"/>
               <TextEquiv>
                  <Unicode>Geschichte: die kleine Stadt Uniontown, umgeben von</Unicode>
               </TextEquiv>
            </TextLine>
            <TextLine id="r_13_tl_39" custom="readingOrder {index:38;}">
               <Coords points="3110,5972 4024,5977 4024,5945 3964,5935 3110,5942"/>
               <Baseline points="3117,5963 3124,5963 3169,5960 3214,5960 3259,5960 3303,5960 3348,5963 3393,5963 3438,5963 3482,5963 3527,5963 3572,5960 3617,5960 3661,5963 3706,5963 3751,5963 3796,5963 3841,5966 3885,5966 3930,5966 3975,5968 4020,5971 4026,5971"/>
               <TextEquiv>
                  <Unicode>einem Kranz Tag und Nacht brennender Koksöfen,</Unicode>
               </TextEquiv>
            </TextLine>
            <TextLine id="r_13_tl_41" custom="readingOrder {index:39;}">
               <Coords points="3142,5999 4030,6016 3996,5978 3142,5970"/>
               <Baseline points="3148,5989 3193,5992 3238,5995 3282,5995 3327,5995 3372,5995 3417,5995 3462,5995 3506,5995 3551,5995 3596,5995 3641,5998 3685,5998 3730,5998 3775,5998 3820,5998 3864,5998 3909,6001 3954,6001 3999,6001 4032,6007"/>
               <TextEquiv>
                  <Unicode>– eine Stadt, wo noch 1932 jeder Arbeiter entlassen</Unicode>
               </TextEquiv>
            </TextLine>
            <TextLine id="r_13_tl_40" custom="readingOrder {index:40;}">
               <Coords points="3110,6042 3964,6056 4027,6046 4027,6019 3109,6006"/>
               <Baseline points="3117,6025 3160,6025 3205,6025 3250,6025 3294,6028 3339,6028 3384,6028 3429,6031 3473,6028 3518,6031 3563,6028 3608,6028 3653,6031 3697,6031 3742,6031 3787,6031 3832,6031 3876,6031 3921,6034 3966,6034 4011,6037 4029,6037"/>
               <TextEquiv>
                  <Unicode>und ausgewiesen wurde, wenn er im Verdacht stand,</Unicode>
               </TextEquiv>
            </TextLine>
            <TextLine id="r_13_tl_42" custom="readingOrder {index:41;}">
               <Coords points="3112,6065 4030,6085 4028,6049 3110,6044"/>
               <Baseline points="3117,6054 3121,6061 3166,6061 3211,6061 3256,6061 3300,6061 3345,6061 3390,6061 3435,6061 3479,6061 3524,6061 3569,6064 3614,6064 3658,6064 3703,6064 3748,6067 3793,6067 3838,6067 3882,6067 3927,6070 3972,6070 4017,6070 4032,6073"/>
               <TextEquiv>
                  <Unicode>einer „Union“ oder Gewerkschaft anzugehören, und</Unicode>
               </TextEquiv>
            </TextLine>
            <TextLine id="r_13_tl_43" custom="readingOrder {index:42;}">
               <Coords points="3110,6110 4034,6130 4033,6084 3962,6071 3110,6065"/>
               <Baseline points="3117,6099 3148,6097 3193,6097 3238,6097 3282,6100 3327,6097 3372,6100 3417,6100 3462,6097 3506,6097 3551,6100 3596,6100 3641,6100 3685,6100 3730,6100 3775,6103 3820,6103 3864,6106 3909,6106 3954,6106 3999,6106 4035,6109"/>
               <TextEquiv>
                  <Unicode>wo heute viel gearbeitet, viel verdient wird, weil die\fml\\:p\</Unicode>
               </TextEquiv>
            </TextLine>
            <TextEquiv>
               <Unicode/>
            </TextEquiv>
         </TextRegion>
      </Page>
   </PcGts>
   <PcGts xmlns="http://schema.primaresearch.org/PAGE/gts/pagecontent/2013-07-15">
      <Metadata>
         <Creator>prov=READ-COOP:name=TrHtr:version=2.23.0:model_id=51170:date=11_02_2025_15:08</Creator>
         <Created>2025-02-11T15:02:50.104+01:00</Created>
         <LastChange>2025-07-14T15:33:43.575+02:00</LastChange>
         <TranskribusMetadata docId="6846560"
                              pageId="91379452"
                              pageNr="2"
                              tsid="228010070"
                              status="IN_PROGRESS"
                              userId="295818"
                              imgUrl="https://files.transkribus.eu/Get?id=ZYRWROBWJAFSLRAWXTEEJDGL&amp;fileType=view"
                              xmlUrl="https://files.transkribus.eu/Get?id=VSLFRFAHRHJMYCEZGDUXTMPH"
                              imageId="76227444"/>
      </Metadata>
      <Page imageFilename="smallform_0206_002.jpg"
            imageWidth="4279"
            imageHeight="7121">
         <TextRegion id="r" custom="readingOrder {index:0;}">
            <Coords points="219,4493 1172,4493 1172,5387 219,5387"/>
            <TextLine id="r_tl_1" custom="readingOrder {index:0;}">
               <Coords points="253,4528 1169,4535 1169,4507 1091,4497 253,4496"/>
               <Baseline points="259,4524 304,4524 349,4524 393,4524 438,4521 483,4524 528,4524 573,4524 617,4524 662,4524 707,4527 752,4524 796,4527 841,4527 886,4527 931,4527 975,4527 1020,4527 1065,4527 1110,4530 1154,4533 1157,4530 1172,4531"/>
               <TextEquiv>
                  <Unicode>\fml\\p\Besitzer der Kohlengruben damit zufrieden sind, mit</Unicode>
               </TextEquiv>
            </TextLine>
            <TextLine id="r_tl_2" custom="readingOrder {index:1;}">
               <Coords points="249,4564 1169,4572 1131,4539 249,4533"/>
               <Baseline points="256,4560 301,4557 346,4557 390,4557 435,4557 480,4557 525,4557 570,4557 614,4557 659,4560 704,4560 749,4563 793,4560 838,4563 883,4563 928,4563 972,4563 1017,4563 1062,4563 1107,4563 1152,4563 1163,4563 1172,4564"/>
               <TextEquiv>
                  <Unicode>ihren Angestellten durch eine fähige und loyale Union</Unicode>
               </TextEquiv>
            </TextLine>
            <TextLine id="r_tl_3" custom="readingOrder {index:2;}">
               <Coords points="249,4608 1145,4615 1169,4572 248,4567"/>
               <Baseline points="256,4593 301,4593 346,4590 390,4590 435,4593 480,4590 525,4590 570,4593 614,4593 659,4593 704,4593 749,4593 793,4593 838,4596 883,4596 928,4596 972,4596 1017,4599 1062,4599 1107,4596 1152,4602 1160,4602 1172,4600"/>
               <TextEquiv>
                  <Unicode>zu verhandeln – die Union von John L. Lewis.</Unicode>
               </TextEquiv>
            </TextLine>
            <TextLine id="r_tl_4" custom="readingOrder {index:3;}">
               <Coords points="253,4637 1169,4642 1169,4612 1052,4602 253,4608"/>
               <Baseline points="259,4628 304,4625 349,4625 393,4625 438,4625 483,4625 528,4628 573,4628 617,4628 662,4628 707,4628 752,4628 796,4628 841,4628 886,4628 931,4628 975,4631 1020,4631 1065,4631 1110,4631 1154,4631 1160,4631 1172,4633"/>
               <TextEquiv>
                  <Unicode>„Isabella Mine“, eine einsam gelegene Grube, wo</Unicode>
               </TextEquiv>
            </TextLine>
            <TextLine id="r_tl_5" custom="readingOrder {index:4;}">
               <Coords points="249,4677 1169,4678 1168,4640 248,4638"/>
               <Baseline points="256,4661 301,4661 346,4658 390,4658 435,4658 480,4658 525,4661 570,4661 614,4661 659,4661 704,4661 749,4661 793,4661 838,4661 883,4664 928,4664 972,4664 1017,4664 1062,4664 1107,4664 1152,4670 1160,4667 1172,4667"/>
               <TextEquiv>
                  <Unicode>die Arbeiter ihr erstes Versammlungslokal einweihten,</Unicode>
               </TextEquiv>
            </TextLine>
            <TextLine id="r_tl_6" custom="readingOrder {index:5;}">
               <Coords points="243,4698 1169,4708 1131,4674 243,4678"/>
               <Baseline points="250,4694 295,4691 340,4694 384,4694 429,4694 474,4694 519,4694 564,4697 608,4697 653,4697 698,4694 743,4697 787,4697 832,4697 877,4697 922,4700 966,4700 1011,4700 1056,4697 1101,4700 1146,4700 1152,4703 1172,4701"/>
               <TextEquiv>
                  <Unicode>ohne, wie früher, von bewaffneter Polizei bedroht zu</Unicode>
               </TextEquiv>
            </TextLine>
            <TextLine id="r_tl_7" custom="readingOrder {index:6;}">
               <Coords points="249,4736 1169,4738 1142,4707 249,4699"/>
               <Baseline points="256,4727 301,4727 346,4727 390,4730 435,4727 480,4730 525,4730 570,4730 614,4727 659,4730 704,4730 749,4730 793,4730 838,4730 883,4730 928,4733 972,4733 1017,4736 1062,4733 1107,4733 1146,4733 1172,4735"/>
               <TextEquiv>
                  <Unicode>werden. Scottsrun, – Ort des Elends, ein „Kriegs¬</Unicode>
               </TextEquiv>
            </TextLine>
            <TextLine id="r_tl_8" custom="readingOrder {index:7;}">
               <Coords points="249,4771 1169,4775 1169,4742 249,4734"/>
               <Baseline points="256,4763 301,4760 346,4763 390,4763 435,4760 480,4763 525,4763 570,4763 614,4763 659,4763 704,4763 749,4766 793,4766 838,4766 883,4766 928,4766 972,4766 1017,4766 1062,4766 1107,4766 1149,4769 1172,4770"/>
               <TextEquiv>
                  <Unicode>kind", dessen schlechte Gruben kürzlich geschlossen wur¬</Unicode>
               </TextEquiv>
            </TextLine>
            <TextLine id="r_tl_9" custom="readingOrder {index:8;}">
               <Coords points="253,4808 1169,4818 1151,4773 253,4771"/>
               <Baseline points="259,4796 304,4796 349,4796 393,4796 438,4796 483,4796 528,4796 573,4799 617,4799 662,4799 707,4802 752,4799 796,4799 841,4799 886,4802 931,4802 975,4802 1020,4802 1065,4802 1110,4802 1154,4802 1160,4802 1172,4803"/>
               <TextEquiv>
                  <Unicode>den. Die Männer, Neger, Krüppel, Greise, und viele</Unicode>
               </TextEquiv>
            </TextLine>
            <TextLine id="r_tl_10" custom="readingOrder {index:9;}">
               <Coords points="256,4841 1140,4847 1140,4819 1083,4808 256,4807"/>
               <Baseline points="262,4831 307,4828 352,4828 396,4831 441,4828 486,4831 531,4831 576,4831 620,4831 665,4831 710,4831 755,4831 799,4831 844,4831 889,4831 934,4831 978,4831 1023,4834 1068,4834 1113,4837 1143,4837"/>
               <TextEquiv>
                  <Unicode>junge Leute mit brutalen, enttäuschten Gesichtern,</Unicode>
               </TextEquiv>
            </TextLine>
            <TextLine id="r_tl_11" custom="readingOrder {index:10;}">
               <Coords points="253,4873 1157,4886 1169,4848 252,4838"/>
               <Baseline points="259,4867 304,4861 349,4864 393,4864 438,4864 483,4864 528,4867 573,4867 617,4867 662,4867 707,4867 752,4867 796,4867 841,4867 886,4870 931,4870 975,4867 1020,4870 1065,4870 1110,4870 1152,4867 1172,4867"/>
               <TextEquiv>
                  <Unicode>saßen und standen an die Wand des geschlossenen und</Unicode>
               </TextEquiv>
            </TextLine>
            <TextLine id="r_tl_12" custom="readingOrder {index:11;}">
               <Coords points="249,4910 1150,4917 1149,4882 1102,4876 249,4878"/>
               <Baseline points="256,4897 301,4897 346,4897 390,4897 435,4897 480,4900 525,4897 570,4900 614,4900 659,4900 704,4900 749,4900 793,4900 838,4900 883,4903 928,4900 972,4903 1017,4903 1062,4903 1107,4903 1152,4900"/>
               <TextEquiv>
                  <Unicode>verbarrikadierten „Company–stores“ gelehnt, gaben</Unicode>
               </TextEquiv>
            </TextLine>
            <TextLine id="r_tl_13" custom="readingOrder {index:12;}">
               <Coords points="243,4945 1155,4958 1169,4915 242,4905"/>
               <Baseline points="250,4933 295,4930 340,4930 384,4933 429,4933 474,4933 519,4933 564,4933 608,4933 653,4933 698,4933 743,4936 787,4936 832,4936 877,4936 922,4936 966,4939 1011,4939 1056,4936 1101,4939 1146,4939 1157,4942 1172,4942"/>
               <TextEquiv>
                  <Unicode>ungern Antwort auf unsere Fragen, und sagten, daß</Unicode>
               </TextEquiv>
            </TextLine>
            <TextLine id="r_tl_14" custom="readingOrder {index:13;}">
               <Coords points="253,4974 1169,4978 1103,4944 253,4943"/>
               <Baseline points="259,4966 304,4966 349,4966 393,4966 438,4966 483,4969 528,4969 573,4969 617,4969 662,4969 707,4969 752,4969 796,4969 841,4969 886,4972 931,4972 975,4972 1020,4972 1065,4972 1110,4972 1154,4972 1172,4973"/>
               <TextEquiv>
                  <Unicode>mein Apparat „leicht zerbrechen könnte, wenn ich ver¬</Unicode>
               </TextEquiv>
            </TextLine>
            <TextLine id="r_tl_15" custom="readingOrder {index:14;}">
               <Coords points="249,5008 1169,5018 1169,4978 249,4975"/>
               <Baseline points="256,5002 301,4999 346,4999 390,4999 435,4999 480,5002 525,5002 570,5004 614,5002 659,5004 704,5002 749,5004 793,5004 838,5004 883,5004 928,5004 972,5004 1017,5004 1062,5004 1107,5004 1149,5007 1172,5006"/>
               <TextEquiv>
                  <Unicode>suchen würde, sie zu photographieren". Nach gerau¬</Unicode>
               </TextEquiv>
            </TextLine>
            <TextLine id="r_tl_16" custom="readingOrder {index:15;}">
               <Coords points="249,5048 1104,5057 1104,5013 1048,5005 249,5011"/>
               <Baseline points="256,5037 301,5034 346,5034 390,5034 435,5034 480,5034 525,5034 570,5034 614,5037 659,5034 704,5037 749,5037 793,5037 838,5037 883,5040 928,5040 972,5037 1017,5040 1062,5040 1107,5043"/>
               <TextEquiv>
                  <Unicode>mer Zeit wurde unsere Beziehung freundlicher, –</Unicode>
               </TextEquiv>
            </TextLine>
            <TextLine id="r_tl_17" custom="readingOrder {index:16;}">
               <Coords points="249,5078 1169,5086 1160,5048 249,5048"/>
               <Baseline points="256,5070 301,5064 346,5067 390,5067 435,5070 480,5070 525,5070 570,5070 614,5070 659,5070 704,5070 749,5070 793,5070 838,5070 883,5073 928,5073 972,5073 1017,5073 1062,5073 1107,5073 1152,5076 1160,5076 1172,5077"/>
               <TextEquiv>
                  <Unicode>aber alles, was ich zu hören bekam, war: daß es sich</Unicode>
               </TextEquiv>
            </TextLine>
            <TextLine id="r_tl_18" custom="readingOrder {index:17;}">
               <Coords points="247,5110 1151,5119 1151,5088 1095,5082 247,5076"/>
               <Baseline points="253,5103 298,5100 343,5103 387,5103 432,5103 477,5103 522,5103 567,5103 611,5106 656,5106 701,5103 746,5106 790,5106 835,5106 880,5106 925,5109 969,5106 1014,5106 1059,5109 1104,5109 1149,5109 1154,5112"/>
               <TextEquiv>
                  <Unicode>nicht lohne, sich gegen das Elend zu wehren, denn</Unicode>
               </TextEquiv>
            </TextLine>
            <TextLine id="r_tl_19" custom="readingOrder {index:18;}">
               <Coords points="253,5145 1169,5165 1153,5117 253,5111"/>
               <Baseline points="259,5139 304,5136 349,5136 393,5136 438,5136 483,5139 528,5136 573,5139 617,5139 662,5139 707,5136 752,5139 796,5139 841,5142 886,5145 931,5142 975,5142 1020,5142 1065,5142 1110,5142 1154,5145 1163,5145 1172,5145"/>
               <TextEquiv>
                  <Unicode>wer einmal arm ist, bleibt arm... auch im Land</Unicode>
               </TextEquiv>
            </TextLine>
            <TextLine id="r_tl_20" custom="readingOrder {index:19;}">
               <Coords points="243,5180 793,5184 793,5157 735,5141 551,5158 243,5147"/>
               <Baseline points="250,5169 295,5169 340,5169 384,5169 429,5169 474,5172 519,5172 564,5172 608,5172 653,5172 698,5172 743,5175 787,5175 796,5175"/>
               <TextEquiv>
                  <Unicode>der unbegrenzten Möglichkeiten.\:p\</Unicode>
               </TextEquiv>
            </TextLine>
            <TextLine id="r_tl_21" custom="readingOrder {index:20;}">
               <Coords points="303,5215 1169,5222 1169,5181 1090,5166 303,5180"/>
               <Baseline points="310,5204 355,5204 399,5204 444,5204 489,5204 534,5207 578,5204 623,5207 668,5207 713,5207 758,5207 802,5207 847,5207 892,5207 937,5207 981,5207 1026,5207 1071,5207 1116,5207 1160,5210 1172,5212"/>
               <TextEquiv>
                  <Unicode>\p\Der Schatten von Pittsburgh lag auf diesem Land.</Unicode>
               </TextEquiv>
            </TextLine>
            <TextLine id="r_tl_22" custom="readingOrder {index:21;}">
               <Coords points="253,5247 1169,5255 1153,5220 398,5230 252,5201"/>
               <Baseline points="259,5237 304,5237 349,5237 393,5237 438,5237 483,5240 528,5240 573,5240 617,5240 662,5240 707,5240 752,5240 796,5240 841,5240 886,5243 931,5243 975,5243 1020,5243 1065,5243 1110,5243 1154,5243 1160,5243 1172,5244"/>
               <TextEquiv>
                  <Unicode>Und wo der starke, mutige und hoffnungsvolle Geist</Unicode>
               </TextEquiv>
            </TextLine>
            <TextLine id="r_tl_23" custom="readingOrder {index:22;}">
               <Coords points="253,5281 1169,5292 1169,5254 253,5247"/>
               <Baseline points="259,5273 304,5270 349,5270 393,5273 438,5273 483,5273 528,5273 573,5273 617,5273 662,5273 707,5273 752,5273 796,5276 841,5276 886,5276 931,5273 975,5276 1020,5276 1065,5276 1110,5276 1154,5282 1157,5282 1172,5282"/>
               <TextEquiv>
                  <Unicode>der Männer von Lewis noch nicht hingelangt war,</Unicode>
               </TextEquiv>
            </TextLine>
            <TextLine id="r_tl_24" custom="readingOrder {index:23;}">
               <Coords points="253,5311 1169,5328 1140,5283 253,5280"/>
               <Baseline points="259,5306 304,5303 349,5306 393,5306 438,5306 483,5306 528,5306 573,5309 617,5309 662,5309 707,5309 752,5309 796,5309 841,5309 886,5309 931,5312 975,5309 1020,5312 1065,5309 1110,5312 1154,5312 1157,5312 1172,5313"/>
               <TextEquiv>
                  <Unicode>blieb es der Schatten eines langen Abends mensch¬</Unicode>
               </TextEquiv>
            </TextLine>
            <TextLine id="r_tl_25" custom="readingOrder {index:24;}">
               <Coords points="247,5350 787,5372 886,5365 886,5323 246,5311"/>
               <Baseline points="253,5339 298,5339 343,5342 387,5342 432,5342 477,5342 522,5342 567,5345 611,5342 656,5345 701,5345 746,5342 790,5345 835,5345 880,5348 889,5345"/>
               <TextEquiv>
                  <Unicode>licher Trostlosigkeit und Erniedrigung.\:p\</Unicode>
               </TextEquiv>
            </TextLine>
            <TextEquiv>
               <Unicode/>
            </TextEquiv>
         </TextRegion>
      </Page>
   </PcGts>
</validation-wrapper>
