4294 7181
438 691 1062 771 Carson McCullers,
322 771 1178 826 eine junge Amerikanerin
770 848 1166 911 \g\New York\:g\. 18. Juni.
343 908 1213 982 \p\\g\Carson McCullers\:g\ ist zweiundzwanzig Jahre
285 959 1213 1003 alt. Sie hat vor vier Jahren einen blonden Jungen
289 997 1214 1040 geheiratet, der noch jünger und kindlicher wirkt als
289 1029 1214 1075 sie selbst. Er ist nicht ehrgeizig, aber er fühlt sich für
285 1067 1213 1110 sie verantwortlich, und ist jetzt mit ihr nach New York
297 1096 1202 1144 gezogen und sucht eine Stelle, nachdem ihr Verleger
289 1138 1214 1181 beschlossen hat, sie aus der kleinen Stadt in den Süd¬
285 1166 1214 1213 staaten, wo sie bisher gelebt haben, nach New York
289 1205 1214 1257 kommen zu lassen. Carson hat ihr Buch. – natürlich
291 1242 1214 1287 war es ihr erstes – vor einem Jahr fertig geschrieben,
285 1278 1216 1323 und nannte es «The heart is a lonely hunter» – aber
285 1319 1216 1347 der Verleger, dem sie das Manuskript schickte, ver¬
285 1347 1216 1384 langte von ihr, dass sie mehrere Stellen ändere. Die
291 1385 1202 1425 Stellen handelten zum Beispiel von einem jungen
285 1419 1205 1457 Neger, der nach einer betrunkenen Rauferei um ein
291 1454 1191 1497 weisses Mädchen in ein Kettensträflings-Gefängnis ge¬
285 1498 1193 1528 schickt, und dort wegen eines angeblichen Fluchtver¬
291 1524 1199 1561 suches so misshandelt wird, dass ihm nachher beide
297 1561 1193 1602 Füsse amputiert werden müssen. Von einem armseli¬
301 1596 1199 1640 gen Phantasten, der zuweilen der Trancksucht verfällt,
291 1633 1217 1679 und zuweilen die Welt aufrütteln möchte, und nicht
295 1671 1217 1710 genau zwischen religiösen Sprüchen und kommu¬
291 1704 1217 1745 nistischen Verbrüderungsprogrammen zu unterscheiden
297 1738 1217 1774 weiss. Oder von einem taubstummen, menschenfreund¬
295 1773 1220 1813 lichen Mann, der nachdem sein einziger Freund in
291 1806 1202 1843 einem Asyl für Geisteskranke gestorben ist, plötzlich
301 1843 1220 1883 genug hat und sich eine Kugel durch das Herz schiesst.
295 1879 1220 1921 Und endlich von einem kleinen, begabten, trotzigen
291 1913 1219 1956 und lebenshungrigen Mädchen, das Musik studieren
297 1946 1219 1994 und Klavierstunden haben möchte, und mit sechzehn
295 1983 1220 2022 Jahren eine Stelle als Verkäuferin bei Woolworth an¬
301 2012 1220 2071 tritt, um seinen arbeitslosen Vater und seine hungrigen
295 2055 1220 2097 Brüder zu unterstützen. Sie fühlt sich \g\betrogen\:g\,
294 2090 1205 2126 aber sie weiss, dass niemand sie betrogen hat und
295 2125 1205 2168 niemand dafür verantwortlich ist, und dass sie nie¬
295 2159 1202 2201 manden angreifen und dafür verantwortlich machen
295 2190 1220 2232 kann. Dieses kleine, vom Leben betrogene Mädchen
295 2231 1220 2272 trägt sicher die Züge von Carson McCullers, jedenfalls
291 2267 1222 2308 musste ich, während ich das Buch las, immer an das
297 2299 1222 2340 blasse Kindergesicht, die phantasievollen, weiten,
295 2338 1221 2380 grauen Augen, und den klugen und kindlichen, zu¬
297 2379 1222 2412 gleich traurigen und tapferen Ausdruck der jungen
297 2407 1222 2448 Autorin denken. Natürlich weigerte sie sich, irgend¬
297 2436 1222 2485 eine Stelle in ihrem Buch zu ändern. Der Verleger
291 2476 1222 2520 fürchtete offenbar, dies oder jenes könnte als «soziale»,
297 2512 1222 2550 d. h. revolutionäre Propaganda und Tendenz aufgefasst
301 2548 1205 2583 werden, und das ist im heutigen Amerika, das
291 2576 1202 2622 Rüstungsprogramme und nationale Einigkeit vorbe¬
301 2614 1205 2660 reitet, nicht erwünscht. Schliesslich sagte er, dass er das
295 2650 1199 2696 Buch von Carson McCullers trotzdem drucken wolle,
291 2685 1199 2730 aber unter diesen Umständen könne er keinen Vor¬
295 2720 1226 2762 schuss zahlen – und Carson ging auf die Bedingungen
301 2756 1226 2791 ein, obwohl sie und ihr Mann dringend ein wenig Geld
301 2791 1226 2837 brauchten. Jetzt ist das Buch erschienen und wurde
301 2822 1226 2871 ein grosser Erfolg – ja, es erhielt den Preis, der dem
304 2864 1217 2903 sogenannten «Buch des Monats» zuerkannt wird, und
301 2899 1226 2937 Carson gehört nun zu den berühmten Dichterinnen
297 2931 1226 2975 Amerikas. Sie sagte mir, eigentlich seien sie und ihr
291 2964 1226 3019 Mann gern nach New York gekommen. Natürlich
301 3007 1226 3045 werde es schwierig sein, in dieser Stadt, in desem
304 3038 1226 3069 Verkehr, diesem unentwegten Lärm, inmitten von so¬
297 3074 1226 3120 viel Cocktail-Parties, Verpflichtungen, Telephonanrufen,
301 3108 1226 3147 inmitten dieser neurotischen, geschäftigen, von Mil¬
297 3146 1226 3192 lionen Strömungen geladenen Atmosphäre zu arbeiten,
297 3178 1226 3229 sich zu konzentrieren. Aber es sei besser, als in einer
297 3214 1228 3253 Kleinstadt des Südens zu vegetieren. «Denn das kön¬
295 3250 1227 3297 nen Sie sich nicht vorstellen», sagte sie mir. Sie hatte
297 3283 1228 3323 vor sich, auf dem schmierigen Tisch des kleinen Bar-
297 3319 1228 3359 Restaurants, ein Glas Milch und ein Butterbrot – das
297 3358 1228 3401 hatte sie sich als Lunch bestellt, und rührte es nicht
297 3391 1228 3438 an. «Dort unten habe ich jahrelang allein mit meinem
297 3427 1228 3471 Mann gelebt», fuhr sie fort – «unter Textilarbeitern
301 3462 1228 3505 und Baumwollpflückern. Seit Jahren ist es das erste¬
303 3498 967 3547 mal, dass ich mit einer Frau spreche.»\:p\ [space]
352 3540 1228 3589 \p\Ich hatte Lust, über ihr Buch zu schreiben. Dar¬
304 3579 1229 3627 über, dass es in Amerika, in einer kleinen Stadt der
297 3616 1229 3657 amerikanischen Südstaaten – irgendwo auf der Welt
310 3652 1217 3691 – begabte Kinder gibt, Mädchen, Zweiundzwanzig¬
304 3691 1207 3731 jährige – und dass sie schreiben, dichten, Musik lie¬
297 3723 1208 3761 ben – und durch einen Zufall, den Weitblick eines
310 3758 1202 3798 Verleger wie Houghton Mifflin, anerkannt, bezahlt,
297 3793 1212 3828 mit einem Preis ausgezeichnet werden. – Aber ich
301 3831 1209 3872 traute mich nicht. – Schreiben über junge amerika¬
297 3863 1231 3907 nische Talente? Fremde Zukunftshoffnungen? – Künst¬
301 3898 1214 3939 ler? – Während bei uns die Toten sich häufen, und
304 3934 1231 3981 die namenlosen Flüchtlinge auf den Landstrassen sich
297 3973 426 4024 stauen?\:p\ [space]
352 4012 1234 4078 \p\Im selben Augenblick sagte mir Carson McCullers,
297 4055 1234 4098 dass sie genau wisse und es verstehe, dass wir – die
297 4084 1234 4130 Flüchtlinge, die Ueberlebenden Europas – etwas
318 4125 1233 4168 gegen sie, die Amerikanerin, hätten, nichts von ihr
297 4161 1042 4214 hielten, – und ich stutzte, verteidigte mich.\:p\ [space]
352 4196 1202 4255 \p\Ich dachte an alles, was ich in fünf Wochen in
306 4241 1205 4285 Amerika erlebt, und gehört hatte. Ich dachte daran,
304 4285 1233 4334 wie gewaltig überraschend die öffentliche Meinung
1236 662 2147 728 dieses Landes sich verändert, vom starken bisheri¬
1236 721 2147 768 gen Glauben an die «amerikanische Isolation» sich
1236 758 2147 797 gewandelt, in der Annahme, dies sei \g\eine\:g\ Welt und
1236 793 2147 829 dieselbe – was immer geschehe, in diesem Krieg, und
1236 829 2147 876 heute und morgen, es betreffe uns alle – und dachte
1236 863 2147 906 dann an den Schrecken, meine verzweifelte Depression,
1236 899 2147 940 wenn sagenannt gutgesinnte und sogenannt gewiss
1236 932 2147 974 wohl informierte Leute in New York, in Washington,
1236 969 2147 1008 ihre Lunchs und Sitzungen und Comité-Besprechungen
1236 1005 2147 1052 und wohltätigen Sammlungen abhielten und auch mich
1236 1039 2147 1081 dazu einluden – um den Alliierten, den kleinen De¬
1236 1068 2147 1115 mokratien zu helfen – oder hier, in Amerika bel¬
1243 1107 2147 1156 gische Kinder unterzubringen, hier in Amerika, viel¬
1236 1145 2132 1192 leicht vielleicht, genug Flugzeuge zu fabrizieren. In¬
1236 1179 2148 1226 zwischen geschieht, gewiss, etwas. Alte Damen lernen
1236 1213 2147 1257 schiessen. Vielleicht bereitet sich wirklich die allge¬
1236 1248 2147 1293 meine Wehrpflicht vor, vielleicht werden wirklich, wie
1236 1287 2147 1330 es heute in der Zeitung steht, 200,000 englische Kinder
1236 1320 2147 1369 nach Amerika gebracht, und ich bin fern davon, ein
1235 1358 1520 1408 Saboteur zu sein.\:p\
1277 1368 2148 1446 \p\Aber wie kommt es, während man mir in diesem
2169 675 3088 727 anders gewordenen Amerika so freundlich entgegen¬
2169 721 3088 761 kommt, und ich wohl begreifen muss, dass von dieser
2169 758 3088 795 noch sicheren, reichen, demokratischen Küste aus
2169 789 3088 826 vieles zu tun, vieles zu tun \g\möglich\:g\ wäre – wie
2169 819 3090 871 kommt es, dass ich gerade hier so gelähmt bin und
2169 855 3088 902 mich so vereinsamt fühle, dass dieses von Wallstreet-
2169 896 3088 938 Börsenkursen und Zeitungsüberschriften geschüttelte
2169 933 3069 979 New York mich hoffnungsloser stimmt als damals die
2169 967 3069 1008 weltfernen Schafweiden, die Nomadenzelte, die unbe¬
2169 1005 3071 1043 rührten Wüsten und Hochebenen Afghanistans? – In
2169 1037 3077 1085 fünf Wochen habe ich hier in Amerika täglich und
2169 1072 3062 1117 stündlich und ununterbrochen gehört und gelernt –
2169 1110 3088 1159 und wollte mich nie an die Schreibmaschine setzen,
2172 1141 3087 1182 um es drüben, zu Hause, in der Schweiz, mitzuteilen.
2169 1180 3088 1216 Carson McCullers, meine blutjunge amerikanische
2169 1216 3090 1256 Freundin, wird sehr erstaunt sein darüber, dass ich
2169 1248 3088 1291 über sie, ihretwegen, oder dank meiner Begegnung mit
2169 1285 3069 1322 ihr, einen Artikel schrieb. – Aber so ist es. Wir sol¬
2169 1314 3071 1360 len leben, und uns in langen Umnachtungen nicht fra¬
2169 1362 3088 1419 gen, welches sanfte Sternenlicht uns tröstet und nährt.\:p\
2261 1390 3050 1433 \g\Annemarie Clark-Schwarzenbach.\:g\
