3611 4565
620 303 1837 399 Annemarie Clarac-Schwarzenbach:
1166 526 2485 635 Der Belgische Kongo und der Krieg
2124 180 2551 283 Juni 1941
2753 179 2932 249 Kopie
2655 285 3386 347 (Original an N.Z.Z. –
2685 368 3425 443 bitte nachfragen ob
2697 455 3055 527 verwendet)
847 741 3261 844 \p\Das bedeutende Gebiet des Belgischen Kongo befindet sich seit
623 884 3237 993 der deutschen Okkupation Belgiens in der gleichen, eigenartigen Lage
629 1028 3252 1133 wie die holländischen Kolonien. Das Mutterland ist aus der Liste der
623 1180 3225 1280 Kriegführenden gestrichen, die Kolonien werden von ihren exilierten
620 1320 3249 1423 Regierungen in London aus verwaltet und stehen in engster Beziehung
620 1466 3261 1563 mit Grossbritannien, sodass man sie als dessen Verbündete betrachten
617 1612 3431 1709 muss, obwohl sie theoretisch im Friedenszustand sind. Da die Dienstpflich¬
617 1759 3219 1858 tigen im Belgischen Kongo teilweise mobilisiert sind, und belgische
617 1902 3422 2008 Kolonialtruppen zur Zeit auf afrikanischen Kriegschauplätzen, vor allem
620 2045 3374 2151 in Abessynien stehen, ist die Situation dieser Kolonie um mehrere Grade
617 2188 3416 2297 unklarer als die der benachbarten Territorien des "Freien Französischen
623 2340 3344 2443 Afrika" (Afrique Francaise Libre), die unter der Regierung des Generals
611 2484 3356 2595 De Gaulle das französische Waffenstillstandsabkommen nicht anerkennen,
617 2621 2864 2730 und den Krieg an der Seite Grossbritanniens weiterführen.\:p\
617 2779 3296 2879 \p\Der jetzige Zustand wird aber in den afrikanischen Gebieten kaum als
629 2925 3222 3022 absonderlich empfunden. Die Schauplätze der europäischen Ereignisse
629 3088 3216 3164 sind weit, die Zusammenarbeit mit den britischen Kolonien in Afrika
617 3229 3407 3299 ist eine Notwendigkeit, die Sache Grossbritanniens ist[add above: (wird)] also hier selbst¬
629 3384 2010 3441 verständliche [add above: (als)] die gemeinsame Sache [add above: (aufgefasst)].\:p\ [space]
617 3573 3261 3679 Der Krieg hat noch in anderer, rein wirtschaftlicher Beziehung ein[add inline: d]en
629 3719 3249 3828 engeren Zusammenschluss eines[add above: der] afrikanischen Länderblocks zur Folge.
614 3865 3228 3971 Die im Belgischen Kongo durch die Notwendigkeiten des Krieges sich
623 4008 3323 4114 vollziehenden Verän Umstellungen sind nur teilweise temporärer Natur.
608 4154 3111 4263 Der grössere Teil der Veränderungen wird bleibende Konsequenzen
1397 208 2597 337 –2– (Der Belg.Kongo u. der Krieg)
629 516 2901 621 nach sich ziehen, und verdient daher schon heute Beachtung. [space]
635 731 3200 833 \p\Als "temporär" kann man die Konjunktur jener Produktionszweige im
629 877 3340 985 Kongo bezeichnen, die unmittelbar den Bedürfnissen des Krieges dienen.
629 1017 3328 1125 Der Kongo leistet durch seine besonders durch seine Kupefer- und Zinn-
635 1158 3352 1271 Gruben und durch die Lieferung von Leder einen bedeutenden Beitrag an
635 1313 3236 1418 die Rüstung der Allierten, – eine Tatsache, die im Lande selbst einen
635 1453 2054 1558 stärkende moralische Wirkung ausübt.\:p\
626 1596 3221 1713 \p\Die grösste Reichtumsquelle des Kongo sind die Gruben des Katanga,
644 1746 3310 1851 der Provinz von Elisabethville im Süden. Im neuen Wirtschaftsabkommen
629 1895 3385 2000 zwischen dem Belgischen Kongo und Grossbritannien garantiert letzteres
641 2035 3424 2143 die Abnahme von 126 000 Metertonnen Kupfer für die Zeit vom 1. September
632 2179 3388 2287 1940 bis zum 31. August 1941. Da dieses Abkommen zweifellos erneuert wir
632 2322 3206 2430 für das folgende Jahr erneuert wird, ist die Produktion der "Union
641 2471 3394 2573 Minière", gesichert. Da die Arbeit der Raffinierien von Ooleen in Belgien
638 2612 3382 2722 durch den Krieg unterbrochen ist, wird der grösste Teil des Kupfers zur
641 2755 3460 2869 Verarbeitung in die U.S.A. geschickt, während kleinere Quantitäten bereits
638 2926 3206 2999 im Kongo selbst, in den Raffinerien von Shituru verarbeitet werden
632 3072 3078 3142 konnen. Die Forderung von Zinn und [add above: seinem Derivat] Cassiterit wird durch das
658 3191 3242 3302 "comite de l'étain" geregelt, welches alle Grubengesellschaften bis
641 3331 3364 3445 auf eine umfasst. Dank der Bedeutung dieses Metalls für die Rüstungsin¬
638 3477 3206 3588 dustrien werden die existierenden Gruben voll ausgewertet, und die
635 3618 3316 3732 Regierung ermutigt die Entdeckung und Ausbeutung neuer Adern. Es gibt
629 3764 3173 3878 im Kongo einige 30 Produktionsfirmen von Cassiterit, darunter im
629 3913 3218 4039 Katanga drei der grössten, die "Géomines" mit der Filiale "Somika",
635 4059 3430 4167 die "Sermikat", und die „Union Minière". Der grösste Teil des geförderten
638 4206 3284 4320 Zinns wird in die Vereinigten Staaten verkauft, der Rest in Form von
656 4343 1585 4454 Cassiterit nach England.\:p\
1570 242 2764 365 –3– (Der Belg.Kongo u. der Krieg)
597 469 3245 574 \p\Einen starken Antrieb erfuhr durch den Krieg auch die Förderung von
594 613 3304 723 Kobalterzen, die früher in den Raffinerien von Oolen gereinigt wurden,
606 756 3370 860 und jetzt im Rohzustand nach den U.S.A. verschickt werden. Hingegen konn¬
606 902 3310 1010 ten die belgischen Zinn-Raffinerien von Hoboken durch schon teilweise
597 1051 3385 1153 durch solche im Kongo ersetzt werden. Die „Société Minière" arbeitet mit
609 1191 3290 1296 einer neuen Schmelze in Lubudi, die bestehende Schmelze der "Géomines"
600 1338 1707 1443 in Manono wurde vergrössert.\:p\
597 1478 2878 1589 \p\Die Förderung von Gold ist ebenfalls im Steigen. [add inline: Anwachsen.]\:p\
606 1729 3209 1795 \p\Neben den dunk[add above: durch] der britisch-amerikanischen Rüstungen beanspruchten
603 1842 3391 1953 Grubenindustrien zeichnen sich im Kongo seit Kriegsbeginn Veränderungen
606 1983 3194 2096 besonders auf dem landwirtschaftlichen Gebiet ab, und zwar im Sinne
606 2129 1701 2240 wachsender Selbstversorgung.\:p\
600 2272 3409 2392 \p\Die sogenannte "europäische" Landwirtschafte entwickelt sich am günstigs¬
603 2415 3430 2538 ten wieder im Katanga mit seinem bevorzugten, gemässigten Klima. Staatlich
606 2559 3391 2676 unterstützte Viehzucht-Stationen (wie die "Grelco" und "Pastorale au Lo¬
600 2696 3403 2828 mami") liefern jetzt Butter, ein spezielles Komite[sic] zur Förderung des Obst¬
615 2845 3334 2974 baus wurde gegründet, die Versorgung der rund 30 000 zahlenden weissen
612 2986 3346 3132 Bevölkerung des ganzen Kongo aus dem Katanga mit Eiern, Milchprodukten,
597 3132 3290 3264 Früchten und Frischgemüsen entwickelt sich befriedigend. In der neuen
606 3281 3284 3401 Tabakfabrik in Elisabethville werden einheimische Tabake weisser und
618 3416 3299 3550 eingeborener "Colonen" (Farmer) aus dem Katanga, Kivu und Ruanda verar¬
606 3565 3358 3697 beitet, eine andere Fabrik beginnt mit der Verarbeitung von vegetabilen
594 3711 3287 3840 Fetten zu Wachsen und Schuhwichsen, die Raffinerie der "Minoteries du
600 3866 3403 3989 Katanga" stellt ein Arachid-Oel her, welches um 1/3 billiger ist als das
612 4016 2498 4139 vor dem Krieg aus Europa importierte Speisefett.\:p\
1340 223 2522 352 –4– (Der Belg. Kongo u. der Krieg)
647 456 3448 564 \p\Andere in Entwicklung begriffene lokale Industrien sind die Fabrikation
653 605 1994 716 von Seife, und von Explosivstoffen.\:p\ [space]
647 817 3373 928 \p\Die Verstopfung der europäischen Märkte und die Abriegelung des belgi¬
653 958 3472 1080 schen Mutterlandes haben eine völlige Neuorientierung der Versorgung des
647 1107 1949 1221 Kongo durch die Importe verlangt.\:p\
641 1250 3436 1379 \p\Die Industrie-Gesellschaften, die früher ihre Maschinen, Ersatzteile, etc,
647 1396 3322 1513 durch die Vermittlung ihres Hauptsitzes in Belgien erhielten, richten
650 1543 3421 1657 erhalten jetzt diese Materialien so weit als möglich aus der Südafrika¬
638 1712 3239 1793 nischen Union, oder aus England und den U.S.A., und beginnen mit der
641 1870 2418 1933 Herstellung von Ersatzt[add above: Maschinen]eilen Im Lande selbst.\:p\
644 1976 3460 2107 \p\Der Warenimport, besonders Stoffe, Konfektion, Nahrungsmittel für Europäer,
641 2125 3325 2239 pharmazeutische Artikel, wurde früher durch Einkaufsfirmen in Brüssel
647 2262 3403 2382 besorgt. Die Benutzung neuer Einkaufsquellen wird heute erschwert durch
653 2409 3442 2531 die Beschränkung des freien Geldverkehrs, da der Kongo zum Sterlingblock
650 2555 3424 2675 gehört, – und auch durch die Dauer des Transports überseeischer Bestel¬
638 2692 940 2806 lungen.\:p\ [space]
623 3122 3176 3254 Die allgemeine Tendenz ist daher die einer Orientierung des Kongo
615 3256 3460 3409 nach der Südafrikanischen Union, wohin neben Minenprodukten Hülsenfrüchte,
618 3406 3325 3540 Reis, Palm- und Arachidoel, Häute, Obst, Bienenwachs, und andere veget.  Pro¬
618 3540 3257 3687 dukte exportiert werden. Der Seeverkehr vom Matadi Kongohafen Matadi
618 3689 3254 3830 nach dem Kap wird intensifiert[sic]. Aber auch der Transport zu Land wird
620 3848 3319 3982 durch den Ausbau und die Verbesserung des Strassennetzes erleichtert.
606 3997 3242 4132 So konnte dieses Jahr eine grosse Quantität von Mais aus dem Kongo,
612 4143 3185 4269 welches früher nach Antwerpen geschickt wurde, nach Nord Rhodesien
618 4301 1295 4412 geliefert werden.
1197 207 2391 289 –5– (Der Belg. Kongo u. der Krieg)
615 494 3290 585 \p\Diese Beispiele zeigen genügend, dass der Belgische Kongo die Nieder¬
626 652 3334 721 lage Belgiens nicht als endgultige, noch als eigene Niederlage anzuer¬
621 795 3188 868 kennen brauchte. Die Folge ist natürlich eine[add inline: die] [add above: genannte] Entwicklung im Sinne
635 933 3116 1018 der Autarkie und des engeren Zusammenschlusses mit benachbarten
626 1076 3352 1161 afrikanischen Gebieten, die vielleicht die Formierung der „Vereinigten
638 1231 1901 1310 Staaten von Afrika" vorbereitet.\:p\ [space]
635 1449 3346 1525 \p\Es wird in einem weiteren Artikel besprochen werden, wie sich die seit
632 1593 3343 1668 Kriegsbeginn im Kongo [add above, strikethrough: sich] [strikethrough]vollziehenden[add above: vorgehenden] Veränderungen für die wirtschaft¬
629 1739 2687 1815 lichen Beziehungen mit der Schweiz auswirken. [strikethrough]werden.\:p\
1821 2100 2878 2182 (Leopoldville, Ende Juni 41)
