3703 5669
105 3835 856 3906 Amerikanische Skiferien ohne Schnee!
126 3897 856 3941 \p\Meine amerikanischen Freunde hatten es mir so
96 3939 856 3974 vorgeschlagen: „Während den paar Ferientagen wol¬
105 3968 856 4007 len wir Ski laufen, irgendwo in den Bergen, mög¬
99 4002 544 4049 lichst weit weg von New York!"\:p\
135 4019 842 4071 \p\Ich kannte das schon, – die jungen Amerikaner
108 4059 857 4107 haben zur Riesen– und Wunderstadt der Wolken¬
102 4096 842 4128 kratzer ein feindlich–ablehnendes Verhältnis. New–
111 4127 856 4165 York ist der Sitz von Wallstreet, der großen Bank–
102 4157 856 4187 und Börsenstraße, die aus Amerika eine Schein–
102 4186 846 4223 Demokratie gemacht hat, in welcher nicht die Frei¬
105 4220 856 4255 heit, sondern eine Reihe von Finanzkonzernen
102 4249 856 4289 herrschen. In der New Yorker Park Avenue wohnen
102 4279 846 4315 die Millionäre, die ihre Söhne in englischen Schu¬
102 4307 856 4347 len, ihre Töchter in Pariser Klöstern erziehen lassen,
105 4337 856 4371 die europäische Bilder teuer bezahlen und ameri¬
102 4368 856 4402 kanische Künstler hungern lassen. In New York gibt
105 4400 856 4431 es die höchsten Häuser und die größten Kinotheater
102 4429 848 4467 der Welt, dort spielt man die prächtigsten und
102 4461 846 4495 dümmsten, aus Europa importierten (!) Revuen,
105 4492 856 4527 um den Fremden zu imponieren, in New York weiß
102 4520 856 4553 man nichts von Amerika, – vom wahren, während
105 4551 856 4585 einer entsetzlichen Krise erwachten, von Roosevelt
108 4586 857 4619 geführten Amerika! Und die neue amerikanische Ju¬
108 4616 845 4647 gend lehnt den Geist von New York ab: mag das
105 4642 856 4676 Eiland von Manhattan eines Tages abbrechen und
102 4673 842 4713 im Meer versinken – sagen sie –, nichts Wichtiges
102 4699 812 4743 wird sich deswegen in unserem Land verändern.\:p\
126 4734 857 4771 \p\Und sie sind darauf aus, mir, der Fremden, ihr
102 4757 856 4794 Land zu zeigen. Sie warnen mich vor dem Mon¬
102 4792 856 4831 strum New York, locken mich weg, in die herbe,
105 4822 856 4860 nördliche Landschaft der Wälder und Seen in Maine,
105 4852 856 4888 in die Tabakfelder von Maryland, in das schwarze
105 4881 856 4920 Kohlenbecken jenseits der Alleghanies, sie sprechen
102 4905 856 4945 von den weiten Ebenen des Mittelwestens, von den
111 4936 856 4989 Baumwollstaaten im Süden, von den Erzlagern an
866 3807 1627 3843 den großen Seen, von den Weiden Colorados. Dies
872 3845 1622 3887 alles ist ihr Land sie sind sich dessen bewußt ge¬
861 3871 1636 3915 worden, seitdem Staubstürme und Ueberschwem¬
861 3901 1636 3936 mungen, Krise und Arbeitslosigkeit es bedroht ha¬
861 3933 1616 3979 ben, und seitdem Roosevelt aus der besten ameri¬
861 3962 1636 4008 kanischen Jugend eine patriotische Elite gemacht hat,
872 3992 1636 4027 die um Bestand und Zukunft dieses Landes kämpft
875 4024 1636 4064 und sich frei macht von den Bindungen ihrer Väter
861 4057 1330 4092 an das „Mutterland" Europa.\:p\
902 4084 1636 4117 \p\In New York herrscht laues Regenwetter. Wir
861 4105 1636 4159 aber fahren weg, nach Nordwesten, in die Hügel von
861 4145 1141 4198 \g\Connecticut\:g\.
902 4158 1636 4211 „Gibt es denn dort Schnee?“ frage ich, weil ich,
861 4202 1636 4252 als Schweizerin, nun einmal keine „Skiferien“ kenne
861 4240 1063 4281 ohne Schnee.
905 4252 1636 4305 „Es wird schon schneien“, antworten mir meine
861 4287 1627 4333 optimistischen Freunde. Der eine ist Student der
861 4326 1636 4369 Landwirtschaft an der Universität Yale und hat vor,
861 4362 1636 4390 den ganzen Mittelwesten mit einem gewaltigen
861 4389 1637 4431 Baumgürtel zu bepflanzen, um Weiden und Wei¬
893 4417 1638 4453 zenfelder gegen die Staubstürme zu schützen. Der
881 4448 1636 4482 Andere ist ein junger Architekt, der eine glänzende
861 4476 1636 4521 Stellung in New York ausgeschlagen hat, um weit
861 4511 1636 4543 unten in Memphis eine neugegründete Akademie
861 4542 1637 4573 für Kunst und Architektur zu leiten, in Memphis,
861 4568 1636 4616 wo die Leute bisher von „Kunst“ nichts kannten
884 4600 1636 4653 außer Radio–Reklame und schlechten Filmen aus
861 4618 1049 4676 Hollywood!\:p\
914 4648 1636 4704 \p\Jetzt aber sind Ferien, und wir entfliehen dem
881 4677 1636 4733 Trubel New Yorks, fahren stundenlang die Avenuen
860 4726 1636 4768 hinunter, geraten in die Vorstädte, Chinesenviertel,
861 4755 1636 4792 rauchigen Industriezentren, Villen–Vororte, und be¬
861 4783 1636 4825 finden uns endlich auf einer der großen Landstraßen
861 4818 1636 4852 Amerikas, die wie Adern den gewaltigen Kontinent
861 4853 1636 4885 durchziehen, die mit ihren Tankstellen, Wurstbuden,
861 4877 1636 4919 billigen Lunchrestaurants und Touristenlagern zum
861 4908 1621 4947 Bestand des täglichen amerikanischen Lebens ge¬
861 4941 971 4986 ghören.\:p\
1681 3808 2427 3840 \p\Die Fahrt ist lang. Wir machen manchmal Halt,
1660 3835 2427 3880 um eine Tasse Kaffee zu trinken, den Benzintank zu
1653 3865 2408 3905 füllen. Aus den kleinen, einförmigen Städten kom¬
1654 3895 2428 3933 men wir in offenes Land, wo die Farmhäuser weit
1654 3926 2428 3960 verstreut auf den Hügeln liegen und Postkästen, auf
1653 3955 2428 3992 einem Pfahl an der Landstraße aufgepflanzt, die
1654 3987 2428 4027 Namen der Farmer tragen. Gegen Abend taucht vor
1654 4023 2428 4051 uns dunkel das „Gebirge“ auf, bewaldete Anhöhen,
1654 4043 2428 4089 die an den Jura erinnern. Kein Schnee! – „Wenn
1654 4075 2428 4121 man genug Geld und Zeit hätte, um nach Lake
1654 4105 2429 4150 Placid zu fahren....", seufzen meine Begleiter.
1654 4136 2428 4181 Aber wir überwinden die Enttäuschung, schön ist es
1654 4172 2428 4220 auch ohne Schnee, die Stadt ist hinter uns und ver¬
1654 4209 2429 4240 gessen, und vor uns atmet das freie, offene, große
1657 4228 2427 4275 Land im Abendschatten, der sich langsam über Fel¬
1654 4264 2020 4300 der und Wiesen breitet.\:p\
1678 4295 2428 4331 \p\„Jug End Barn", unser Ziel, ist schwierig zu fin¬
1654 4316 2427 4358 den. Wir klopfen an manche Haustüre einsamer
1653 4349 2428 4394 Farmhäuser; mit der Laterne kommt der Besitzer
1654 4374 2428 4414 auf den lehmigen Weg hinaus, weist uns die Rich¬
1654 4411 2428 4460 tung. Regen rieselt, die Luft ist neblig, die Kälte
1653 4439 2401 4483 dringt durch die feuchten Kleider. Endlich geht es
1654 4469 2428 4506 aufwärts, an einem schimmernden Teich vorbei,
1654 4504 2428 4536 durch ein letztes Stück Wald – und vor uns erhebt
1654 4529 2428 4582 sich ein erhelltes Gebäude, ein mächtiges tonnen¬
1654 4566 2427 4606 förmig gewölbtes Scheunendach, Fachwerk, weiß¬
1654 4597 2408 4633 getünchte Mauern, ein massives Tor – auf dem
1660 4618 2427 4666 geebneten Platz davor stehen eine Reihe von Auto¬
1654 4656 1786 4698 mobilen.\:p\
1684 4670 2427 4730 \p\„Jug End Barn", die „Scheune“ ein riesiges, in
1654 4718 2428 4760 ein Skihotel umgewandeltes Farmhaus. Etwa vier¬
1654 4744 2428 4789 zig junge Amerikaner, Studenten, Angestellte, Do¬
1654 4775 2428 4820 zenten, Sportlustige (und ein österreichischer Ski¬
1654 4809 2428 4853 lehrer aus dem Arlberg!), hausen hier und warten
1654 4838 2428 4883 auf Schnee. Die Skier stehen in der Eingangshalle,
1654 4874 2427 4910 frisch gewachst und geölt, ein altmodischer Cowboy–
1657 4910 2428 4937 Sattel hängt daneben, die jungen Leute tragen
1672 4921 2427 4973 Sportanzüge, Skischuhe oder genagelte Bergstiefel,
2436 3793 3192 3835 Jacken und Sweater hängen zum Trocknen über dem
2436 3832 3192 3863 Ofen – es riecht vertraut nach schweizerischem
2445 3859 3184 3905 Hüttenleben, nach Wachs, frischem Holz, kräftiger
2436 3894 3183 3928 Suppe und Feuer. Denn drin, im riesigen Wohn¬
2436 3922 3183 3957 raum, nimmt ein gemauerter Kamin die ganze
2436 3947 3183 3986 Breitseite ein, davor sind alte Kuhraufen aus Sand¬
2436 3980 3187 4020 stein als bequeme Bänke aufgestellt, mächtige Holz¬
2436 4012 3186 4047 klötze, ganze Baumstämme, nähren das prasselnde
2436 4041 3186 4083 Feuer. Man begrüßt uns, sieht einen Augenblick
2435 4064 3195 4113 vom Buch oder von der Zeitung auf, rückt ein wenig
2436 4105 3190 4145 zur Seite – einer fragt uns, ob wir Bier haben
2436 4129 3186 4168 wollen oder Tee, um uns aufzuwärmen? – und
2436 4157 3192 4198 bringt gleich darauf ein paar Flaschen und Gläser
2436 4196 3187 4236 herbei. Als man erfährt, daß wir noch nicht ge¬
2436 4218 3195 4267 gessen haben, gibt es einen allgemeinen Aufbruch
2436 4251 3190 4290 in die Küche. Man weiß, wo die Eier die Bananen,
2436 4281 3183 4322 der Rahm aufbewahrt werden. Ein Professor macht
2436 4311 3180 4350 uns die Spiegeleier, mit gebratenem Speck. – „Ist
2436 4343 3186 4384 das alles im Pensionspreis inbegriffen?" frage ich,
2436 4378 3195 4412 als wir am Holztisch sitzen, eifrig kauend. – Man
2436 4409 3186 4446 sieht mich verständnisvoll an, beginnt zu lachen.
2439 4432 3189 4479 „Küche und Keller sind immer offen", bekomme ich
2436 4461 3183 4506 schließlich zur Antwort, „solange wir nachher ab¬
2436 4499 3187 4532 waschen und alles in Ordnung bringen.“ Und schon
2436 4522 3186 4565 bindet sich der Professor eine Schürze um, und be¬
2436 4562 2976 4602 ginnt, Teller und Pfannen zu spülen.\:p\
2454 4578 3179 4631 \p\„Wie würde sich das bei uns zu Hause ausneh¬
2436 4617 3177 4656 men“, frage ich mich, „ein Hotel, mit sehr mäßigen
2436 4649 3190 4690 Preisen übrigens, wo jeder sich aufführt, als sei
2436 4681 3177 4718 er zu Hause, und kein Direktor und keine Gouver¬
2436 4716 3177 4749 nante kontrollieren, was man sich abends aus dem
2436 4737 3190 4779 Eisschrank holt, und wieviel Flaschen Bier man
2436 4770 3190 4810 trinkt? – wo die Gäste selber das Feuer bewachen,
2436 4804 3178 4846 Holz aus dem Hof holen, und der, der zuletzt schla¬
2436 4830 3180 4873 fen geht, sorgfältig das gußeiserne Schutzgitter vor
2435 4856 3177 4897 das Kamin stellt? Wo diese ganze, fast unglaubliche
2436 4888 3190 4936 Freiheit offenbar von niemandem ausgenützt und
2435 4924 2693 4976 mißbraucht wird?\:p\
598 4079 1324 4120 \p\Eigentlich erinnert dieses „Jug End Barn“ an
568 4118 1324 4148 ein Lager von Wandervögeln. Ein Ski–Hotel, gut,
571 4145 1325 4179 wenn auch ohne Schnee, und mit viel Regen. Am
577 4171 1324 4209 Morgen liegt dichter Nebel über den Hügeln, man
571 4204 1325 4249 kommt durchnäßt von einem Gang durch den Wald
580 4231 1324 4274 zurück, im ehemaligen Kuhstall wärmt man sich mit
574 4262 1305 4305 Handball (die Tenne ist ein großartiger Sportplatz),
571 4296 1325 4333 Kegelschieben, sogar Pistolenschießen. Am Abend geht
571 4322 1325 4359 es recht eigentlich „romantisch“ zu: man sitzt am
577 4355 1324 4388 Kamin, erzählt Geistergeschichten, singt Landstraßen–
577 4386 1324 4415 Lieder. Eine Bauernmusik rückt auf. Und während
580 4412 1324 4447 in den Nachtlokalen New Yorks, Londons und Ber¬
574 4440 1324 4479 lins amerikanischer Jazz gespielt wird, ertönen hier
580 4472 1324 4505 Fiedel und Dudelsack, und die jungen Leute ver¬
574 4500 1324 4539 stehen sich alle auf schwierige „Square dances",
576 4530 1324 4567 Volkstänze mit komplizierten Figuren und einfachen,
574 4561 1324 4589 immer wiederkehrenden Melodien. Sicher stammen
574 4592 1324 4622 diese Tänze von den Hochländern Schottlands, von
577 4619 1324 4655 den irischen Bauern, oder aus Skandinavien. Und
574 4649 1315 4685 der Professor aus Harvard erklärt mir, daß man
574 4684 1325 4716 bei den amerikanischen Bergbauern Lieder findet,
574 4709 1324 4748 die aus England stammen, Balladen und Legenden,
580 4738 1324 4793 die drüben im Mutterland längst vergessen und ver¬
577 4769 768 4812 schollen sind!\:p\
606 4800 1325 4840 \p\Wir bleiben vier Tage in „Jug End Barn“, in
577 4832 1312 4864 den melancholischen Hügeln von Connecticut. Ohne
574 4858 1314 4892 Schnee, die amerikanischen Freunde können es nicht
577 4893 1307 4931 leugnen. Aber ich, meinerseits, muß zugeben, daß
574 4919 1318 4955 es mir eigentlich gar nichts ausmacht, und daß ich
577 4947 1308 4986 schon angesteckt bin von der Liebe zu diesem frem¬
574 4979 1311 5019 den, uns Europäern so unbekannten Land. Ich muß
574 5007 1215 5053 zugeben, daß New York nicht Amerika ist ...\:p\
603 5031 1325 5071 \p\Und darüber, über dieses unerschöpfliche, brennend
577 5072 1324 5105 aktuelle Thema, "Amerika" werden abends am Feuer
574 5094 1323 5134 lange, leidenschaftliche Gespräche geführt. Für mich,
577 5126 1324 5165 die Ausländerin, entbehrt es nicht einer schamvollen
574 5165 1324 5193 Bitterkeit, mitanzuhören, mit wie viel Ueber¬
579 5185 1324 5227 zeugung die jungen Amerikaner von der Demokratie
583 5214 1325 5260 sprechen, wie selbstverständlich hier vorausgesetzt
577 5251 1324 5288 wird, daß ein freies, „erwachsenes“ Volk und jeder
1332 4083 2083 4122 freie, verantwortliche, selbständige Mensch keine bes¬
1332 4113 2066 4146 sere Staatsform ersinnen, in keiner anderen Staats¬
1332 4142 2082 4181 form leben, denken, arbeiten und für die Zukunft
1332 4177 2082 4210 planen könne. Sie sind kritisch, diese jungen Leute,
1332 4204 2082 4238 manchmal führen die Gespräche bis zu einem auf¬
1333 4234 2082 4265 richtigen, schmerzlichen Pessimismus: auch in
1341 4256 2082 4298 Amerika! Denn die Probleme und Schwierigkeiten,
1333 4293 2082 4330 geben wir es zu, nehmen auch in diesem Land riesige
1333 4320 2082 4358 Ausmaße an. Aber doch: welcher Mut, welche Bereit¬
1333 4352 2082 4390 schaft zum persönlichen Einsatz, welche enthusiastische
1333 4375 2037 4416 Anteilnahme an der freien Zukunft Amerikas! –
1334 4409 2083 4450 Man baut lieber in Memphis in öder Provinz eine
1334 4440 2083 4480 Akademie auf, als daß man in New York ein be¬
1334 4467 2078 4504 quemes Leben führt... Und dann, welch selbstver¬
1334 4500 2066 4535 ständliche Kameradschaft in diesem Haus, wo es
1334 4531 2083 4565 keinen Kassenschrank gibt und der Eisschrank nicht
1335 4558 2069 4593 abgeschlossen wird! Es ist mehr als nur sportlicher
1335 4590 2082 4623 Geist und Wandervogelatmosphäre. Es ist eine Ju¬
1335 4619 1792 4660 gendbewegung im besten Sinn.\:p\
1364 4652 2082 4696 \p\Als wir, an einem klaren Frühmorgen, unseren
1335 4686 2082 4724 eingefrorenen Ford wieder in Gang bringen, und
1336 4712 2082 4748 über die lehmigen Wege der großen Landstraße zu¬
1336 4739 2028 4777 steuern, fragt mich einer meiner Freunde: „Bist Du
1341 4775 2025 4804 enttäuscht über diese sogenannten ,Skiferien'?“ –
1336 4801 1965 4853 Aber worüber sollte ich enttäuscht sein ...\:p\
1702 4837 2048 4897 \g\Annemarie Clark\:g\.
