3736 5616
493 507 1402 626 Die Jugend Portugals
130 690 941 741 \p\Man kann Portugal nicht lieben, ohne seine Ju¬
88 734 941 773 gend zu lieben, welche, wo immer man ihr begeg¬
88 774 941 826 net, die besten und nobelsten Aspirationen des
101 812 942 850 Werkes von Salazar zum lebensprühenden Aus¬
87 853 940 899 druck bringt. — Und wo begegnet man ihr nicht,
83 895 941 936 dieser Jugend, den Buben und Mädchen von Stadt
88 932 941 983 und Land, aller Klassen und Altersstufen, welche
83 968 942 1008 die hübsche Uniform der « \g\Mocidade Por¬
83 1007 933 1052 tuguesa\:g\»* tragen und in ihren Zeltlagern, auf
83 1050 941 1093 ihren Sportplätzen, in Segel- und Reitschulen und
83 1092 922 1136 in ihren "Zentren" zusammenkommen, um im glei¬
86 1129 941 1171 chen humanen und christlichen Geist erzogen zu
83 1170 941 1210 werden, welcher der politischen und sozialen Ver¬
85 1212 941 1255 fassung ihres Vaterlandes, des «Korporativen
77 1246 722 1299 Staates" von Salazar, zugrunde liegt.\:p\
119 1281 941 1336 \p\Nach der vornehmsten Ueberzeugung des neuen
86 1326 941 1368 Portugals und seiner verantwortlichen Männer
83 1369 941 1412 muß die nationale Revolution in erster Linie eine
86 1408 941 1449 \g\moralische\:g\ Revolution sein. Salazar hat es
77 1447 941 1488 immer wieder klar gemacht, daß der Staat nur das
88 1488 941 1531 politische Gerüst im Dienste der Gesellschaft und
83 1524 941 1565 ihrer Bedürfnisse ist, und daß er alle natürlichen
77 1567 941 1604 und traditionellen Elemente der Gesellschaft in
77 1604 941 1644 sich begreifen muß. In diesem Sinne schrieb ein
77 1646 941 1684 bedeutender portugiesischer Erzieher unter dem
83 1683 941 1721 Titel « Was ist der Feind Nummer eins der Jugend
83 1725 941 1775 Portugals?», es gehöre zu den grundsätzlichen Irr¬
77 1764 923 1807 tümern unserer Zeit, politische, ökonomische und
80 1803 941 1842 soziale Systeme aufbauen zu wollen, ohne den
77 1839 941 1902 Menschen zu erneuern, welcher der Träger dieser
77 1882 790 1932 Systeme ist, und dessen Leben sie dienen.\:p\
122 1913 941 1964 \p\Es versteht sich von selbst, daß in einem so hu¬
77 1960 941 2005 manitär orientierten Staatswesen der Erziehung
77 2009 942 2052 der Jugend die größte Bedeutung beigemessen
77 2040 941 2082 wird, denn die Jugend ist die Kraft unserer Zu¬
77 2080 941 2130 kunft. Aber so wie sich der autoritäre Staat des
77 2119 941 2162 neuen Portugals grundsätzlich von einem totali¬
80 2161 941 2209 tären Staat unterscheidet, so übernimmt er auch
77 2200 941 2244 in der Heranbildung seiner Jugend die Führung,
77 2243 941 2296 ohne jedoch andere, natürliche Einflüsse zu ver¬
77 2269 941 2343 neinen oder gar zu bekämpfen. Der Nationale
77 2321 941 2368 Kommissär der Portugiesischen Jugend, Profes¬
75 2359 941 2402 sor Marcelo Caetano, hat dies sehr deutlich formu¬
77 2401 941 2448 liert: «Notre but est de compléter l'action de la
77 2440 941 2483 famille, de l’école, et de l’église pour \g\former
75 2476 941 2532 des hommes.\:g\ Und weiter: «Elle (die 'Mo¬
75 2520 940 2577 cidade Portuguesa') prétend être un mouvement
75 2554 941 2597 de formation intégrale, non d'éducation totali¬
80 2591 941 2653 taire». Das Wort «hommes de caractère» kehrt in
75 2637 941 2686 den Erklärungen von Professor Caetano immer
83 2664 942 2731 wieder. Für diese Aufgabe, die sich der Staat ge¬
75 2717 941 2765 stellt hat, seine Jugend zu «Männern von Charak¬
77 2755 941 2804 ter zu erziehen, hat er die Organisation der Por¬
76 2793 941 2859 tugiesischen Jugend geschaffen: die «Mocidade
75 2835 301 2896 Portuguesa".\:p\
959 671 1796 735 \p\Diese nationale Organisation ist obligatorisch
959 732 1796 776 für die Kinder bis zum 14. Jahr und ist in vier
958 770 1790 819 Altersklassen eingeteilt: die «Lusitos", bis zum 10.
958 817 1796 857 Jahr, die «Infantes", bis zum 14., die Vanguar¬
958 852 1796 897 distas, bis zum 16. und die «Cadetes" bis zum 21.
956 896 1796 938 Altersjahr. Die «Cadetes" absolvieren dann den
957 925 1782 985 Militärdienst und können gleichzeitig in die por¬
957 973 1437 1028 tugiesische Legion eintreten.\:p\
984 1002 1778 1059 \p\Die Leitung der Nationalen Jugend untersten
956 1051 1424 1095 dem Erziehungsministerium.\:p\
984 1088 1782 1135 \p\Die Aktivitäten der Nationalen Jugend sind in
955 1130 1785 1176 sieben verschiedene Dienste eingeteilt, welche All¬
955 1166 1782 1216 gemeininstruktion für Campieren, Segelfliegen,
954 1209 1796 1250 körperliche und sportliche Erziehung, gesundheit¬
954 1249 1796 1287 liche und speziell sportmedizinische Auswahl und
954 1286 1796 1339 Ueberwachung, moralische und politische Bildung
953 1326 1796 1373 einschließen. Unter den Sportarten sind Turnen
953 1365 1796 1415 und Reiten obligatorisch, andere wie Fechten, Se¬
951 1408 1796 1455 geln, Fußball, sind fakultativ. Es ist nicht selten,
951 1441 1796 1492 daß junge Avantgardisten und Kadetten in
951 1483 1796 1527 Springkonkurrenzen Preise gewinnen, und Segler
950 1515 1798 1571 der Nationalen Jugend haben in internationalen
950 1562 1798 1611 Konkurrenzen Siege davongetragen. Die kleinsten
950 1604 1798 1655 Segler bauen ihre Schiffe selbst und üben sich auf
950 1644 1784 1691 der Tajo-Bucht, während die Aelteren jährlich auf
950 1682 1790 1739 einem prächtigen Segel-Schulschiff in See stechen,
949 1723 1721 1768 und so einmal sogar die Azoren besucht haben.\:p\
977 1757 1796 1805 \p\Die «Mocidade Portuguesa, hat ihren Sitz in
949 1803 1798 1854 Lissabon im prächtigen Palacio da Independência,
948 1838 1796 1888 den ihr die portugiesische Kolonie in Brasilien
948 1877 1796 1927 zum Geschenk gemacht hat. Dort haben die Ju¬
947 1922 1796 1973 gendführer ihre Arbeitsräume und Sitzungszim¬
947 1957 1796 2001 mer, und kleine "Infantes" versehen Türhüter-,
947 1994 1796 2041 Wache- und Botendienste. Und so wie ihre Uni¬
946 2037 1739 2083 form - grüne Hemden, braune Jacke und Hose
946 2071 1787 2120 auf die Uniform der portugiesischen Legion in den
946 2118 1796 2162 Tagen Napoleons zurückgeht, so ist auch "ihr"
945 2158 1798 2199 Palast ein Zeugnis und Symbol der portugiesi¬
945 2191 1798 2243 schen Geschichte: von diesem Privatpalais der
945 2235 1798 2281 Familie Almada begann die Revolution der vierzig
943 2278 1796 2327 Verschwörer, welche im 16. Jahrhundert, zur Ab¬
943 2317 1796 2363 schüttelung der spanischen Herrschaft führte.
942 2356 1773 2406 Aber das Leben der Mocidade spielt sich wenige
942 2391 1796 2438 in diesem Palast ab, als draußen, in den Zentren
942 2434 1796 2480 der Jugend", wo der ganze Samstag und ein Teil
942 2473 1796 2520 des Sonntags der nationalen Erziehung gewidmet
942 2515 1796 2555 ist. Noch wichtiger und erfreulicher ist wohl das
942 2554 1796 2597 Leben im Lager, wo Schüler, Studenten, junge
941 2594 1796 2637 Arbeiter und Fischersöhne zusammenkommen und
941 2634 1796 2684 mehr lernen, als nur körperliche Ertüchtigung und
940 2671 1796 2720 praktische Fähigkeiten, nämlich eine ernste Auf¬
940 2709 1796 2763 fassung des Lebens, eine Stetigkeit des Willens,
940 2749 1796 2801 eine selbstlose Haltung gegenüber den Mitmen¬
939 2794 1799 2839 schen, eine gemeinsame Orientierung auf humane
942 2835 1796 2880 Ziele, die den egoistischen Materialismus und die
942 2870 1796 2912 Verweichlichung des einzelnen überwinden. Ael¬
938 2915 1796 2956 tere leiten die Jüngeren und lernen so nicht nur
938 2951 1791 3005 befehlen, sondern vor allem Verantwortungs¬
1807 295 2654 345 bewußtsein, Herr Caetano selbst, der Nationale
1807 339 2646 380 Kommissar, dem Salazar eine so große und ernste
1813 377 2646 424 Aufgabe zugeteilt hat, ist erst 35 Jahre alt. Und
1808 420 2640 460 für diesen sympathischen portugiesischen Staat,
1808 456 2646 505 der das Werk eines genialen Mannes ist, und den
1808 499 2646 542 man oft «die Diktatur der Intelligenz" genannt
1808 537 2640 584 hat, ist es bezeichnend, daß der jugendliche Kom¬
1808 577 2656 621 missar der Kinder Portugals  ein Intellektueller
1808 618 2656 661 ist, Professor der juristischen Fakultät, dessen
1813 657 2656 698 Werk «Problèmes de la Révolution Corporative"
1804 700 2657 745 zu den großen Werken der Staatslehre unserer
1804 739 2018 790 Zeit gehört.\:p\
1853 756 2640 825 \p\Wenn es nicht immer wahr ist, daß die Völker
1804 813 2635 854 die Regierung haben, die sie verdienen, so ist es
1804 852 2657 915 doch sicher wahr, daß die heranwachsende Jugend
1804 896 2542 943 in Portugal ihrer Führer würdig sein wird.\:p\
2201 926 2638 992 \p\Annemarie Schwarzenbach\:p\
77 2893 930 2957 \p\* Portugiesische Jugend, offizielle Bezeichnung der
106 2954 611 3003 nationalen Jugendorganisation.\:p\
