3768 5488
1086 2485 1755 2547 Marlene Dietrich: Blonde Venus [Schlagwörter: Film, Ästhetik, Sexualität]
1041 2538 1849 2602 \p\Josef von Sternberg hat Marlene Dietrich in
989 2577 1833 2633 ihrem letzten Film sozusagen wieder entdeckt und
989 2623 1831 2668 beinahe in eine neue Frau [ev. Kommentar zur Doppeldeutigkeit des Ausdrucks] umgewandelt. Der
990 2653 1849 2703 blaue Engel hat sie berühmt gemacht — seither hat
990 2692 1831 2735 man sie nie wieder so ausgezeichnet und über¬
990 2724 1848 2766 zeugend spielen gesehen. Man erinnere sich an
1885 106 2736 154 „Marokko" oder „Schanghai-Erxpreß[recte: Express]“ — es war
1871 154 2737 189 das gleiche Gesicht, die gleiche Stimme — aber
1871 184 2723 232 ohne die elementare Wirkung jenes ersten Films.
1871 222 2717 269 Jetzt hat Sternberg wieder das gleiche Gesicht
1871 261 2711 304 photographiert, die gleiche künstlich vertiefte
1881 298 2717 337 Stimme aufgenommen — und alles ist verändert.
1875 329 2711 369 Und so verändert, als seien alle früheren Filme
1869 366 2737 413 der Dietrich nur Vorbereitungen gewesen, Andeu¬
1872 403 2736 436 tungen, halbgelungene Versuche gegenüber dieser
1871 439 2737 476 erstaunlichen Virtuosität, die alle Möglichkeiten
1871 472 2736 508 einer Figur hundertprozentig ausnützt und die
1881 506 2737 543 Möglichkeiten Marlene Dietrichs insbesondere bei¬
1875 541 2736 584 nahe übersteigert und bis an die Grenzen des
1875 574 2717 622 Erlaubten, bis hart an die Grenze des Kitschs
1880 612 2737 656 führt. Es verhält sich keineswegs — wie behauptet
1871 651 2737 686 wurde — so, daß allein Marlene Dietrich den Film
1871 683 2724 728 trägt — obwohl sie gewiß durch keine andere
1881 721 2721 761 Schauspielerin ersetzt werden dürfte — aber, sie
1871 752 2737 790 hat ja allein in dem kleinen Knaben einen ganz
1874 789 2736 832 bezaubernden Gegenspieler — und abgesehen von
1878 824 2721 862 den Darstellern würden die vortrefflichen Milieu¬
1877 870 2735 905 aufnahmen schon genügen, um den Film beachtens¬
1871 898 2716 937 wert zu machen. Die Landschaften — vom rhein¬
1878 932 2721 972 goldinspirierten Schwarzwaldweiher bis zu der
1875 963 2717 1011 armseligen und trostlos verlassenen Eisenbahn¬
1881 1002 2737 1041 station in Südamerika — sind in eine schwer zu
1871 1040 2737 1082 bezeichnende Atmosphäre von Romantik getaucht,
1875 1071 2737 1112 ohne dabei an treffender Wirklichkeit einzubüßen
1931 1110 2722 1148 — aber die Wirklichkeit ist sozusagen durch die
1869 1141 2737 1188 Kamera — oder besser, durch das Auge des Regis¬
1874 1177 2723 1216 seurs gebrochen und verzaubert. Dasselbe gilt von
1878 1215 2737 1253 den Varietéaufnahmen — und man sollte doch
1881 1250 2737 1288 glauben, daß man Varietéaufnahmen nicht mehr
1880 1288 2737 1327 sehen und ertragen könne. Aber Sternberg hat
1871 1321 2737 1353 auch hier noch Möglichkeiten entdeckt: wie er einen
1875 1355 2721 1396 Neger photographiert, der an der Pauke sitzt — und
1881 1388 2737 1429 über den Rand dieser Pauke hinweg, aus einer
1878 1424 2717 1469 ganz ungewohnten Perspektive, erblickt man die
1875 1463 2714 1504 Girls, ihre hawaischen [sic] Schürzen, ihre sonderbar
1871 1496 2737 1533 bewegten Hüften und endlich, zuletzt, die riesigen
1877 1535 2736 1566 auf und niederwippenden Perücken über kleinen
1871 1570 2737 1603 braungemalten Gesichtern [ev. Kommentar zu Blackfacing]. Aber neben solchen
1871 1596 2721 1642 auffallenden Vorzügen besitzt der Film einzelne
1871 1635 2715 1677 Nuancen — nennen wir sie „Einfälle“ — die das
1871 1671 2737 1713 unfehlbarste künstlerische Kriterium enthalten und
1871 1710 2736 1762 die man auch einfach als „dichterisch“ bezeichnen
1871 1739 1989 1789 könnte.\:p\
1922 1770 2736 1818 \p\Aber hier ist es schon wieder das Verdienst
1871 1813 2737 1867 Marlene Dietrichs — die, so hört man, in diesem
1878 1849 2709 1891 Film veramerikanisiert, verdorben, standarisiert [sic]
1869 1888 2705 1933 worden sei. Das ist sicherlich ein unberechtigter
1874 1920 2736 1969 Vorwurf — denn, um gut englisch zu sprechen,
1871 1949 2715 1997 braucht man ja noch nicht seine Eigenart aufzu¬
1871 1994 2737 2033 geben. Die Verwandlung Marlene Dietrichs ist in
1875 2026 2711 2066 Wirklichkeit nur eine Steigerung — ihrer schau¬
1875 2061 2711 2101 spielerischen Fähigkeiten, ihrer Schönheit, ihrer
1871 2094 2715 2143 Besonderheit. Zum erstenmal spielt die Dietrich
1871 2131 2710 2171 in diesem Film — zum erstenmal ist sie variations¬
1871 2167 2737 2205 fähig — man vergleiche etwa die beiden Varieté¬
1871 2206 2737 2243 aufnahmen: die erste in New York, blonde Venus,
1871 2244 2717 2280 große Aufmachung und dazu jenes beinahe uner¬
1871 2271 2717 2319 träglich gesteigerte und schmal verzerrte Gesicht
1872 2314 2717 2353 unter der ungeheuren Perücke — und dann, in
1875 2345 2706 2387 Paris, die berühmte Revuekünstlerin, verspielt und
1869 2385 2710 2428 hübsch im weißen Frack — man erinnere sich fernen
1871 2418 2715 2460 an die junge Frau, in der bürgerlichen Umgebung
1871 2451 2717 2497 ihres kleinen Haushalts in New York — und dann
1871 2488 2715 2532 an die gehetzte Landstreicherin in irgendeiner
1869 2526 2715 2574 kleinen Kneipe — gewiß, auch hier ist die Grenze
1871 2557 2706 2597 des dem guten Geschmack Erträglichen erreicht —
1872 2594 2714 2636 aber man erträgt es, weil es vorzüglich gemacht
1871 2633 2711 2670 und von Marlene Dietrich vorzüglich gespielt ist.
1871 2670 2711 2708 Und dies gilt für den ganzen Film: Er verrät
1881 2689 2738 2741 soviel subtile Kenntnis des Filmischen, und soviel
1871 2739 2737 2778 Verständnis für das Talent der Dietrich, daß man
2762 106 3591 166 alles Störende mit in Kauf nimmt und es dem
2762 150 3470 198 hochbegabten Regisseur zugute halten muß.\:p\
3099 165 3555 247 \p\Annemarie Schwarzenbach.\:p\
