3720 5472
135 477 971 575 Das Rote Kreuz in Lissabon
426 569 916 641 A C. S. \g\Lissabon\:g\, 5. März
149 635 944 685 \p\Es wurde schon oft gesagt, die mehr oder minder
104 685 971 731 offene Einmischung in den \g\Bürgerkrieg\:g\ in
106 721 971 775 \g\Spanien\:g\ habe den Armeestäben mehrerer Mächte
104 762 971 801 eine Gelegenheit geboten, die Wirksamkeit moderner
104 803 944 847 Kriegsmittel in der blutigen Praxis zu erproben.
110 837 940 887 Weniger bekannt wurde es, daß auch das \g\Inter
104 884 971 924 nationale Komitee vom Roten Kreuz\:g\
104 919 971 966 damals zum ersten Male die Grundsätze seiner neuen
101 959 972 1000 Konvention vom Jahre 1929 auf die Probe stellen
104 995 973 1041 konnte. Zwischen dem Machtbereich General Francos
104 1034 973 1100 und dem der spanischen Volksfront wurden damals
104 1082 973 1119 nicht weniger als sechs Millionen Mitteilungen aus¬
110 1117 251 1173 getauscht.\:p\
155 1150 941 1223 \p\Auf den „ Code des Prisonniers de Guerre“ der
104 1207 973 1256 Konvention von 1929 gestützt, konnte das Internatio¬
104 1251 973 1304 nale Komitee die Tätigkeit der \g\„Zentralagentur
110 1287 973 1334 für Kriegsgefangene“\:g\ vorbereiten, die, wenige
110 1332 973 1380 Monate vor Kriegsausbruch zustande gekommen, von
101 1370 973 1408 allen kriegführenden Staaten anerkannt wurde. Um
101 1411 973 1448 einen Begriff vom Umfang der sofort nach Kriegs¬
101 1448 976 1495 beginn eingesetzten Vermittlertätigkeit der Zentral¬
110 1487 975 1528 stelle zu geben, sei erwähnt, daß bis zu 60 000 Briefen
110 1529 975 1577 im Tag durch die Genfer Bureaux gegangen sind, und
101 1564 944 1618 bis heute etwa eine Million Familien von Kriegs¬
110 1603 763 1654 gefangenen Nachrichten erhalten konnten.\:p\
155 1643 975 1699 \p\Ein anderer in der Konvention von 1929 vor¬
110 1697 976 1751 geschener Zweig dev. Aktivität ist die \g\Inspektion
104 1747 976 1787 von Gefangenenlagern\:g\. Das Komitee ernennt
110 1785 976 1823 in Ländern mit Gefangenen= oder Interniertenlagern
110 1824 976 1860 einen Delegierten. In den Vereinigten Staaten wird
106 1858 949 1908 diese Stelle vom ehemaligen Schweizer Gesandten in
110 1902 976 1940 Washington, Herrn Marc Peter, ausgefüllt. In je¬
110 1941 976 1989 dem Lager wird ein Vertrauensmann von seinen
110 1981 946 2022 Kameraden gewählt, der die Rolle eines Vermittlers
106 2020 944 2069 zwischen ihnen und dem I.K.R. K. ausübt. Endlich
110 2064 976 2101 machen Mitglieder des Komitees von Zeit zu Zeit
106 2101 976 2140 Inspektionsreisen, um die Lager zu besuchen. Die
110 2139 976 2179 Möglichkeit, daß eine internationale und übernatio¬
110 2176 976 2235 nale Instanz für den Austausch von Nachrichten
116 2219 977 2271 sorgen, und eine gewisse Kontrolle über den Zustand
106 2264 977 2315 der Lager ausüben kann, ist für das Los der Ge¬
113 2301 977 2346 fangenen von großem Segen. Aber um für ihre
106 2334 977 2376 nötigsten Bedürfnisse zu sorgen, mußte das Inter¬
106 2379 954 2423 nationale Komitee vom Roten Kreuz eine dritte In¬
113 2418 977 2458 stanz schaffen, die sich mit der Expedition von Paketen
110 2458 979 2496 befaßt, und deren Tätigkeit heute wegen der wach¬
113 2496 978 2556 senden Lebensmittelnot und des beinahe unüberwind¬
110 2541 979 2594 lichen Transportproblems immer wichtiger und
113 2572 506 2637 immer schwieriger wird.\:p\
161 2626 958 2672 \p\In diesem Zusammenhang wurde seit dem letzten
119 2671 978 2716 Herbst \g\Lissabon\:g\ zum ersten Male ein Zentrum
110 2706 946 2754 der Aktivitäten des Internationalen Komitees. Es
110 2747 980 2798 wurde hier zuerst vom damaligen schweizerischen
116 2795 961 2832 Geschäftsträger, Herrn Redard, repräsentiert, der an
119 2827 958 2872 das Portugiesische Rote Kreuz appellierte und das
125 2867 979 2913 Prinzip der Zusammenarbeit zwischen dem Genfer
113 2910 979 2967 Komitee und den nationalen Stellen erfolgreich zu
119 2948 979 3004 verwirklichen wußte. Als die eintreffenden Pakete, be¬
113 2985 952 3032 sonders aus Canada und den Vereinigten Staaten
113 3029 980 3077 immer zahlreicher wurden, entsandte das Komitee als
116 3061 980 3118 besonderen Vertreter Oberst Iselin nach Lissabon; er
113 3109 980 3144 hat dort seit seiner Ankunft im Oktober eine be¬
113 3153 956 3191 wundernswerte Arbeit geleistet. Zeitweise kamen
113 3181 980 3231 wöchentlich nicht weniger als 10 000 Pakete mit
116 3219 981 3261 Lebensmitteln und Kleidern aus New York in Lissa¬
116 3259 958 3310 bon an und mußten von diesem neuen Verkehrspunkt
115 3313 958 3355 am äußersten Rand Europas weiter expediert werden!
119 3343 982 3391 Die Stellen des Internationalen Komitees und des
128 3383 981 3427 \g\Britischen\:g\ Roten Kreuzes arbeiteten zusammen,
116 3426 958 3471 um das Transportproblem zu lösen. Der Landweg
116 3466 982 3506 über Spanien ist heute aus mehreren Gründen, vor
116 3507 958 3545 allem wegen der Knappheit an Eisenbahnwagen, für
113 3542 982 3579 die Sendungen des Roten Kreuzes ausgeschlossen. Es
113 3582 967 3621 bleibt nur noch der Seeweg über Gibraltar und das
128 3619 949 3671 Mittelmeer. Während aber nach den französisch¬
119 3662 982 3707 italienischen Waffenstillstandsbestimmungen die Han¬
122 3700 982 3744 delsschiffe unter Schweizer Flagge nur in Genua an¬
121 3739 983 3779 legen dürfen, landen die Schiffe des Roten Kreuzes
119 3780 983 3823 in Marseille, wo die Sendungen nach Genf weiter¬
128 3816 961 3862 gehen. Das erste, kleine „Rotkreuz-Schiff“ ging am
131 3863 956 3901 22. Dezember 1940 von Lissabon nach Marseille ab.
131 3897 961 3939 Dieser Weg würde heute reibungslos funktionieren,
119 3939 983 3985 aber es herrscht Mangel an Schiffen. Inzwischen
979 468 1833 507 nehmen die Sendungen aus Nord- und Südamerika
967 501 1235 567 immer noch zu.\:p\
1026 551 1815 602 \p\Oberst Chapuisat, der kürzlich als Delegierter
972 598 1822 648 des Internationalen Komitees auf der Rückreise aus
979 639 1818 682 Amerika in Lissabon eintraf, berichtete von der pan¬
968 681 1826 726 amerikanischen \g\Rotkreuzkonferenz in San¬
968 716 1826 772 tiago\:g\ de Chile, wo sein Appell zur Hilfe an
968 745 1826 797 Europa eine spontane Antwort gefunden hat. Sofort
979 793 1818 843 wurden Komitees gegründet, die für die Sendung
972 838 1826 880 von Paketen mit dem Internationalen Komitee vom
968 869 1818 920 Roten Kreuz zusammenarbeiten, in Perù, Cuba, Vene¬
968 906 1815 951 zuela mit besonderem Erfolg. Auch das noch unter
969 946 1823 995 den furchtbaren Schäden des letzten Erdbebens
969 992 1827 1036 leidende Chile unterstützte die Aktion für das vom
969 1022 1816 1081 Krieg heimgesuchte Europa. Als der europäische Dele¬
969 1077 1827 1117 gierte seine Rede beendet hatte, erhob sich die ganze
979 1113 1385 1165 Versammlung schweigend.\:p\
1026 1156 1826 1211 \p\Natürlich ist der Beitrag des Roten Kreuzes der
970 1192 1823 1246 \g\Vereinigten Staaten\:g\ sehr groß. Die Sache
970 1236 1826 1291 des Roten Kreuzes und verwandter Organisationen
970 1283 1826 1323 ist in den Vereinigten Staaten besonders unter den
970 1317 1826 1367 \g\Frauen\:g\ ungemein populär. In Lissabon traf ich
970 1365 1818 1403 dieser Tage eine Amerikanerin, die mit dem privaten
970 1399 1823 1439 Ambulanzkorps der Miß Anne Morgan in Frank¬
971 1434 1818 1477 reich war und die jetzt in Lissabon auf nichts anderes
971 1475 1822 1525 wartet, als auf einen neuen Kriegschauplatz geschickt
971 1522 1826 1562 zu werden. Ich weiß nicht, ob ihre Enttäuschung oder
982 1563 1826 1609 ihr Vergnügen über den trockenen britischen Humor
985 1598 1818 1641 größer war, als sie mir kürzlich ein Antwort¬
979 1634 1826 1679 telegramm aus London zeigte, das folgendermaßen
971 1666 1818 1717 lautete: „Können Ihnen nur eintönige Stelle als
972 1710 1809 1755 Ambulanzfahrerin während Luftangriffen anbieten."
972 1746 1819 1792 Als wir ein anderes Mal der uniformmäßige Schnitt
972 1792 1819 1831 des khakifarbigen Kostüms eines jungen amerikani¬
972 1834 1824 1882 schen Mädchens auffiel, sagte sie mir: „Es ist eine
988 1870 1826 1916 Uniform, ich habe nur die Abzeichen abgetrennt. Ich
972 1916 1862 1971 war sieben Monate lang bei einer Ambulanz des
972 1950 1448 2007 Roten Kreuzes in Syrien.“\:p\
1020 1990 1834 2049 \p\Die Zusammenarbeit des Internationalen Komitees
971 2047 1823 2096 mit den nationalen Organisationen vom Roten
972 2084 1823 2144 Kreuz in Großbritannien, Amerika, Portugal und in
972 2128 1833 2166 anderen Ländern ist heute in Lissabon erfolgreich und
972 2169 1823 2213 von geradezu symbolischer Bedeutung. Aber die Auf¬
973 2199 1822 2253 gaben des Roten Kreuzes sind in diesem Weltkrieg
973 2250 1823 2305 ungeheuer angewachsen, und die alten Begriffe zu
973 2292 1826 2338 ihrer Umschreibung genügen so wenig wie die bis¬
973 2336 1752 2375 herigen Organisationen zu ihrer Bewältigung.\:p\
1038 2369 1829 2423 \p\Im letzten Weltkrieg galt eine der Hauptsorgen
973 2419 1826 2454 des Roten Kreuzes den \g\Schwerverwundeten\:g\
975 2451 1833 2514 die man auszutauschen oder in neutralen Ländern wie
975 2491 1823 2541 der Schweiz zu internieren suchte. In diesem Welt¬
975 2533 1829 2586 krieg sind die Schwerverwundeten nicht so zahlreich,
985 2580 1823 2619 dafür gibt es ungeheure Massen von \g\Gefangenen\:g\,
993 2620 1822 2657 nicht nur Kriegsgefangene, sondern auch Zivilinter¬
975 2644 1835 2696 nierte, Frauen, Kinder und Greise. Aber es gibt
991 2693 1823 2738 nicht nur Gefangene und Internierte, es gibt Flücht¬
993 2731 1835 2792 linge, Vertriebene und Verbannte aus einer Reihe
976 2780 1666 2826 von Ländern, und es gibt Deportierte.\:p\
1041 2827 1833 2869 \p\Aus einer einzigen Stadt in Polen gelangten im
976 2869 1829 2925 Zeitraum von zwei bis drei Tagen zweitausend Tele¬
976 2909 1829 2969 gramme an das Genfer Komitee. Die Zahl der
976 2943 1823 2996 Deportierten aus dem von Sowjetrußland besetzten
991 2984 1829 3027 Teil Polens wird von gut unterrichteter Seite auf
977 3022 1863 3081 800 000 bis eine Million geschätzt. Die Intellektuellen
977 3056 1863 3122 der polnischen Städte sind darunter. Die Mehrzahl
977 3102 1863 3146 dieser Unglücklichen wurden nach Zentralasien,
993 3146 1863 3198 Turkestan, Kasakstan und nach dem Altai verbracht.
977 3184 1833 3243 Die dem Roten Kreuz ähnlichen Organisationen der
978 3219 1862 3276 Sowjetunion arbeiten aber mit Genf nicht zusammen.\:p\
1044 3274 1833 3325 \p\Da nicht nur die Pakete aus aller Welt, sondern
991 3313 1827 3361 jeder Brief, jede Notiz zur Auffindung von Ver¬
978 3355 1831 3396 mißten, heute ihren meistens sehr langen Weg über
978 3391 1836 3439 Lissabon nehmen müssen, haben die Roten Kreuze aller
993 3439 1835 3474 Länder, vor allem die von Belgien, Norwegen, Polen
979 3470 1838 3511 und Holland jetzt in dieser Stadt ihre Vertreter. Da
993 3510 1863 3558 die meisten Flüchtlinge und Auswanderer nach Nord¬
979 3531 1862 3596 und Südamerika, Australien und allen Teilen der
1008 3590 1835 3642 Welt sich in Lissabon einschiffen müssen, gibt es jetz
991 3630 1862 3680 hier auch ein \g\Kommissariat für Flücht¬
979 3663 1862 3730 lingsfragen\:g\. Die portugiesische Hauptstadt, von
979 3713 1843 3748 der aus einst die großen Seefahrer in den unbekannten
980 3750 1862 3791 Atlantik vorstießen, vereinigt heute die Fäden jener
980 3792 1835 3838 Organisationen im Dienste der leidenden Menschheit,
997 3826 1862 3873 für die das in Genf gegründete Rote Kreuz das Sym¬
997 3863 1110 3927 bol ist.\:p\
