<?xml version="1.0" encoding="UTF-8"?>
<validation-wrapper>
   <PcGts xmlns="http://schema.primaresearch.org/PAGE/gts/pagecontent/2013-07-15"
          xmlns:xsi="http://www.w3.org/2001/XMLSchema-instance"
          xsi:schemaLocation="http://schema.primaresearch.org/PAGE/gts/pagecontent/2013-07-15 http://schema.primaresearch.org/PAGE/gts/pagecontent/2013-07-15/pagecontent.xsd">
      <Metadata>
         <Creator>prov=READ-COOP:name=TrHtr:version=2.20.0:model_id=51170:date=06_02_2025_13:57</Creator>
         <Created>2025-02-06T13:44:34.202+01:00</Created>
         <LastChange>2025-05-05T10:35:46.087+02:00</LastChange>
         <TranskribusMetadata docId="6745188"
                              pageId="91116415"
                              pageNr="1"
                              tsid="226973065"
                              status="IN_PROGRESS"
                              userId="295818"
                              imgUrl="https://files.transkribus.eu/Get?id=MKGPAFYIJEYVZTYARUTUFTHM&amp;fileType=view"
                              xmlUrl="https://files.transkribus.eu/Get?id=HJYJKDBRAAWMGNTKWYEYWVCB"
                              imageId="76023511"/>
      </Metadata>
      <Page imageFilename="smallform_0186_001.jpg"
            imageWidth="4298"
            imageHeight="7075">
         <ReadingOrder>
            <OrderedGroup id="ro_1746434146087" caption="Regions reading order">
               <RegionRefIndexed index="0" regionRef="r"/>
               <RegionRefIndexed index="1" regionRef="r_2"/>
               <RegionRefIndexed index="2" regionRef="r_3"/>
               <RegionRefIndexed index="3" regionRef="r_4"/>
            </OrderedGroup>
         </ReadingOrder>
         <TextRegion id="r" custom="readingOrder {index:0;}">
            <Coords points="252,4482 1192,4482 1192,6092 252,6092"/>
            <TextLine id="r_tl_1" custom="readingOrder {index:0;}">
               <Coords points="339,4546 1125,4553 1125,4492 1086,4516 727,4492 609,4520 339,4498"/>
               <Baseline points="346,4540 391,4537 435,4537 480,4537 525,4537 570,4537 614,4540 659,4540 704,4540 749,4540 794,4540 838,4540 883,4540 928,4540 973,4540 1017,4540 1062,4540 1107,4543 1128,4546"/>
               <TextEquiv>
                  <Unicode>Amerika – Land der Optimisten?</Unicode>
               </TextEquiv>
            </TextLine>
            <TextLine id="r_tl_2" custom="readingOrder {index:1;}">
               <Coords points="452,4613 1022,4618 1022,4561 946,4546 813,4574 730,4547 656,4569 452,4563"/>
               <Baseline points="459,4597 504,4597 549,4597 594,4597 638,4597 683,4597 728,4597 773,4597 817,4597 862,4597 907,4597 952,4597 997,4600 1023,4600"/>
               <TextEquiv>
                  <Unicode>Von Dr. \g\Annemarie Clark\:g\</Unicode>
               </TextEquiv>
            </TextLine>
            <TextLine id="r_tl_3" custom="readingOrder {index:2;}">
               <Coords points="337,4655 1189,4658 1188,4626 1129,4617 336,4618"/>
               <Baseline points="343,4650 388,4648 432,4648 477,4648 522,4648 567,4648 611,4648 656,4648 701,4648 746,4648 791,4648 835,4648 880,4650 925,4650 970,4650 1014,4650 1059,4650 1104,4650 1149,4650 1185,4650 1192,4650"/>
               <TextEquiv>
                  <Unicode>\p\Als ich, vor nun beinahe acht Jahren, zum ersten¬</Unicode>
               </TextEquiv>
            </TextLine>
            <TextLine id="r_tl_4" custom="readingOrder {index:3;}">
               <Coords points="274,4694 1189,4698 1188,4662 1085,4651 273,4651"/>
               <Baseline points="280,4683 325,4680 370,4683 414,4680 459,4683 504,4683 549,4683 594,4683 638,4683 683,4686 728,4683 773,4683 817,4686 862,4686 907,4686 952,4683 997,4686 1041,4686 1086,4686 1131,4686 1176,4689 1192,4689"/>
               <TextEquiv>
                  <Unicode>mal nach Amerika kam, und, eifrig und wißbegierig</Unicode>
               </TextEquiv>
            </TextLine>
            <TextLine id="r_tl_5" custom="readingOrder {index:4;}">
               <Coords points="283,4726 1191,4729 1191,4698 1149,4694 283,4691"/>
               <Baseline points="289,4719 334,4716 379,4716 423,4716 468,4719 513,4719 558,4719 603,4719 647,4719 692,4719 737,4719 782,4719 826,4719 871,4719 916,4719 961,4719 1006,4719 1050,4719 1095,4719 1140,4719 1185,4725 1188,4725 1192,4725"/>
               <TextEquiv>
                  <Unicode>wie ich war, versuchte, so etwas wie ein amerikanisches</Unicode>
               </TextEquiv>
            </TextLine>
            <TextLine id="r_tl_6" custom="readingOrder {index:5;}">
               <Coords points="274,4774 1189,4770 1189,4729 274,4736"/>
               <Baseline points="280,4758 325,4752 370,4752 414,4752 459,4752 504,4752 549,4755 594,4755 638,4755 683,4755 728,4755 773,4755 817,4755 862,4755 907,4755 952,4755 997,4758 1041,4755 1086,4755 1131,4755 1176,4755 1185,4758 1192,4758"/>
               <TextEquiv>
                  <Unicode>"Weltbild" zu entdecken, wurde mir das verhältnis¬</Unicode>
               </TextEquiv>
            </TextLine>
            <TextLine id="r_tl_7" custom="readingOrder {index:6;}">
               <Coords points="283,4803 1191,4809 1163,4765 283,4768"/>
               <Baseline points="289,4791 334,4788 379,4791 423,4788 468,4788 513,4791 558,4788 603,4788 647,4788 692,4788 737,4791 782,4791 826,4791 871,4791 916,4791 961,4788 1006,4791 1050,4791 1095,4791 1140,4791 1185,4794 1191,4797 1192,4797"/>
               <TextEquiv>
                  <Unicode>mäßig leicht gemacht. Man sagte mir – damit fing</Unicode>
               </TextEquiv>
            </TextLine>
            <TextLine id="r_tl_8" custom="readingOrder {index:7;}">
               <Coords points="280,4834 1173,4842 1153,4797 280,4809"/>
               <Baseline points="286,4824 331,4824 376,4821 420,4821 465,4824 510,4824 555,4824 600,4827 644,4827 689,4827 734,4827 779,4824 823,4827 868,4827 913,4827 958,4827 1003,4827 1047,4827 1092,4827 1137,4827 1176,4827"/>
               <TextEquiv>
                  <Unicode>es an – daß der Amerikaner ein grundsätzlicher Op¬</Unicode>
               </TextEquiv>
            </TextLine>
            <TextLine id="r_tl_9" custom="readingOrder {index:8;}">
               <Coords points="276,4872 1189,4877 1178,4837 276,4824"/>
               <Baseline points="283,4859 328,4856 373,4856 417,4856 462,4859 507,4859 552,4862 597,4859 641,4862 686,4862 731,4862 776,4859 820,4862 865,4862 910,4862 955,4862 1000,4862 1044,4862 1089,4862 1134,4862 1179,4862 1188,4865 1192,4865"/>
               <TextEquiv>
                  <Unicode>timist, und daß diese Eigenschaft ihm angeboren und</Unicode>
               </TextEquiv>
            </TextLine>
            <TextLine id="r_tl_10" custom="readingOrder {index:9;}">
               <Coords points="276,4898 1185,4906 1185,4879 1124,4869 276,4873"/>
               <Baseline points="283,4892 328,4892 373,4892 417,4892 462,4895 507,4895 552,4895 597,4895 641,4895 686,4895 731,4895 776,4895 820,4898 865,4898 910,4898 955,4895 1000,4895 1044,4895 1089,4895 1134,4895 1179,4898 1188,4901"/>
               <TextEquiv>
                  <Unicode>natürlich sei. Und damit hörte es auch auf: denn</Unicode>
               </TextEquiv>
            </TextLine>
            <TextLine id="r_tl_11" custom="readingOrder {index:10;}">
               <Coords points="276,4949 1189,4949 1189,4912 1094,4902 276,4899"/>
               <Baseline points="283,4931 328,4928 373,4928 417,4928 462,4928 507,4931 552,4931 597,4931 641,4931 686,4931 731,4931 776,4931 820,4931 865,4931 910,4931 955,4931 1000,4931 1044,4931 1089,4934 1134,4934 1179,4937 1191,4940 1192,4940"/>
               <TextEquiv>
                  <Unicode>Optimismus war nicht nur ein nationaler Charakterzug,</Unicode>
               </TextEquiv>
            </TextLine>
            <TextLine id="r_tl_12" custom="readingOrder {index:11;}">
               <Coords points="280,4976 1189,4976 1153,4940 280,4948"/>
               <Baseline points="286,4964 331,4964 376,4964 420,4964 465,4964 510,4967 555,4967 600,4967 644,4967 689,4967 734,4967 779,4967 823,4967 868,4967 913,4967 958,4967 1003,4970 1047,4970 1092,4967 1137,4970 1182,4970 1191,4973 1192,4973"/>
               <TextEquiv>
                  <Unicode>es war eine praktische, den geschäftlichen Interessen</Unicode>
               </TextEquiv>
            </TextLine>
            <TextLine id="r_tl_13" custom="readingOrder {index:12;}">
               <Coords points="280,5007 1189,5012 1182,4975 280,4976"/>
               <Baseline points="286,5000 331,5000 376,5000 420,5000 465,5000 510,5000 555,5003 600,5000 644,5003 689,5003 734,5003 779,5003 823,5003 868,5003 913,5003 958,5003 1003,5003 1047,5003 1092,5006 1137,5003 1182,5006 1188,5009 1192,5009"/>
               <TextEquiv>
                  <Unicode>vortrefflich angepaßte Weltanschauung. Und offenbar</Unicode>
               </TextEquiv>
            </TextLine>
            <TextLine id="r_tl_14" custom="readingOrder {index:13;}">
               <Coords points="285,5048 1189,5054 1181,5011 285,5015"/>
               <Baseline points="292,5039 337,5033 382,5036 426,5036 471,5036 516,5036 561,5036 606,5036 650,5039 695,5039 740,5039 785,5039 829,5036 874,5039 919,5039 964,5039 1009,5039 1053,5039 1098,5039 1143,5042 1182,5042 1192,5044"/>
               <TextEquiv>
                  <Unicode>gab es in Amerika keine anderen als geschäftliche In¬</Unicode>
               </TextEquiv>
            </TextLine>
            <TextLine id="r_tl_15" custom="readingOrder {index:14;}">
               <Coords points="280,5075 1189,5086 1189,5054 1068,5047 280,5055"/>
               <Baseline points="286,5071 331,5068 376,5068 420,5071 465,5071 510,5071 555,5071 600,5071 644,5074 689,5074 734,5074 779,5074 823,5074 868,5074 913,5074 958,5074 1003,5074 1047,5074 1092,5074 1137,5077 1182,5077 1188,5080 1192,5081"/>
               <TextEquiv>
                  <Unicode>teressen. Was aber den optimistischen Charakter der</Unicode>
               </TextEquiv>
            </TextLine>
            <TextLine id="r_tl_16" custom="readingOrder {index:15;}">
               <Coords points="280,5119 1191,5125 1189,5086 280,5076"/>
               <Baseline points="286,5107 331,5104 376,5104 420,5104 465,5107 510,5107 555,5107 600,5110 644,5107 689,5107 734,5107 779,5110 823,5110 868,5107 913,5107 958,5107 1003,5110 1047,5110 1092,5110 1137,5110 1182,5116 1188,5113 1192,5114"/>
               <TextEquiv>
                  <Unicode>Amerikaner betraf, so war er nicht nur angeboren,</Unicode>
               </TextEquiv>
            </TextLine>
            <TextLine id="r_tl_17" custom="readingOrder {index:16;}">
               <Coords points="281,5155 1189,5160 1177,5119 280,5119"/>
               <Baseline points="286,5140 331,5140 376,5140 420,5143 465,5143 510,5143 555,5143 600,5143 644,5143 689,5143 734,5143 779,5146 823,5143 868,5146 913,5146 958,5143 1003,5146 1047,5146 1092,5146 1137,5146 1182,5149 1192,5150"/>
               <TextEquiv>
                  <Unicode>er war gleichzeitig moralisch, und tief berechtigt. Be¬</Unicode>
               </TextEquiv>
            </TextLine>
            <TextLine id="r_tl_18" custom="readingOrder {index:17;}">
               <Coords points="280,5180 1189,5190 1189,5159 1134,5152 280,5155"/>
               <Baseline points="286,5179 331,5176 376,5176 420,5176 465,5176 510,5176 555,5179 600,5179 644,5179 689,5179 734,5179 779,5179 823,5179 868,5179 913,5182 958,5182 1003,5182 1047,5179 1092,5179 1137,5179 1182,5179 1192,5181"/>
               <TextEquiv>
                  <Unicode>rechtigt – weil jeder neugeborene, oder eingewan¬</Unicode>
               </TextEquiv>
            </TextLine>
            <TextLine id="r_tl_19" custom="readingOrder {index:18;}">
               <Coords points="274,5225 1189,5227 1189,5194 1120,5187 274,5177"/>
               <Baseline points="280,5212 325,5209 370,5212 414,5212 459,5212 504,5212 549,5212 594,5215 638,5215 683,5215 728,5215 773,5215 817,5215 862,5215 907,5215 952,5215 997,5215 1041,5215 1086,5215 1131,5218 1176,5218 1191,5218 1192,5218"/>
               <TextEquiv>
                  <Unicode>derte und naturalisierte Bürger der Vereinigten</Unicode>
               </TextEquiv>
            </TextLine>
            <TextLine id="r_tl_20" custom="readingOrder {index:19;}">
               <Coords points="289,5260 1191,5265 1191,5224 289,5220"/>
               <Baseline points="295,5248 340,5245 385,5245 429,5248 474,5248 519,5248 564,5248 608,5248 653,5251 698,5248 743,5251 788,5251 832,5251 877,5251 922,5251 967,5251 1011,5251 1056,5251 1101,5251 1146,5251 1188,5251 1192,5251"/>
               <TextEquiv>
                  <Unicode>Staaten seinen Marschallstab im Tornister trug und</Unicode>
               </TextEquiv>
            </TextLine>
            <TextLine id="r_tl_21" custom="readingOrder {index:20;}">
               <Coords points="274,5289 1189,5295 1163,5260 274,5262"/>
               <Baseline points="280,5280 325,5280 370,5280 414,5280 459,5283 504,5283 549,5283 594,5286 638,5286 683,5286 728,5286 773,5286 817,5286 862,5286 907,5286 952,5286 997,5286 1041,5286 1086,5286 1131,5286 1176,5286 1185,5289 1192,5290"/>
               <TextEquiv>
                  <Unicode>entweder Präsident, oder im noch günstigeren Falle</Unicode>
               </TextEquiv>
            </TextLine>
            <TextLine id="r_tl_22" custom="readingOrder {index:21;}">
               <Coords points="283,5324 1189,5336 1189,5295 283,5290"/>
               <Baseline points="289,5319 334,5316 379,5316 423,5316 468,5316 513,5316 558,5316 603,5319 647,5319 692,5319 737,5319 782,5322 826,5319 871,5319 916,5319 961,5319 1006,5322 1050,5322 1095,5322 1140,5322 1185,5328 1188,5325 1192,5325"/>
               <TextEquiv>
                  <Unicode>Millionär werden konnte. Das war demokratisch,</Unicode>
               </TextEquiv>
            </TextLine>
            <TextLine id="r_tl_23" custom="readingOrder {index:22;}">
               <Coords points="274,5365 1177,5371 1177,5337 1069,5328 274,5337"/>
               <Baseline points="280,5352 325,5352 370,5352 414,5352 459,5352 504,5352 549,5355 594,5355 638,5355 683,5355 728,5355 773,5355 817,5352 862,5355 907,5355 952,5358 997,5355 1041,5355 1086,5358 1131,5355 1176,5358 1179,5358"/>
               <TextEquiv>
                  <Unicode>und daran glaubte Jedermann – teils weil es immer</Unicode>
               </TextEquiv>
            </TextLine>
            <TextLine id="r_tl_24" custom="readingOrder {index:23;}">
               <Coords points="274,5393 1189,5402 1180,5365 274,5365"/>
               <Baseline points="280,5388 325,5385 370,5388 414,5388 459,5388 504,5391 549,5388 594,5391 638,5391 683,5394 728,5391 773,5391 817,5391 862,5391 907,5391 952,5391 997,5391 1041,5391 1086,5391 1131,5394 1176,5394 1191,5397 1192,5397"/>
               <TextEquiv>
                  <Unicode>noch Beweise gab, daß Zeitungsjungen zu Oelkönigen</Unicode>
               </TextEquiv>
            </TextLine>
            <TextLine id="r_tl_25" custom="readingOrder {index:24;}">
               <Coords points="280,5430 1052,5448 1189,5437 1189,5403 278,5390"/>
               <Baseline points="286,5424 331,5421 376,5421 420,5424 465,5424 510,5424 555,5424 600,5424 644,5424 689,5424 734,5427 779,5427 823,5427 868,5427 913,5427 958,5427 1003,5427 1047,5427 1092,5427 1137,5427 1182,5430 1185,5427 1192,5428"/>
               <TextEquiv>
                  <Unicode>wurden, teils weil man ihn in diesem Glauben er¬</Unicode>
               </TextEquiv>
            </TextLine>
            <TextLine id="r_tl_26" custom="readingOrder {index:25;}">
               <Coords points="280,5467 1189,5480 1189,5438 1135,5428 280,5431"/>
               <Baseline points="286,5459 331,5457 376,5457 420,5457 465,5459 510,5459 555,5459 600,5459 644,5459 689,5459 734,5462 779,5459 823,5462 868,5459 913,5462 958,5462 1003,5462 1047,5462 1092,5462 1137,5462 1182,5462 1185,5462 1192,5464"/>
               <TextEquiv>
                  <Unicode>zogen hatte. Es war ein traditioneller, ein aus hi¬</Unicode>
               </TextEquiv>
            </TextLine>
            <TextLine id="r_tl_27" custom="readingOrder {index:26;}">
               <Coords points="283,5507 1191,5507 1149,5470 283,5469"/>
               <Baseline points="289,5495 334,5492 379,5492 423,5492 468,5492 513,5495 558,5495 603,5495 647,5495 692,5495 737,5495 782,5495 826,5495 871,5495 916,5495 961,5495 1006,5495 1050,5498 1095,5498 1140,5498 1185,5501 1192,5502"/>
               <TextEquiv>
                  <Unicode>storischer Erfahrung gewonnener Glaube. Denn die</Unicode>
               </TextEquiv>
            </TextLine>
            <TextLine id="r_tl_28" custom="readingOrder {index:27;}">
               <Coords points="280,5538 1160,5549 1188,5508 278,5510"/>
               <Baseline points="286,5531 331,5528 376,5528 420,5528 465,5528 510,5531 555,5531 600,5531 644,5531 689,5528 734,5531 779,5531 823,5531 868,5531 913,5531 958,5531 1003,5531 1047,5531 1092,5531 1137,5534 1182,5534 1192,5534"/>
               <TextEquiv>
                  <Unicode>Historie Amerikas ist die Geschichte einer privaten und</Unicode>
               </TextEquiv>
            </TextLine>
            <TextLine id="r_tl_29" custom="readingOrder {index:28;}">
               <Coords points="283,5575 1182,5575 1182,5545 1128,5540 283,5537"/>
               <Baseline points="289,5567 334,5561 379,5564 423,5564 468,5564 513,5564 558,5564 603,5567 647,5567 692,5567 737,5567 782,5567 826,5564 871,5567 916,5567 961,5567 1006,5567 1050,5567 1095,5567 1140,5567 1185,5570"/>
               <TextEquiv>
                  <Unicode>selbst in unserer Kolonialgeschichte beispiellosen Aus¬</Unicode>
               </TextEquiv>
            </TextLine>
            <TextLine id="r_tl_30" custom="readingOrder {index:29;}">
               <Coords points="276,5606 1189,5613 1189,5575 1100,5570 276,5570"/>
               <Baseline points="283,5600 328,5597 373,5597 417,5597 462,5600 507,5600 552,5600 597,5600 641,5600 686,5600 731,5603 776,5600 820,5603 865,5603 910,5603 955,5600 1000,5603 1044,5600 1089,5603 1134,5603 1179,5603 1191,5606 1192,5606"/>
               <TextEquiv>
                  <Unicode>beutung der vorhandenen Reichtümer, des Bodens und</Unicode>
               </TextEquiv>
            </TextLine>
            <TextLine id="r_tl_31" custom="readingOrder {index:30;}">
               <Coords points="274,5637 1189,5656 1189,5613 1123,5604 1087,5628 274,5608"/>
               <Baseline points="280,5633 325,5633 370,5633 414,5633 459,5633 504,5636 549,5636 594,5639 638,5636 683,5636 728,5636 773,5639 817,5636 862,5636 907,5636 952,5636 997,5639 1041,5636 1086,5639 1131,5639 1176,5639 1182,5639 1192,5640"/>
               <TextEquiv>
                  <Unicode>der Wälder, die unerschöpflich schienen, der Gold¬</Unicode>
               </TextEquiv>
            </TextLine>
            <TextLine id="r_tl_32" custom="readingOrder {index:31;}">
               <Coords points="274,5679 1189,5689 1189,5657 1135,5646 274,5636"/>
               <Baseline points="280,5668 325,5668 370,5668 414,5668 459,5668 504,5671 549,5671 594,5671 638,5671 683,5671 728,5671 773,5671 817,5671 862,5671 907,5671 952,5671 997,5671 1041,5671 1086,5671 1131,5674 1176,5674 1191,5674 1192,5675"/>
               <TextEquiv>
                  <Unicode>minen, der Bergwerke, der rasch aufschießenden In¬</Unicode>
               </TextEquiv>
            </TextLine>
            <TextLine id="r_tl_33" custom="readingOrder {index:32;}">
               <Coords points="274,5714 1189,5721 1189,5690 1123,5681 274,5679"/>
               <Baseline points="280,5704 325,5704 370,5704 414,5704 459,5704 504,5704 549,5704 594,5707 638,5704 683,5704 728,5704 773,5707 817,5707 862,5707 907,5707 952,5707 997,5707 1041,5707 1086,5707 1131,5710 1176,5710 1192,5713"/>
               <TextEquiv>
                  <Unicode>dustrien, und damit der Arbeitskräfte. Amerika hatte</Unicode>
               </TextEquiv>
            </TextLine>
            <TextLine id="r_tl_34" custom="readingOrder {index:33;}">
               <Coords points="276,5748 1191,5756 1164,5719 276,5718"/>
               <Baseline points="283,5740 328,5737 373,5740 417,5740 462,5740 507,5740 552,5740 597,5743 641,5740 686,5743 731,5743 776,5743 820,5743 865,5740 910,5743 955,5740 1000,5743 1044,5743 1089,5746 1134,5746 1179,5746 1191,5749 1192,5749"/>
               <TextEquiv>
                  <Unicode>bis in jüngste Zeit kein soziales Bewußtsein, kein</Unicode>
               </TextEquiv>
            </TextLine>
            <TextLine id="r_tl_35" custom="readingOrder {index:34;}">
               <Coords points="280,5790 1189,5796 1189,5756 1142,5753 280,5748"/>
               <Baseline points="286,5776 331,5773 376,5773 420,5773 465,5776 510,5776 555,5776 600,5779 644,5776 689,5776 734,5776 779,5779 823,5779 868,5779 913,5779 958,5776 1003,5776 1047,5779 1092,5779 1137,5779 1182,5782 1191,5782 1192,5782"/>
               <TextEquiv>
                  <Unicode>Verantwortungsgefühl, weder gegenüber einer Ge¬</Unicode>
               </TextEquiv>
            </TextLine>
            <TextLine id="r_tl_36" custom="readingOrder {index:35;}">
               <Coords points="274,5820 1189,5825 1159,5789 274,5788"/>
               <Baseline points="280,5809 325,5809 370,5809 414,5809 459,5812 504,5809 549,5809 594,5812 638,5812 683,5812 728,5812 773,5812 817,5812 862,5812 907,5812 952,5812 997,5812 1041,5812 1086,5815 1131,5815 1176,5818 1192,5818"/>
               <TextEquiv>
                  <Unicode>meinschaft, noch gegenüber den gemeinschaftlichen</Unicode>
               </TextEquiv>
            </TextLine>
            <TextLine id="r_tl_37" custom="readingOrder {index:36;}">
               <Coords points="283,5854 1191,5865 1191,5831 1115,5823 283,5820"/>
               <Baseline points="289,5845 334,5845 379,5845 423,5845 468,5845 513,5845 558,5845 603,5848 647,5848 692,5848 737,5848 782,5848 826,5848 871,5848 916,5848 961,5848 1006,5848 1050,5851 1095,5851 1140,5851 1185,5857 1192,5857"/>
               <TextEquiv>
                  <Unicode>Gütern des Landes. Denn jeder hatte seine Chance,</Unicode>
               </TextEquiv>
            </TextLine>
            <TextLine id="r_tl_38" custom="readingOrder {index:37;}">
               <Coords points="283,5889 1191,5902 1191,5865 1146,5859 283,5853"/>
               <Baseline points="289,5883 334,5880 379,5880 423,5880 468,5880 513,5880 558,5880 603,5883 647,5883 692,5883 737,5883 782,5880 826,5883 871,5883 916,5883 961,5883 1006,5883 1050,5886 1095,5886 1140,5886 1185,5892 1191,5892 1192,5892"/>
               <TextEquiv>
                  <Unicode>seinen Marschallstab, seine "Opportunity": der Farmer,</Unicode>
               </TextEquiv>
            </TextLine>
            <TextLine id="r_tl_39" custom="readingOrder {index:38;}">
               <Coords points="274,5916 1189,5931 1172,5895 274,5886"/>
               <Baseline points="280,5913 325,5913 370,5913 414,5916 459,5916 504,5916 549,5916 594,5916 638,5919 683,5916 728,5916 773,5916 817,5916 862,5916 907,5919 952,5919 997,5919 1041,5919 1086,5922 1131,5922 1176,5922 1185,5925 1192,5924"/>
               <TextEquiv>
                  <Unicode>dessen Aecker durch schlechte Bewirtschaftung unren¬</Unicode>
               </TextEquiv>
            </TextLine>
            <TextLine id="r_tl_40" custom="readingOrder {index:39;}">
               <Coords points="274,5953 1189,5966 1189,5932 1145,5930 274,5925"/>
               <Baseline points="280,5949 325,5949 370,5952 414,5949 459,5949 504,5952 549,5952 594,5952 638,5952 683,5952 728,5952 773,5952 817,5952 862,5952 907,5952 952,5955 997,5955 1041,5955 1086,5955 1131,5955 1176,5958 1191,5958 1192,5958"/>
               <TextEquiv>
                  <Unicode>tabel geworden waren, wanderte nach Westen ab und</Unicode>
               </TextEquiv>
            </TextLine>
            <TextLine id="r_tl_41" custom="readingOrder {index:40;}">
               <Coords points="280,5990 1189,6006 1189,5971 1122,5962 280,5960"/>
               <Baseline points="286,5985 331,5982 376,5985 420,5985 465,5985 510,5985 555,5988 600,5988 644,5988 689,5988 734,5985 779,5988 823,5988 868,5988 913,5988 958,5988 1003,5988 1047,5991 1092,5991 1137,5991 1182,5994 1191,5994 1192,5994"/>
               <TextEquiv>
                  <Unicode>fand an der "Grenze" neuen, besseren Ackerboden,</Unicode>
               </TextEquiv>
            </TextLine>
            <TextLine id="r_tl_42" custom="readingOrder {index:41;}">
               <Coords points="275,6039 1189,6045 1188,6006 1058,5996 274,5997"/>
               <Baseline points="280,6021 325,6021 370,6021 414,6021 459,6021 504,6021 549,6024 594,6024 638,6024 683,6024 728,6024 773,6024 817,6024 862,6024 907,6024 952,6027 997,6027 1041,6027 1086,6027 1131,6027 1176,6030 1192,6030"/>
               <TextEquiv>
                  <Unicode>die Holzhändler, die einen Wald abgeforstet hatten,</Unicode>
               </TextEquiv>
            </TextLine>
            <TextEquiv>
               <Unicode/>
            </TextEquiv>
         </TextRegion>
         <TextRegion id="r_2" custom="readingOrder {index:1;}">
            <Coords points="1213,4493 2139,4493 2139,6139 1213,6139"/>
            <TextLine id="r_2_tl_1" custom="readingOrder {index:0;}">
               <Coords points="1210,4516 2137,4523 2107,4488 1967,4482 1210,4486"/>
               <Baseline points="1217,4510 1262,4510 1307,4510 1352,4513 1397,4510 1441,4510 1486,4513 1531,4513 1576,4510 1620,4513 1665,4513 1710,4516 1755,4513 1800,4513 1844,4516 1889,4516 1934,4516 1979,4516 2023,4516 2068,4519 2113,4522 2128,4522 2139,4522"/>
               <TextEquiv>
                  <Unicode>kauften einen anderen Wald, der Neueingewanderte,</Unicode>
               </TextEquiv>
            </TextLine>
            <TextLine id="r_2_tl_2" custom="readingOrder {index:1;}">
               <Coords points="1210,4561 2137,4562 2095,4526 1210,4517"/>
               <Baseline points="1217,4546 1262,4546 1307,4546 1352,4546 1397,4546 1441,4546 1486,4546 1531,4549 1576,4549 1620,4549 1665,4549 1710,4549 1755,4549 1800,4549 1844,4552 1889,4552 1934,4552 1979,4552 2023,4552 2068,4552 2113,4555 2125,4555 2139,4557"/>
               <TextEquiv>
                  <Unicode>der sich mit der niedrigsten und schlechtbezahltesten</Unicode>
               </TextEquiv>
            </TextLine>
            <TextLine id="r_2_tl_3" custom="readingOrder {index:2;}">
               <Coords points="1222,4594 2137,4604 2113,4562 1222,4557"/>
               <Baseline points="1229,4585 1274,4579 1319,4582 1364,4582 1409,4582 1453,4582 1498,4582 1543,4585 1588,4585 1632,4585 1677,4585 1722,4588 1767,4585 1812,4588 1856,4588 1901,4588 1946,4588 1991,4591 2035,4588 2080,4591 2125,4591 2139,4591"/>
               <TextEquiv>
                  <Unicode>Arbeit zufrieden gab, wußte, daß nichts in hindern</Unicode>
               </TextEquiv>
            </TextLine>
            <TextLine id="r_2_tl_4" custom="readingOrder {index:3;}">
               <Coords points="1216,4623 2137,4630 2119,4599 1216,4596"/>
               <Baseline points="1223,4618 1268,4618 1313,4618 1358,4618 1403,4618 1447,4618 1492,4618 1537,4621 1582,4621 1626,4621 1671,4621 1716,4621 1761,4621 1806,4624 1850,4621 1895,4624 1940,4624 1985,4624 2029,4621 2074,4624 2119,4627 2125,4627 2139,4628"/>
               <TextEquiv>
                  <Unicode>würde, die soziale Rangleiter emporzuklimmen – man</Unicode>
               </TextEquiv>
            </TextLine>
            <TextLine id="r_2_tl_5" custom="readingOrder {index:4;}">
               <Coords points="1207,4663 2138,4668 2020,4629 1207,4619"/>
               <Baseline points="1213,4650 1256,4650 1301,4650 1346,4653 1391,4650 1435,4650 1480,4653 1525,4653 1570,4656 1615,4653 1659,4656 1704,4656 1749,4656 1794,4656 1838,4659 1883,4656 1928,4659 1973,4659 2018,4659 2062,4659 2107,4659 2119,4659 2139,4662"/>
               <TextEquiv>
                  <Unicode>mußte nur tüchtig, ein wenig skrupellos, und na¬</Unicode>
               </TextEquiv>
            </TextLine>
            <TextLine id="r_2_tl_6" custom="readingOrder {index:5;}">
               <Coords points="1207,4693 2137,4709 2127,4668 1207,4663"/>
               <Baseline points="1213,4689 1223,4689 1268,4686 1313,4686 1358,4689 1403,4689 1447,4689 1492,4689 1537,4689 1582,4689 1626,4689 1671,4689 1716,4692 1761,4692 1806,4692 1850,4692 1895,4692 1940,4692 1985,4695 2029,4695 2074,4695 2119,4698 2139,4698"/>
               <TextEquiv>
                  <Unicode>türlich optimistisch sein. Und deshalb wurden</Unicode>
               </TextEquiv>
            </TextLine>
            <TextLine id="r_2_tl_7" custom="readingOrder {index:6;}">
               <Coords points="1207,4736 1795,4724 2055,4759 2138,4731 2138,4704 1998,4696 1207,4696"/>
               <Baseline points="1213,4725 1223,4725 1268,4725 1313,4725 1358,4725 1403,4722 1447,4722 1492,4722 1537,4725 1582,4725 1626,4725 1671,4725 1716,4725 1761,4725 1806,4725 1850,4728 1895,4728 1940,4731 1985,4731 2029,4731 2074,4731 2119,4734 2125,4731 2139,4733"/>
               <TextEquiv>
                  <Unicode>"Opportunity" und "Optimismus" zwei Begriffe, die</Unicode>
               </TextEquiv>
            </TextLine>
            <TextLine id="r_2_tl_8" custom="readingOrder {index:7;}">
               <Coords points="1207,4764 1775,4782 2047,4757 1206,4738"/>
               <Baseline points="1213,4758 1223,4758 1268,4758 1313,4761 1358,4758 1403,4758 1447,4758 1492,4758 1537,4758 1582,4761 1626,4761 1671,4761 1716,4761 1761,4761 1806,4764 1850,4764 1895,4764 1940,4764 1985,4767 2029,4770 2050,4767"/>
               <TextEquiv>
                  <Unicode>eine ganze Weltanschauung umschrieben ... zu</Unicode>
               </TextEquiv>
            </TextLine>
            <TextLine id="r_2_tl_9" custom="readingOrder {index:8;}">
               <Coords points="1207,4796 2118,4817 2138,4787 1206,4764"/>
               <Baseline points="1213,4795 1223,4794 1268,4791 1313,4791 1358,4794 1403,4794 1447,4794 1492,4794 1537,4794 1582,4794 1626,4794 1671,4797 1716,4797 1761,4797 1806,4797 1850,4797 1895,4797 1940,4800 1985,4800 2029,4800 2074,4800 2119,4803 2139,4803"/>
               <TextEquiv>
                  <Unicode>ihnen gesellte sich ein besonderer, amerikanischer Frei¬</Unicode>
               </TextEquiv>
            </TextLine>
            <TextLine id="r_2_tl_10" custom="readingOrder {index:9;}">
               <Coords points="1216,4837 1798,4866 2137,4841 2105,4808 1216,4804"/>
               <Baseline points="1223,4830 1268,4827 1313,4830 1358,4830 1403,4830 1447,4830 1492,4830 1537,4830 1582,4833 1626,4833 1671,4833 1716,4833 1761,4833 1806,4836 1850,4836 1895,4836 1940,4836 1985,4836 2029,4836 2074,4836 2119,4839 2128,4839 2139,4839"/>
               <TextEquiv>
                  <Unicode>heitsbegriff: Ellbogenfreiheit, die gegebenenfalls in</Unicode>
               </TextEquiv>
            </TextLine>
            <TextLine id="r_2_tl_11" custom="readingOrder {index:10;}">
               <Coords points="1207,4884 1277,4871 1294,4884 1313,4873 1336,4884 1393,4866 1427,4891 1455,4873 1483,4888 1540,4874 1540,4842 1392,4845 1365,4835 1286,4846 1254,4831 1207,4843"/>
               <Baseline points="1213,4865 1223,4865 1268,4862 1313,4862 1358,4862 1403,4865 1447,4865 1492,4865 1537,4868 1543,4868"/>
               <TextEquiv>
                  <Unicode>Faustrecht ausartet.\:p\</Unicode>
               </TextEquiv>
            </TextLine>
            <TextLine id="r_2_tl_12" custom="readingOrder {index:11;}">
               <Coords points="1264,4912 2137,4935 2107,4876 2070,4901 1782,4900 1607,4858 1563,4893 1264,4876"/>
               <Baseline points="1271,4907 1316,4907 1361,4910 1406,4907 1450,4910 1495,4910 1540,4907 1585,4910 1629,4910 1674,4910 1719,4910 1764,4910 1809,4910 1853,4913 1898,4913 1943,4913 1988,4913 2032,4913 2077,4916 2116,4916 2139,4911"/>
               <TextEquiv>
                  <Unicode>\p\Das Amerika, in das ich jetzt zurückgekehrt bin, ist</Unicode>
               </TextEquiv>
            </TextLine>
            <TextLine id="r_2_tl_13" custom="readingOrder {index:12;}">
               <Coords points="1207,4962 2138,4958 2094,4923 1207,4916"/>
               <Baseline points="1213,4942 1223,4943 1268,4943 1313,4943 1358,4943 1403,4943 1447,4943 1492,4943 1537,4943 1582,4943 1626,4943 1671,4943 1716,4946 1761,4946 1806,4949 1850,4949 1895,4949 1940,4949 1985,4949 2029,4949 2074,4949 2119,4949 2139,4946"/>
               <TextEquiv>
                  <Unicode>ein anderes, ein tief verändertes Land. Es hat, im</Unicode>
               </TextEquiv>
            </TextLine>
            <TextLine id="r_2_tl_14" custom="readingOrder {index:13;}">
               <Coords points="1207,4986 2138,4993 2078,4955 1207,4961"/>
               <Baseline points="1213,4978 1226,4982 1271,4976 1316,4976 1361,4979 1406,4979 1450,4979 1495,4979 1540,4979 1585,4979 1629,4979 1674,4979 1719,4979 1764,4982 1809,4982 1853,4982 1898,4982 1943,4985 1988,4985 2032,4985 2077,4985 2119,4988 2139,4983"/>
               <TextEquiv>
                  <Unicode>Verlauf der amerikanischen Geschichte, viele Krisen,</Unicode>
               </TextEquiv>
            </TextLine>
            <TextLine id="r_2_tl_15" custom="readingOrder {index:14;}">
               <Coords points="1207,5023 2041,5037 2138,5000 1206,4991"/>
               <Baseline points="1213,5009 1217,5009 1259,5012 1304,5012 1349,5012 1394,5015 1438,5015 1483,5015 1528,5015 1573,5015 1617,5015 1662,5015 1707,5018 1752,5018 1797,5018 1841,5021 1886,5018 1931,5018 1976,5018 2021,5018 2065,5018 2110,5021 2119,5018 2139,5016"/>
               <TextEquiv>
                  <Unicode>mehr als eine Panik, und tausend Zusammenbrüche</Unicode>
               </TextEquiv>
            </TextLine>
            <TextLine id="r_2_tl_16" custom="readingOrder {index:15;}">
               <Coords points="1207,5057 2138,5064 2138,5035 2081,5028 1207,5027"/>
               <Baseline points="1213,5049 1220,5051 1265,5048 1310,5048 1355,5045 1400,5045 1444,5048 1489,5048 1534,5051 1579,5051 1623,5051 1668,5051 1713,5051 1758,5053 1803,5053 1847,5053 1892,5053 1937,5053 1982,5053 2026,5053 2071,5053 2116,5056 2119,5053 2139,5050"/>
               <TextEquiv>
                  <Unicode>gegeben – aber es gab auch Reserven, es gab eine</Unicode>
               </TextEquiv>
            </TextLine>
            <TextLine id="r_2_tl_17" custom="readingOrder {index:16;}">
               <Coords points="1207,5095 2138,5096 2138,5062 1207,5058"/>
               <Baseline points="1213,5082 1226,5083 1271,5080 1316,5080 1361,5080 1406,5083 1450,5083 1495,5083 1540,5083 1585,5083 1629,5083 1674,5086 1719,5086 1764,5086 1809,5086 1853,5086 1898,5089 1943,5089 1988,5089 2032,5089 2077,5089 2113,5086 2139,5085"/>
               <TextEquiv>
                  <Unicode>offene Westgrenze, es gab unbegrenzte neue Möglich¬</Unicode>
               </TextEquiv>
            </TextLine>
            <TextLine id="r_2_tl_18" custom="readingOrder {index:17;}">
               <Coords points="1207,5124 2139,5128 2073,5093 1207,5095"/>
               <Baseline points="1213,5118 1217,5119 1262,5116 1307,5116 1352,5116 1397,5116 1441,5116 1486,5119 1531,5119 1576,5119 1620,5119 1665,5119 1710,5119 1755,5122 1800,5122 1844,5122 1889,5122 1934,5125 1979,5122 2023,5125 2068,5125 2113,5125 2125,5122 2137,5122 2139,5122"/>
               <TextEquiv>
                  <Unicode>keiten und den unbesiegbaren Optimismus. Es gab</Unicode>
               </TextEquiv>
            </TextLine>
            <TextLine id="r_2_tl_19" custom="readingOrder {index:18;}">
               <Coords points="1207,5161 2138,5159 2096,5132 1207,5125"/>
               <Baseline points="1213,5152 1217,5152 1262,5152 1307,5152 1352,5152 1397,5152 1441,5152 1486,5152 1531,5152 1576,5155 1620,5155 1665,5155 1710,5155 1755,5158 1800,5158 1844,5158 1889,5158 1934,5158 1979,5161 2023,5158 2068,5158 2113,5161 2119,5161 2139,5157"/>
               <TextEquiv>
                  <Unicode>das heimliche Bewußtsein des Marschallstabs im Tor¬</Unicode>
               </TextEquiv>
            </TextLine>
            <TextLine id="r_2_tl_20" custom="readingOrder {index:19;}">
               <Coords points="1207,5192 2120,5209 2119,5170 1206,5161"/>
               <Baseline points="1213,5187 1217,5188 1262,5188 1307,5188 1352,5188 1397,5188 1441,5188 1486,5188 1531,5188 1576,5191 1620,5191 1665,5191 1710,5191 1755,5191 1800,5194 1844,5194 1889,5194 1934,5197 1979,5194 2023,5194 2068,5194 2113,5200 2122,5200 2139,5219"/>
               <TextEquiv>
                  <Unicode>nister. Die heutige Krise ist anderer Art, sie dauert,</Unicode>
               </TextEquiv>
            </TextLine>
            <TextLine id="r_2_tl_21" custom="readingOrder {index:20;}">
               <Coords points="1207,5227 2117,5239 2087,5202 1207,5192"/>
               <Baseline points="1213,5222 1223,5224 1268,5221 1313,5221 1358,5224 1403,5224 1447,5224 1492,5224 1537,5224 1582,5224 1626,5224 1671,5227 1716,5227 1761,5227 1806,5227 1850,5230 1895,5230 1940,5230 1985,5230 2029,5230 2074,5230 2119,5230"/>
               <TextEquiv>
                  <Unicode>sie hatte ihre Höhepunkte, flaute ab, und brachte eine</Unicode>
               </TextEquiv>
            </TextLine>
            <TextLine id="r_2_tl_22" custom="readingOrder {index:21;}">
               <Coords points="1207,5258 2138,5269 2138,5242 2076,5237 1207,5240"/>
               <Baseline points="1213,5253 1217,5254 1259,5256 1304,5256 1349,5256 1394,5259 1438,5256 1483,5259 1528,5259 1573,5259 1617,5259 1662,5259 1707,5259 1752,5262 1797,5262 1841,5262 1886,5265 1931,5265 1976,5265 2021,5265 2065,5265 2110,5265 2119,5265 2139,5264"/>
               <TextEquiv>
                  <Unicode>wachsende Zahl von Problemen des wirtschaftlichen</Unicode>
               </TextEquiv>
            </TextLine>
            <TextLine id="r_2_tl_23" custom="readingOrder {index:22;}">
               <Coords points="1207,5302 2138,5300 2103,5273 1207,5277"/>
               <Baseline points="1213,5292 1217,5292 1262,5292 1307,5292 1352,5292 1397,5292 1441,5292 1486,5292 1531,5292 1576,5292 1620,5295 1665,5295 1710,5295 1755,5295 1800,5298 1844,5298 1889,5298 1934,5301 1979,5298 2023,5298 2068,5298 2113,5301 2119,5298 2139,5296"/>
               <TextEquiv>
                  <Unicode>und sozialen Lebensprozesses ans Licht, deren man</Unicode>
               </TextEquiv>
            </TextLine>
            <TextLine id="r_2_tl_24" custom="readingOrder {index:23;}">
               <Coords points="1207,5336 2138,5349 2094,5307 1207,5300"/>
               <Baseline points="1213,5327 1223,5328 1268,5328 1313,5328 1358,5328 1403,5325 1447,5328 1492,5328 1537,5328 1582,5328 1626,5331 1671,5334 1716,5334 1761,5334 1806,5331 1850,5334 1895,5334 1940,5334 1985,5334 2029,5334 2074,5334 2119,5340 2122,5340 2139,5336"/>
               <TextEquiv>
                  <Unicode>sich vorher nicht bewußt gewesen war. Bankkrachs,</Unicode>
               </TextEquiv>
            </TextLine>
            <TextLine id="r_2_tl_25" custom="readingOrder {index:24;}">
               <Coords points="1216,5372 1986,5392 2137,5376 2137,5351 1215,5340"/>
               <Baseline points="1223,5361 1268,5364 1313,5361 1358,5364 1403,5364 1447,5361 1492,5364 1537,5364 1582,5364 1626,5364 1671,5364 1716,5367 1761,5367 1806,5367 1850,5370 1895,5370 1940,5370 1985,5370 2029,5370 2074,5370 2119,5370 2122,5370 2139,5366"/>
               <TextEquiv>
                  <Unicode>Streiks, Arbeitslosigkeit – Sandstürme und Ueber¬</Unicode>
               </TextEquiv>
            </TextLine>
            <TextLine id="r_2_tl_26" custom="readingOrder {index:25;}">
               <Coords points="1207,5406 2137,5416 2119,5379 1207,5369"/>
               <Baseline points="1213,5399 1223,5400 1268,5397 1313,5397 1358,5397 1403,5400 1447,5400 1492,5400 1537,5400 1582,5400 1626,5400 1671,5403 1716,5403 1761,5403 1806,5403 1850,5403 1895,5406 1940,5406 1985,5403 2029,5406 2074,5406 2119,5409 2122,5409 2139,5405"/>
               <TextEquiv>
                  <Unicode>schwemmungen, die die Farmer um ihre Existenz</Unicode>
               </TextEquiv>
            </TextLine>
            <TextLine id="r_2_tl_27" custom="readingOrder {index:26;}">
               <Coords points="1207,5448 2139,5451 2138,5411 1207,5413"/>
               <Baseline points="1213,5432 1217,5433 1262,5433 1307,5433 1352,5433 1397,5433 1441,5433 1486,5433 1531,5433 1576,5436 1620,5436 1665,5436 1710,5436 1755,5439 1800,5439 1844,5439 1889,5439 1934,5442 1979,5439 2023,5442 2068,5442 2113,5445 2119,5442 2139,5438"/>
               <TextEquiv>
                  <Unicode>bringen – ein Angriff von so furchtbarer Wucht, daß</Unicode>
               </TextEquiv>
            </TextLine>
            <TextLine id="r_2_tl_28" custom="readingOrder {index:27;}">
               <Coords points="1207,5472 2138,5474 1927,5444 1207,5449"/>
               <Baseline points="1213,5468 1217,5468 1262,5468 1307,5468 1352,5468 1397,5465 1441,5468 1486,5468 1531,5468 1576,5468 1620,5471 1665,5471 1710,5471 1755,5471 1800,5474 1844,5474 1889,5474 1934,5477 1979,5474 2023,5474 2068,5474 2113,5477 2139,5473"/>
               <TextEquiv>
                  <Unicode>ihm selbst der natürlichste und gläubigste Optimismus</Unicode>
               </TextEquiv>
            </TextLine>
            <TextLine id="r_2_tl_29" custom="readingOrder {index:28;}">
               <Coords points="1207,5509 2004,5530 2125,5523 2137,5476 1206,5481"/>
               <Baseline points="1213,5506 1223,5507 1268,5504 1313,5504 1358,5501 1403,5504 1447,5504 1492,5504 1537,5504 1582,5504 1626,5507 1671,5507 1716,5507 1761,5507 1806,5507 1850,5510 1895,5510 1940,5513 1985,5510 2029,5510 2074,5510 2119,5513 2122,5513 2139,5510"/>
               <TextEquiv>
                  <Unicode>eines orthodoxen Amerikaners wohl nicht standhalten</Unicode>
               </TextEquiv>
            </TextLine>
            <TextLine id="r_2_tl_30" custom="readingOrder {index:29;}">
               <Coords points="1207,5547 2062,5569 2138,5545 2138,5517 1207,5509"/>
               <Baseline points="1213,5539 1217,5540 1262,5537 1307,5537 1352,5537 1397,5540 1441,5534 1486,5540 1531,5540 1576,5540 1620,5540 1665,5540 1710,5543 1755,5543 1800,5543 1844,5543 1889,5546 1934,5546 1979,5546 2023,5546 2068,5546 2113,5546 2139,5544"/>
               <TextEquiv>
                  <Unicode>kann. Aber – zu einer Ueberraschung mußte ich es</Unicode>
               </TextEquiv>
            </TextLine>
            <TextLine id="r_2_tl_31" custom="readingOrder {index:30;}">
               <Coords points="1222,5584 2138,5583 2137,5545 2062,5569 1222,5548"/>
               <Baseline points="1229,5576 1274,5573 1319,5573 1364,5573 1409,5573 1453,5573 1498,5573 1543,5573 1588,5576 1632,5576 1677,5576 1722,5579 1767,5579 1812,5579 1856,5579 1901,5582 1946,5579 1991,5579 2035,5579 2080,5582 2110,5582 2139,5580"/>
               <TextEquiv>
                  <Unicode>feststellen: der alte Optimismus lebt noch – zu¬</Unicode>
               </TextEquiv>
            </TextLine>
            <TextLine id="r_2_tl_32" custom="readingOrder {index:31;}">
               <Coords points="1207,5629 2095,5635 2094,5594 2059,5590 1206,5587"/>
               <Baseline points="1213,5610 1223,5612 1256,5609 1301,5609 1346,5609 1391,5609 1435,5609 1480,5609 1525,5609 1570,5609 1615,5609 1659,5612 1704,5612 1749,5612 1794,5615 1838,5615 1883,5618 1928,5618 1973,5618 2018,5618 2062,5618 2098,5603"/>
               <TextEquiv>
                  <Unicode>sammen mit der alten Doktrin von der "Opportunity",</Unicode>
               </TextEquiv>
            </TextLine>
            <TextLine id="r_2_tl_33" custom="readingOrder {index:32;}">
               <Coords points="1207,5651 2139,5668 2138,5599 2069,5633 1207,5629"/>
               <Baseline points="1213,5643 1223,5645 1268,5642 1313,5642 1358,5642 1403,5645 1447,5642 1492,5645 1537,5645 1582,5645 1626,5645 1671,5645 1716,5648 1761,5651 1806,5651 1850,5651 1895,5651 1940,5654 1985,5654 2029,5651 2074,5651 2107,5651 2139,5648"/>
               <TextEquiv>
                  <Unicode>zusammen mit der uralten amerikanischen "Freiheit"</Unicode>
               </TextEquiv>
            </TextLine>
            <TextLine id="r_2_tl_34" custom="readingOrder {index:33;}">
               <Coords points="1207,5692 2138,5704 2138,5650 1207,5651"/>
               <Baseline points="1213,5677 1217,5677 1262,5677 1307,5680 1352,5677 1397,5677 1441,5677 1486,5677 1531,5680 1576,5680 1620,5680 1665,5683 1710,5683 1755,5683 1800,5683 1844,5686 1889,5686 1934,5686 1979,5686 2023,5686 2068,5686 2113,5689 2116,5689 2139,5685"/>
               <TextEquiv>
                  <Unicode>wird seine Existenz, seine Berechtigung und Notwen¬</Unicode>
               </TextEquiv>
            </TextLine>
            <TextLine id="r_2_tl_35" custom="readingOrder {index:34;}">
               <Coords points="1207,5724 2139,5735 2138,5686 1207,5692"/>
               <Baseline points="1213,5713 1256,5713 1301,5713 1346,5713 1391,5713 1435,5713 1480,5713 1525,5713 1570,5716 1615,5716 1659,5716 1704,5719 1749,5719 1794,5719 1838,5722 1883,5722 1928,5722 1973,5722 2018,5722 2062,5719 2107,5722 2116,5719 2139,5717"/>
               <TextEquiv>
                  <Unicode>digkeit täglich in vielen Reden verkündet, auf Radio¬</Unicode>
               </TextEquiv>
            </TextLine>
            <TextLine id="r_2_tl_36" custom="readingOrder {index:35;}">
               <Coords points="1207,5753 2138,5770 2138,5722 1207,5721"/>
               <Baseline points="1213,5749 1256,5749 1301,5746 1346,5749 1391,5749 1435,5749 1480,5749 1525,5752 1570,5749 1615,5752 1659,5752 1704,5752 1749,5755 1794,5755 1838,5755 1883,5758 1928,5758 1973,5758 2018,5755 2062,5758 2107,5758 2122,5761 2139,5754"/>
               <TextEquiv>
                  <Unicode>wellen übertragen, in Zeitungsartikeln wiederholt und</Unicode>
               </TextEquiv>
            </TextLine>
            <TextLine id="r_2_tl_37" custom="readingOrder {index:36;}">
               <Coords points="1207,5794 2139,5795 2052,5763 1207,5769"/>
               <Baseline points="1213,5785 1214,5785 1259,5782 1304,5785 1349,5785 1394,5785 1438,5785 1483,5785 1528,5785 1573,5785 1617,5788 1662,5788 1707,5788 1752,5788 1797,5791 1841,5791 1886,5791 1931,5794 1976,5794 2021,5791 2065,5791 2110,5794 2113,5794 2139,5789"/>
               <TextEquiv>
                  <Unicode>manifestiert. Nur eines hat sich geändert: die Pre¬</Unicode>
               </TextEquiv>
            </TextLine>
            <TextLine id="r_2_tl_38" custom="readingOrder {index:37;}">
               <Coords points="1207,5820 2138,5832 2138,5791 1947,5818 1207,5795"/>
               <Baseline points="1213,5818 1256,5818 1301,5818 1346,5818 1391,5818 1435,5818 1480,5818 1525,5821 1570,5821 1615,5821 1659,5824 1704,5824 1749,5824 1794,5824 1838,5827 1883,5827 1928,5827 1973,5827 2018,5827 2062,5827 2107,5830 2113,5833 2139,5828"/>
               <TextEquiv>
                  <Unicode>diger des altgewordenen Optimismus sind ausschließ¬</Unicode>
               </TextEquiv>
            </TextLine>
            <TextLine id="r_2_tl_39" custom="readingOrder {index:38;}">
               <Coords points="1207,5867 2138,5862 2138,5828 1207,5820"/>
               <Baseline points="1213,5854 1256,5854 1301,5854 1346,5854 1391,5854 1435,5854 1480,5854 1525,5857 1570,5857 1615,5857 1659,5860 1704,5860 1749,5860 1794,5860 1838,5862 1883,5862 1928,5862 1973,5862 2018,5862 2062,5862 2107,5865 2113,5865 2139,5860"/>
               <TextEquiv>
                  <Unicode>lich Republikaner, nur die reaktionäre Hearst-Presse</Unicode>
               </TextEquiv>
            </TextLine>
            <TextLine id="r_2_tl_40" custom="readingOrder {index:39;}">
               <Coords points="1207,5903 2138,5923 2137,5868 1206,5870"/>
               <Baseline points="1213,5889 1256,5889 1301,5889 1346,5889 1391,5886 1435,5889 1480,5889 1525,5889 1570,5889 1615,5892 1659,5892 1704,5892 1749,5895 1794,5895 1838,5895 1883,5895 1928,5898 1973,5898 2018,5898 2062,5898 2107,5901 2113,5901 2139,5897"/>
               <TextEquiv>
                  <Unicode>benutzt die einst national–amerikanischen Schlagworte,</Unicode>
               </TextEquiv>
            </TextLine>
            <TextLine id="r_2_tl_41" custom="readingOrder {index:40;}">
               <Coords points="1207,5929 2138,5938 2103,5908 1207,5902"/>
               <Baseline points="1213,5922 1256,5925 1301,5922 1346,5925 1391,5925 1435,5925 1480,5925 1525,5925 1570,5925 1615,5928 1659,5928 1704,5928 1749,5931 1794,5931 1838,5931 1883,5931 1928,5931 1973,5934 2018,5934 2062,5934 2107,5934 2116,5934 2139,5934"/>
               <TextEquiv>
                  <Unicode>der republikanische Präsidentschaftskandidat Alfred</Unicode>
               </TextEquiv>
            </TextLine>
            <TextLine id="r_2_tl_42" custom="readingOrder {index:41;}">
               <Coords points="1207,5978 2020,5987 2114,5982 2114,5945 1206,5940"/>
               <Baseline points="1213,5958 1256,5958 1301,5958 1346,5958 1391,5958 1435,5958 1480,5958 1525,5961 1570,5961 1615,5964 1659,5964 1704,5967 1749,5967 1794,5967 1838,5967 1883,5967 1928,5967 1973,5967 2018,5967 2062,5967 2107,5970 2116,5973 2139,6000"/>
               <TextEquiv>
                  <Unicode>Landon ist der Vorkämpfer eins Ideals, dem doch</Unicode>
               </TextEquiv>
            </TextLine>
            <TextLine id="r_2_tl_43" custom="readingOrder {index:42;}">
               <Coords points="1207,6002 2114,6013 2114,5982 2048,5973 1207,5985"/>
               <Baseline points="1213,5994 1220,5994 1265,5994 1310,5991 1355,5994 1400,5994 1444,5994 1489,5994 1534,5994 1579,5997 1623,5997 1668,5997 1713,6000 1758,6000 1803,6000 1847,6003 1892,6003 1937,6003 1982,6003 2026,6003 2071,6003 2116,6006"/>
               <TextEquiv>
                  <Unicode>offenbar die Wirklichkeit nicht mehr entspricht. Die</Unicode>
               </TextEquiv>
            </TextLine>
            <TextLine id="r_2_tl_44" custom="readingOrder {index:43;}">
               <Coords points="1207,6045 2138,6049 2137,6002 1206,6007"/>
               <Baseline points="1213,6030 1220,6030 1265,6027 1310,6027 1355,6030 1400,6030 1444,6030 1489,6033 1534,6033 1579,6030 1623,6033 1668,6033 1713,6036 1758,6036 1803,6039 1847,6039 1892,6042 1937,6042 1982,6042 2026,6039 2071,6042 2116,6042 2139,6042"/>
               <TextEquiv>
                  <Unicode>Grundlage des Optimismus war die "Opportunity",</Unicode>
               </TextEquiv>
            </TextLine>
            <TextEquiv>
               <Unicode/>
            </TextEquiv>
         </TextRegion>
         <TextRegion id="r_3" custom="readingOrder {index:2;}">
            <Coords points="2131,4505 3059,4505 3059,6104 2131,6104"/>
            <TextLine id="r_3_tl_1" custom="readingOrder {index:0;}">
               <Coords points="2125,4511 3056,4545 3056,4511 2995,4493 2125,4492"/>
               <Baseline points="2131,4522 2149,4522 2194,4522 2238,4522 2283,4522 2328,4522 2373,4519 2418,4522 2462,4522 2507,4525 2552,4525 2597,4525 2641,4525 2686,4525 2731,4525 2776,4528 2821,4528 2865,4528 2910,4528 2955,4528 3000,4531 3044,4531 3056,4531 3059,4531"/>
               <TextEquiv>
                  <Unicode>die Chance – aber heute ist die Westgrenze geschlossen,</Unicode>
               </TextEquiv>
            </TextLine>
            <TextLine id="r_3_tl_2" custom="readingOrder {index:1;}">
               <Coords points="2126,4576 3057,4577 3026,4537 2125,4540"/>
               <Baseline points="2131,4556 2149,4558 2194,4558 2238,4558 2283,4558 2328,4558 2373,4558 2418,4558 2462,4558 2507,4558 2552,4561 2597,4561 2641,4561 2686,4561 2731,4564 2776,4564 2821,4564 2865,4564 2910,4564 2955,4564 3000,4564 3044,4567 3053,4567 3059,4567"/>
               <TextEquiv>
                  <Unicode>der Markt ausgebeutet, und die Industrie kann nicht</Unicode>
               </TextEquiv>
            </TextLine>
            <TextLine id="r_3_tl_3" custom="readingOrder {index:2;}">
               <Coords points="2126,4598 3057,4616 3056,4583 2977,4567 2125,4563"/>
               <Baseline points="2131,4591 2149,4591 2194,4591 2238,4591 2283,4591 2328,4594 2373,4594 2418,4594 2462,4594 2507,4594 2552,4594 2597,4594 2641,4597 2686,4597 2731,4597 2776,4600 2821,4600 2865,4600 2910,4600 2955,4600 3000,4600 3044,4600 3056,4603 3059,4603"/>
               <TextEquiv>
                  <Unicode>mehr alle Arbeitssuchenden beschäftigen, die ihrer¬</Unicode>
               </TextEquiv>
            </TextLine>
            <TextLine id="r_3_tl_4" custom="readingOrder {index:3;}">
               <Coords points="2125,4640 2988,4652 3056,4645 3056,4615 2124,4589"/>
               <Baseline points="2131,4627 2155,4630 2200,4627 2244,4627 2289,4627 2334,4630 2379,4630 2424,4630 2468,4630 2513,4630 2558,4630 2603,4633 2647,4633 2692,4633 2737,4633 2782,4633 2827,4633 2871,4633 2916,4636 2961,4636 3006,4636 3050,4639 3053,4639 3059,4639"/>
               <TextEquiv>
                  <Unicode>seits wenig Aussicht haben, Millionär zu werden oder</Unicode>
               </TextEquiv>
            </TextLine>
            <TextLine id="r_3_tl_5" custom="readingOrder {index:4;}">
               <Coords points="2126,4684 3057,4693 3038,4645 2125,4626"/>
               <Baseline points="2131,4661 2146,4662 2191,4659 2235,4662 2280,4662 2325,4662 2370,4665 2415,4662 2459,4665 2504,4665 2549,4665 2594,4665 2638,4665 2683,4665 2728,4668 2773,4668 2818,4671 2862,4668 2907,4671 2952,4671 2997,4671 3041,4674 3056,4671 3059,4671"/>
               <TextEquiv>
                  <Unicode>auch nur die nächste Stufe der sozialen Rangleiter zu</Unicode>
               </TextEquiv>
            </TextLine>
            <TextLine id="r_3_tl_6" custom="readingOrder {index:5;}">
               <Coords points="2125,4717 3056,4724 3056,4691 3000,4680 2125,4665"/>
               <Baseline points="2131,4698 2164,4698 2209,4698 2253,4698 2298,4698 2343,4698 2388,4698 2432,4701 2477,4698 2522,4698 2567,4698 2612,4701 2656,4701 2701,4704 2746,4704 2791,4704 2835,4704 2880,4707 2925,4707 2970,4704 3015,4707 3053,4710 3059,4710"/>
               <TextEquiv>
                  <Unicode>ersteigen. Diese Tatsachen einzusehen und zuzugeben,</Unicode>
               </TextEquiv>
            </TextLine>
            <TextLine id="r_3_tl_7" custom="readingOrder {index:6;}">
               <Coords points="2125,4746 3026,4761 3056,4723 2124,4715"/>
               <Baseline points="2131,4732 2152,4734 2197,4731 2241,4734 2286,4731 2331,4734 2376,4734 2421,4734 2465,4734 2510,4734 2555,4737 2600,4734 2644,4734 2689,4731 2734,4737 2779,4737 2824,4740 2868,4740 2913,4740 2958,4740 3003,4743 3047,4743 3059,4742"/>
               <TextEquiv>
                  <Unicode>fällt den Amerikanern schwer – am schwersten den</Unicode>
               </TextEquiv>
            </TextLine>
            <TextLine id="r_3_tl_8" custom="readingOrder {index:7;}">
               <Coords points="2148,4776 3026,4795 3056,4752 2147,4744"/>
               <Baseline points="2155,4770 2200,4767 2244,4767 2289,4767 2334,4767 2379,4770 2424,4770 2468,4770 2513,4770 2558,4773 2603,4773 2647,4770 2692,4773 2737,4773 2782,4773 2827,4773 2871,4776 2916,4776 2961,4776 3006,4776 3050,4779 3053,4779 3059,4778"/>
               <TextEquiv>
                  <Unicode>privaten Unternehmern, die lieber im chaotischen Kon¬</Unicode>
               </TextEquiv>
            </TextLine>
            <TextLine id="r_3_tl_9" custom="readingOrder {index:8;}">
               <Coords points="2125,4803 3056,4820 3056,4793 2964,4780 2125,4780"/>
               <Baseline points="2131,4803 2149,4803 2194,4803 2238,4803 2283,4803 2328,4803 2373,4803 2418,4803 2462,4806 2507,4806 2552,4806 2597,4806 2641,4806 2686,4806 2731,4809 2776,4809 2821,4809 2865,4809 2910,4812 2955,4812 3000,4812 3044,4815 3059,4813"/>
               <TextEquiv>
                  <Unicode>kurrenzkampf aller gegen alle zu immer gröberen</Unicode>
               </TextEquiv>
            </TextLine>
            <TextLine id="r_3_tl_10" custom="readingOrder {index:9;}">
               <Coords points="2126,4859 3057,4864 3048,4818 2125,4801"/>
               <Baseline points="2131,4839 2149,4839 2194,4839 2238,4839 2283,4839 2328,4839 2373,4839 2418,4842 2462,4839 2507,4842 2552,4842 2597,4842 2641,4842 2686,4842 2731,4842 2776,4845 2821,4845 2865,4848 2910,4848 2955,4848 3000,4848 3044,4848 3056,4851 3059,4850"/>
               <TextEquiv>
                  <Unicode>Mitteln greifen, als eine Einmischung in ihre Rechte</Unicode>
               </TextEquiv>
            </TextLine>
            <TextLine id="r_3_tl_11" custom="readingOrder {index:10;}">
               <Coords points="2148,4885 3057,4900 3039,4856 2148,4855"/>
               <Baseline points="2155,4871 2200,4874 2244,4871 2289,4874 2334,4874 2379,4874 2424,4874 2468,4874 2513,4877 2558,4877 2603,4880 2647,4880 2692,4880 2737,4880 2782,4877 2827,4880 2871,4880 2916,4880 2961,4880 3006,4883 3050,4883 3059,4883"/>
               <TextEquiv>
                  <Unicode>zu dulden, die sie ihre "Freiheit" nennen. Diese</Unicode>
               </TextEquiv>
            </TextLine>
            <TextLine id="r_3_tl_12" custom="readingOrder {index:11;}">
               <Coords points="2125,4926 3056,4928 3056,4899 2968,4885 2125,4891"/>
               <Baseline points="2131,4913 2155,4907 2200,4907 2244,4907 2289,4910 2334,4910 2379,4910 2424,4910 2468,4910 2513,4910 2558,4910 2603,4910 2647,4910 2692,4913 2737,4913 2782,4913 2827,4913 2871,4913 2916,4916 2961,4916 3006,4919 3050,4919 3059,4919"/>
               <TextEquiv>
                  <Unicode>Freiheit ist längst imaginär – eine schlechte Ausrede</Unicode>
               </TextEquiv>
            </TextLine>
            <TextLine id="r_3_tl_13" custom="readingOrder {index:12;}">
               <Coords points="2125,4958 3056,4966 3056,4928 3006,4924 2125,4920"/>
               <Baseline points="2131,4947 2155,4943 2200,4943 2244,4943 2289,4943 2334,4943 2379,4943 2424,4946 2468,4946 2513,4946 2558,4946 2603,4946 2647,4949 2692,4949 2737,4949 2782,4949 2827,4952 2871,4952 2916,4952 2961,4952 3006,4952 3050,4955 3059,4955"/>
               <TextEquiv>
                  <Unicode>für den durch Generationen vererbten Instinkt, das</Unicode>
               </TextEquiv>
            </TextLine>
            <TextLine id="r_3_tl_14" custom="readingOrder {index:13;}">
               <Coords points="2125,4990 3057,5003 3056,4962 2125,4958"/>
               <Baseline points="2131,4985 2155,4979 2200,4976 2244,4979 2289,4979 2334,4979 2379,4979 2424,4979 2468,4982 2513,4982 2558,4982 2603,4982 2647,4982 2692,4982 2737,4985 2782,4985 2827,4985 2871,4985 2916,4988 2961,4988 3006,4988 3050,4991 3056,4991 3059,4990"/>
               <TextEquiv>
                  <Unicode>Land mit seinen wirtschaftlichen Gütern statt als</Unicode>
               </TextEquiv>
            </TextLine>
            <TextLine id="r_3_tl_15" custom="readingOrder {index:14;}">
               <Coords points="2125,5025 2979,5047 3056,5037 3056,5000 2124,4998"/>
               <Baseline points="2131,5017 2152,5015 2197,5012 2241,5012 2286,5012 2331,5012 2376,5015 2421,5015 2465,5015 2510,5018 2555,5018 2600,5018 2644,5018 2689,5018 2734,5021 2779,5021 2824,5021 2868,5021 2913,5021 2958,5024 3003,5024 3047,5024 3056,5024 3059,5026"/>
               <TextEquiv>
                  <Unicode>öffentlichen und gemeinschaftlichen Besitz der Nation</Unicode>
               </TextEquiv>
            </TextLine>
            <TextLine id="r_3_tl_16" custom="readingOrder {index:15;}">
               <Coords points="2125,5055 3056,5072 3056,5032 3021,5029 2125,5023"/>
               <Baseline points="2131,5051 2149,5048 2194,5048 2238,5048 2283,5051 2328,5048 2373,5048 2418,5051 2462,5051 2507,5051 2552,5053 2597,5053 2641,5053 2686,5053 2731,5056 2776,5053 2821,5056 2865,5056 2910,5056 2955,5059 3000,5059 3044,5059 3053,5062 3059,5067"/>
               <TextEquiv>
                  <Unicode>als ein Feld privater Ausbeute zu betrachten. Es</Unicode>
               </TextEquiv>
            </TextLine>
            <TextLine id="r_3_tl_17" custom="readingOrder {index:16;}">
               <Coords points="2125,5089 3056,5110 3038,5068 2125,5054"/>
               <Baseline points="2131,5085 2155,5083 2200,5083 2244,5083 2289,5083 2334,5083 2379,5086 2424,5086 2468,5086 2513,5086 2558,5089 2603,5089 2647,5089 2692,5089 2737,5089 2782,5089 2827,5092 2871,5092 2916,5092 2961,5092 3006,5092 3050,5098 3059,5098"/>
               <TextEquiv>
                  <Unicode>gibt heute keine jungen amerikanischen Pioniere mehr,</Unicode>
               </TextEquiv>
            </TextLine>
            <TextLine id="r_3_tl_18" custom="readingOrder {index:17;}">
               <Coords points="2126,5128 3057,5147 3009,5104 2125,5088"/>
               <Baseline points="2131,5122 2137,5122 2182,5116 2226,5119 2271,5119 2316,5119 2361,5119 2406,5119 2450,5122 2495,5122 2540,5122 2585,5122 2629,5125 2674,5125 2719,5125 2764,5125 2809,5125 2853,5128 2898,5128 2943,5128 2988,5128 3032,5131 3059,5134"/>
               <TextEquiv>
                  <Unicode>die im Planwagen über das Gebirge nach dem weiten,</Unicode>
               </TextEquiv>
            </TextLine>
            <TextLine id="r_3_tl_19" custom="readingOrder {index:18;}">
               <Coords points="2125,5187 2230,5161 3056,5183 3026,5141 2124,5127"/>
               <Baseline points="2131,5159 2152,5155 2197,5155 2241,5155 2286,5155 2331,5155 2376,5155 2421,5158 2465,5158 2510,5158 2555,5161 2600,5158 2644,5161 2689,5161 2734,5164 2779,5164 2824,5164 2868,5167 2913,5164 2958,5164 3003,5164 3047,5167 3059,5170"/>
               <TextEquiv>
                  <Unicode>offenen Westen ziehen, um ihn in Besitz zu nehmen</Unicode>
               </TextEquiv>
            </TextLine>
            <TextLine id="r_3_tl_21" custom="readingOrder {index:19;}">
               <Coords points="2175,5194 3056,5211 3020,5176 2175,5176"/>
               <Baseline points="2182,5185 2226,5191 2271,5191 2316,5191 2361,5191 2406,5191 2450,5191 2495,5194 2540,5194 2585,5194 2629,5194 2674,5197 2719,5197 2764,5197 2809,5200 2853,5200 2898,5200 2943,5200 2988,5200 3032,5200 3059,5200"/>
               <TextEquiv>
                  <Unicode>– es gibt keine jungen Pioniere mehr, die aus ihrem</Unicode>
               </TextEquiv>
            </TextLine>
            <TextLine id="r_3_tl_20" custom="readingOrder {index:20;}">
               <Coords points="2125,5239 2971,5253 3056,5246 3056,5210 2124,5184"/>
               <Baseline points="2131,5209 2143,5224 2188,5224 2232,5227 2277,5227 2322,5227 2367,5227 2412,5227 2456,5227 2501,5227 2546,5230 2591,5230 2635,5230 2680,5233 2725,5233 2770,5233 2815,5233 2859,5236 2904,5233 2949,5236 2994,5236 3038,5236 3050,5242 3059,5246"/>
               <TextEquiv>
                  <Unicode>mutigen Optimismus ein Glaubensbekenntnis für die</Unicode>
               </TextEquiv>
            </TextLine>
            <TextLine id="r_3_tl_22" custom="readingOrder {index:21;}">
               <Coords points="2125,5266 3056,5281 3041,5244 2125,5247"/>
               <Baseline points="2131,5265 2161,5262 2206,5259 2250,5259 2295,5262 2340,5262 2385,5262 2429,5262 2474,5262 2519,5262 2564,5265 2609,5265 2653,5265 2698,5268 2743,5268 2788,5268 2832,5268 2877,5268 2922,5268 2967,5268 3012,5271 3056,5271 3059,5273"/>
               <TextEquiv>
                  <Unicode>Zukunft ihrer Generation und ihres Landes machen</Unicode>
               </TextEquiv>
            </TextLine>
            <TextLine id="r_3_tl_23" custom="readingOrder {index:22;}">
               <Coords points="2126,5312 3045,5315 3044,5280 2125,5269"/>
               <Baseline points="2131,5297 2149,5295 2194,5295 2238,5295 2283,5295 2328,5295 2373,5298 2418,5298 2462,5298 2507,5298 2552,5298 2597,5301 2641,5301 2686,5301 2731,5304 2776,5304 2821,5304 2865,5304 2910,5304 2955,5304 3000,5304 3044,5310 3047,5310"/>
               <TextEquiv>
                  <Unicode>könnten: statt dessen wird der seines Glanzes und</Unicode>
               </TextEquiv>
            </TextLine>
            <TextLine id="r_3_tl_24" custom="readingOrder {index:23;}">
               <Coords points="2125,5343 3057,5360 3056,5319 2992,5314 2125,5314"/>
               <Baseline points="2131,5338 2161,5331 2206,5331 2250,5331 2295,5331 2340,5331 2385,5334 2429,5334 2474,5334 2519,5334 2564,5334 2609,5337 2653,5337 2698,5337 2743,5337 2788,5340 2832,5340 2877,5340 2922,5340 2967,5340 3012,5343 3050,5340 3059,5338"/>
               <TextEquiv>
                  <Unicode>seiner Frische entkleidete Begriff von zähneknirschen¬</Unicode>
               </TextEquiv>
            </TextLine>
            <TextLine id="r_3_tl_25" custom="readingOrder {index:24;}">
               <Coords points="2125,5386 3044,5385 3017,5351 2125,5347"/>
               <Baseline points="2131,5368 2149,5364 2194,5364 2238,5367 2283,5367 2328,5367 2373,5367 2418,5367 2462,5367 2507,5370 2552,5370 2597,5373 2641,5373 2686,5373 2731,5373 2776,5373 2821,5373 2865,5376 2910,5376 2955,5376 3000,5376 3044,5382 3047,5382"/>
               <TextEquiv>
                  <Unicode>den alten Reaktionären, bedrohten Unternehmern,</Unicode>
               </TextEquiv>
            </TextLine>
            <TextLine id="r_3_tl_26" custom="readingOrder {index:25;}">
               <Coords points="2125,5416 3041,5428 3056,5393 2124,5385"/>
               <Baseline points="2131,5407 2149,5403 2194,5400 2238,5403 2283,5403 2328,5403 2373,5403 2418,5403 2462,5403 2507,5403 2552,5406 2597,5406 2641,5406 2686,5409 2731,5409 2776,5409 2821,5409 2865,5409 2910,5412 2955,5412 3000,5412 3044,5415 3053,5415 3059,5412"/>
               <TextEquiv>
                  <Unicode>neunzigjährigen Veteranen aus dem Bürgerkrieg, und</Unicode>
               </TextEquiv>
            </TextLine>
            <TextLine id="r_3_tl_27" custom="readingOrder {index:26;}">
               <Coords points="2125,5444 3056,5452 3056,5424 2762,5413 2125,5423"/>
               <Baseline points="2131,5439 2149,5436 2194,5436 2238,5436 2283,5436 2328,5439 2373,5439 2418,5439 2462,5439 2507,5439 2552,5442 2597,5442 2641,5442 2686,5445 2731,5445 2776,5445 2821,5445 2865,5445 2910,5445 2955,5448 3000,5448 3044,5451 3047,5451 3059,5456"/>
               <TextEquiv>
                  <Unicode>von ihren in unzähligen Frauenligen vereinten Töch¬</Unicode>
               </TextEquiv>
            </TextLine>
            <TextLine id="r_3_tl_28" custom="readingOrder {index:27;}">
               <Coords points="2125,5481 3056,5492 3048,5455 2124,5437"/>
               <Baseline points="2131,5474 2149,5471 2194,5471 2238,5471 2283,5471 2328,5474 2373,5474 2418,5474 2462,5474 2507,5474 2552,5474 2597,5477 2641,5477 2686,5477 2731,5480 2776,5480 2821,5480 2865,5480 2910,5483 2955,5483 3000,5483 3044,5486 3050,5483 3059,5489"/>
               <TextEquiv>
                  <Unicode>tern verteidigt, und die Worte "Opportunity, Opti¬</Unicode>
               </TextEquiv>
            </TextLine>
            <TextLine id="r_3_tl_29" custom="readingOrder {index:28;}">
               <Coords points="2125,5526 3049,5534 3048,5494 2125,5480"/>
               <Baseline points="2131,5511 2149,5507 2194,5504 2238,5507 2283,5507 2328,5507 2373,5507 2418,5510 2462,5507 2507,5510 2552,5510 2597,5513 2641,5513 2686,5513 2731,5516 2776,5516 2821,5516 2865,5516 2910,5516 2955,5519 3000,5519 3044,5522 3050,5519"/>
               <TextEquiv>
                  <Unicode>mism, Liberty" prangen heute zugleich eindeutig und</Unicode>
               </TextEquiv>
            </TextLine>
            <TextLine id="r_3_tl_30" custom="readingOrder {index:29;}">
               <Coords points="2125,5556 3057,5568 3035,5528 2125,5529"/>
               <Baseline points="2131,5545 2149,5543 2194,5540 2238,5543 2283,5543 2328,5543 2373,5546 2418,5543 2462,5546 2507,5546 2552,5546 2597,5549 2641,5549 2686,5549 2731,5549 2776,5549 2821,5549 2865,5552 2910,5552 2955,5555 3000,5555 3044,5558 3050,5555 3059,5561"/>
               <TextEquiv>
                  <Unicode>sonderbar entstellt auf den Fahnen und Plakaten der</Unicode>
               </TextEquiv>
            </TextLine>
            <TextLine id="r_3_tl_31" custom="readingOrder {index:30;}">
               <Coords points="2125,5580 3057,5600 3056,5566 2988,5558 2125,5550"/>
               <Baseline points="2131,5580 2152,5579 2197,5576 2241,5579 2286,5579 2331,5579 2376,5579 2421,5579 2465,5579 2510,5582 2555,5582 2600,5582 2644,5585 2689,5585 2734,5585 2779,5588 2824,5588 2868,5588 2913,5588 2958,5588 3003,5591 3047,5591 3053,5591 3059,5593"/>
               <TextEquiv>
                  <Unicode>Reaktion. Aber die Jugend Amerikas befindet sich</Unicode>
               </TextEquiv>
            </TextLine>
            <TextLine id="r_3_tl_32" custom="readingOrder {index:31;}">
               <Coords points="2142,5621 3056,5642 3056,5607 2141,5590"/>
               <Baseline points="2149,5612 2194,5612 2238,5612 2283,5612 2328,5615 2373,5615 2418,5615 2462,5615 2507,5618 2552,5618 2597,5618 2641,5618 2686,5621 2731,5621 2776,5621 2821,5624 2865,5624 2910,5624 2955,5624 3000,5627 3044,5630 3047,5630 3059,5633"/>
               <TextEquiv>
                  <Unicode>zum großen Teil in einem neuen Lager. Ich meinte,</Unicode>
               </TextEquiv>
            </TextLine>
            <TextLine id="r_3_tl_33" custom="readingOrder {index:32;}">
               <Coords points="2125,5664 3056,5672 3056,5642 2933,5626 2125,5629"/>
               <Baseline points="2131,5649 2146,5648 2191,5645 2235,5648 2280,5648 2325,5648 2370,5651 2415,5651 2459,5648 2504,5651 2549,5654 2594,5654 2638,5654 2683,5657 2728,5657 2773,5657 2818,5657 2862,5657 2907,5657 2952,5660 2997,5660 3041,5662 3059,5669"/>
               <TextEquiv>
                  <Unicode>den Optimismus – er war mir eindrucksvoll im Ge¬</Unicode>
               </TextEquiv>
            </TextLine>
            <TextLine id="r_3_tl_34" custom="readingOrder {index:33;}">
               <Coords points="2126,5700 3057,5706 3048,5670 2125,5648"/>
               <Baseline points="2131,5686 2146,5683 2191,5680 2235,5683 2280,5683 2325,5683 2370,5686 2415,5686 2459,5683 2504,5686 2549,5686 2594,5689 2638,5692 2683,5692 2728,5692 2773,5692 2818,5692 2862,5695 2907,5695 2952,5695 2997,5695 3041,5698 3050,5698 3059,5701"/>
               <TextEquiv>
                  <Unicode>dächtnis geblieben – bei der Jugend zu finden, falls</Unicode>
               </TextEquiv>
            </TextLine>
            <TextLine id="r_3_tl_35" custom="readingOrder {index:34;}">
               <Coords points="2126,5725 3057,5745 3056,5706 2125,5699"/>
               <Baseline points="2131,5718 2143,5716 2188,5716 2232,5719 2277,5719 2322,5719 2367,5722 2412,5722 2456,5722 2501,5722 2546,5722 2591,5722 2635,5725 2680,5725 2725,5728 2770,5728 2815,5728 2859,5728 2904,5731 2949,5731 2994,5731 3038,5734 3053,5737 3059,5739"/>
               <TextEquiv>
                  <Unicode>überhaupt die Krise ihn nicht völlig verschlungen</Unicode>
               </TextEquiv>
            </TextLine>
            <TextLine id="r_3_tl_36" custom="readingOrder {index:35;}">
               <Coords points="2125,5768 3057,5780 3042,5740 2125,5724"/>
               <Baseline points="2131,5757 2143,5752 2188,5752 2232,5752 2277,5755 2322,5755 2367,5758 2412,5758 2456,5758 2501,5761 2546,5758 2591,5758 2635,5761 2680,5761 2725,5764 2770,5764 2815,5764 2859,5764 2904,5764 2949,5767 2994,5767 3038,5770 3050,5770 3059,5773"/>
               <TextEquiv>
                  <Unicode>haben würde. Der Irrtum scheint verzeihlich, wurde</Unicode>
               </TextEquiv>
            </TextLine>
            <TextLine id="r_3_tl_37" custom="readingOrder {index:36;}">
               <Coords points="2125,5805 3030,5820 3056,5788 2124,5764"/>
               <Baseline points="2131,5790 2143,5788 2188,5788 2232,5788 2277,5791 2322,5791 2367,5794 2412,5791 2456,5794 2501,5794 2546,5794 2591,5794 2635,5794 2680,5797 2725,5797 2770,5800 2815,5800 2859,5800 2904,5800 2949,5800 2994,5803 3038,5806 3041,5806 3059,5814"/>
               <TextEquiv>
                  <Unicode>mir aber in jenem neuen Lager sehr übel genommen.</Unicode>
               </TextEquiv>
            </TextLine>
            <TextLine id="r_3_tl_38" custom="readingOrder {index:37;}">
               <Coords points="2125,5847 3014,5856 3050,5851 3050,5811 2124,5797"/>
               <Baseline points="2131,5830 2149,5827 2194,5824 2238,5827 2283,5827 2328,5830 2373,5830 2418,5830 2462,5830 2507,5830 2552,5833 2597,5830 2641,5830 2686,5833 2731,5833 2776,5836 2821,5836 2865,5836 2910,5839 2955,5839 3000,5839 3044,5845 3053,5842"/>
               <TextEquiv>
                  <Unicode>Denn dort haßt man die Schlagworte Optimismus</Unicode>
               </TextEquiv>
            </TextLine>
            <TextLine id="r_3_tl_39" custom="readingOrder {index:38;}">
               <Coords points="2125,5863 3056,5888 3027,5848 2125,5841"/>
               <Baseline points="2131,5862 2143,5860 2188,5860 2232,5862 2277,5862 2322,5865 2367,5865 2412,5865 2456,5862 2501,5862 2546,5865 2591,5865 2635,5868 2680,5868 2725,5868 2770,5868 2815,5871 2859,5871 2904,5874 2949,5871 2994,5874 3038,5877 3053,5877 3059,5879"/>
               <TextEquiv>
                  <Unicode>und Opportunität – oder vielmehr man verachtet</Unicode>
               </TextEquiv>
            </TextLine>
            <TextLine id="r_3_tl_40" custom="readingOrder {index:39;}">
               <Coords points="2125,5900 3057,5931 3056,5888 2995,5881 2125,5876"/>
               <Baseline points="2131,5898 2149,5895 2194,5895 2238,5895 2283,5898 2328,5898 2373,5901 2418,5901 2462,5901 2507,5901 2552,5901 2597,5901 2641,5901 2686,5904 2731,5904 2776,5907 2821,5907 2865,5907 2910,5907 2955,5907 3000,5910 3044,5910 3059,5914"/>
               <TextEquiv>
                  <Unicode>sie. Man ist der Ansicht, daß sie nicht nur heute ohne</Unicode>
               </TextEquiv>
            </TextLine>
            <TextLine id="r_3_tl_41" custom="readingOrder {index:40;}">
               <Coords points="2125,5958 3056,5955 3056,5925 2998,5915 2125,5918"/>
               <Baseline points="2131,5934 2152,5934 2197,5931 2241,5931 2286,5934 2331,5937 2376,5934 2421,5937 2465,5937 2510,5937 2555,5937 2600,5937 2644,5937 2689,5940 2734,5940 2779,5943 2824,5943 2868,5943 2913,5943 2958,5943 3003,5946 3044,5949 3059,5952"/>
               <TextEquiv>
                  <Unicode>Grundlage seien, sondern irreführend, und gefährlich.</Unicode>
               </TextEquiv>
            </TextLine>
            <TextLine id="r_3_tl_43" custom="readingOrder {index:41;}">
               <Coords points="2184,5989 3057,6001 3057,5962 2951,5953 2184,5946"/>
               <Baseline points="2191,5979 2235,5976 2280,5976 2325,5976 2370,5979 2415,5979 2459,5979 2504,5976 2549,5979 2594,5979 2638,5979 2683,5979 2728,5982 2773,5982 2818,5985 2862,5985 2907,5985 2952,5985 2997,5985 3041,5988 3053,5988 3059,5988"/>
               <TextEquiv>
                  <Unicode>"Diese Begriffe, – so argumentieren die jungen</Unicode>
               </TextEquiv>
            </TextLine>
            <TextLine id="r_3_tl_42" custom="readingOrder {index:42;}">
               <Coords points="2125,6002 3057,6030 3056,5996 2125,5974"/>
               <Baseline points="2131,5991 2143,6006 2188,6006 2232,6009 2277,6009 2322,6009 2367,6012 2412,6012 2456,6012 2501,6012 2546,6012 2591,6012 2635,6012 2680,6015 2725,6018 2770,6018 2815,6015 2859,6018 2904,6021 2949,6021 2994,6021 3038,6021 3044,6018 3059,6021"/>
               <TextEquiv>
                  <Unicode>Amerikaner im demokratischen Lager, – mögen ein¬</Unicode>
               </TextEquiv>
            </TextLine>
            <TextLine id="r_3_tl_44" custom="readingOrder {index:43;}">
               <Coords points="2125,6052 2328,6092 3056,6082 3055,6023 2124,6020"/>
               <Baseline points="2131,6042 2161,6042 2206,6045 2250,6045 2295,6048 2340,6045 2385,6048 2429,6048 2474,6048 2519,6048 2564,6051 2609,6051 2653,6051 2698,6051 2743,6054 2788,6054 2832,6054 2877,6057 2922,6057 2967,6057 3012,6057 3056,6063 3059,6062"/>
               <TextEquiv>
                  <Unicode>mal eine Tugend gewesen sein, heute sind sie ein Miß¬</Unicode>
               </TextEquiv>
            </TextLine>
            <TextEquiv>
               <Unicode/>
            </TextEquiv>
         </TextRegion>
         <TextRegion id="r_4" custom="readingOrder {index:3;}">
            <Coords points="3075,4514 4016,4514 4016,6126 3075,6126"/>
            <TextLine id="r_4_tl_1" custom="readingOrder {index:0;}">
               <Coords points="3069,4524 3203,4553 3991,4545 3938,4504 3069,4512"/>
               <Baseline points="3075,4531 3080,4531 3125,4531 3170,4531 3215,4531 3259,4534 3304,4534 3349,4531 3394,4534 3438,4534 3483,4534 3528,4534 3573,4534 3618,4534 3662,4537 3707,4534 3752,4537 3797,4537 3841,4537 3886,4537 3931,4537 3976,4537 3994,4543"/>
               <TextEquiv>
                  <Unicode>verständnis. In Europa können gewisse Regierungen</Unicode>
               </TextEquiv>
            </TextLine>
            <TextLine id="r_4_tl_2" custom="readingOrder {index:1;}">
               <Coords points="3069,4583 3991,4588 3955,4547 3203,4553 3069,4524"/>
               <Baseline points="3075,4567 3083,4567 3128,4567 3173,4564 3218,4567 3262,4567 3307,4567 3352,4567 3397,4567 3441,4570 3486,4570 3531,4570 3576,4570 3621,4570 3665,4570 3710,4570 3755,4570 3800,4570 3844,4570 3889,4573 3934,4573 3979,4573 3994,4576"/>
               <TextEquiv>
                  <Unicode>es sich anscheinend leisten, die Bevölkerung über ihre</Unicode>
               </TextEquiv>
            </TextLine>
            <TextLine id="r_4_tl_3" custom="readingOrder {index:2;}">
               <Coords points="3069,4609 3991,4623 3990,4587 3913,4577 3069,4584"/>
               <Baseline points="3075,4603 3083,4603 3128,4600 3173,4600 3218,4600 3262,4600 3307,4603 3352,4600 3397,4603 3441,4603 3486,4603 3531,4603 3576,4603 3621,4606 3665,4603 3710,4603 3755,4606 3800,4606 3844,4606 3889,4606 3934,4606 3979,4606 3994,4609"/>
               <TextEquiv>
                  <Unicode>wahre Lage und über die wirklichen Schwierigkeiten</Unicode>
               </TextEquiv>
            </TextLine>
            <TextLine id="r_4_tl_4" custom="readingOrder {index:3;}">
               <Coords points="3069,4645 3981,4659 3988,4622 3067,4610"/>
               <Baseline points="3075,4639 3083,4639 3128,4636 3173,4636 3218,4636 3262,4636 3307,4636 3352,4639 3397,4639 3441,4639 3486,4639 3531,4639 3576,4639 3621,4639 3665,4642 3710,4642 3755,4642 3800,4642 3844,4642 3889,4642 3934,4642 3979,4645 3991,4645"/>
               <TextEquiv>
                  <Unicode>hinwegzutäuschen, indem sie statt über diese Dinge</Unicode>
               </TextEquiv>
            </TextLine>
            <TextLine id="r_4_tl_5" custom="readingOrder {index:4;}">
               <Coords points="3069,4676 3900,4695 3991,4659 3067,4639"/>
               <Baseline points="3075,4669 3080,4668 3125,4671 3170,4671 3215,4671 3259,4671 3304,4671 3349,4671 3394,4671 3438,4674 3483,4674 3528,4674 3573,4674 3618,4674 3662,4674 3707,4677 3752,4677 3797,4677 3841,4677 3886,4677 3931,4677 3976,4677 3994,4674"/>
               <TextEquiv>
                  <Unicode>über Nationalismus oder Rassenhaß oder andere Ge¬</Unicode>
               </TextEquiv>
            </TextLine>
            <TextLine id="r_4_tl_6" custom="readingOrder {index:5;}">
               <Coords points="3069,4728 3987,4728 3961,4686 3069,4686"/>
               <Baseline points="3075,4708 3086,4707 3131,4704 3176,4704 3221,4704 3265,4707 3310,4707 3355,4707 3400,4707 3444,4707 3489,4707 3534,4710 3579,4710 3624,4710 3668,4710 3713,4710 3758,4710 3803,4710 3847,4713 3892,4713 3937,4713 3982,4713 3988,4713"/>
               <TextEquiv>
                  <Unicode>fühlskomplexe reden. Bei uns ist das nicht, oder noch</Unicode>
               </TextEquiv>
            </TextLine>
            <TextLine id="r_4_tl_7" custom="readingOrder {index:6;}">
               <Coords points="3069,4758 3991,4760 3991,4728 3927,4719 3069,4728"/>
               <Baseline points="3075,4741 3092,4740 3137,4740 3182,4740 3227,4740 3271,4740 3316,4743 3361,4743 3406,4743 3450,4743 3495,4743 3540,4743 3585,4746 3630,4746 3674,4743 3719,4746 3764,4746 3809,4746 3853,4746 3898,4746 3943,4746 3988,4749 3994,4752"/>
               <TextEquiv>
                  <Unicode>nicht in diesem Maße möglich, weil wir besser, klarer</Unicode>
               </TextEquiv>
            </TextLine>
            <TextLine id="r_4_tl_8" custom="readingOrder {index:7;}">
               <Coords points="3069,4794 3994,4796 3994,4760 3947,4752 3069,4747"/>
               <Baseline points="3075,4777 3086,4776 3131,4773 3176,4773 3221,4776 3265,4776 3310,4776 3355,4776 3400,4779 3444,4779 3489,4779 3534,4779 3579,4779 3624,4779 3668,4779 3713,4779 3758,4782 3803,4782 3847,4782 3892,4782 3937,4782 3982,4785 3997,4785"/>
               <TextEquiv>
                  <Unicode>und realistischer zu denken gelernt haben. Wir wissen,</Unicode>
               </TextEquiv>
            </TextLine>
            <TextLine id="r_4_tl_9" custom="readingOrder {index:8;}">
               <Coords points="3069,4815 3991,4824 3990,4796 3067,4782"/>
               <Baseline points="3075,4812 3077,4812 3122,4809 3167,4809 3212,4809 3256,4809 3301,4812 3346,4812 3391,4812 3436,4812 3480,4815 3525,4815 3570,4815 3615,4815 3659,4815 3704,4815 3749,4815 3794,4815 3839,4815 3883,4815 3928,4815 3973,4815 3994,4815"/>
               <TextEquiv>
                  <Unicode>daß kein Arbeitsloser eine «Opportunity» hat, wenn</Unicode>
               </TextEquiv>
            </TextLine>
            <TextLine id="r_4_tl_10" custom="readingOrder {index:9;}">
               <Coords points="3070,4858 3992,4866 3991,4824 3069,4832"/>
               <Baseline points="3075,4847 3086,4845 3131,4845 3176,4845 3221,4845 3265,4845 3310,4845 3355,4848 3400,4848 3444,4848 3489,4848 3534,4848 3579,4845 3624,4848 3668,4851 3713,4851 3758,4851 3803,4851 3847,4851 3892,4851 3937,4851 3982,4853 3994,4853"/>
               <TextEquiv>
                  <Unicode>nicht etwas dafür geschieht, – wir wissen aber auch,</Unicode>
               </TextEquiv>
            </TextLine>
            <TextLine id="r_4_tl_11" custom="readingOrder {index:10;}">
               <Coords points="3069,4900 3991,4895 3959,4859 3069,4859"/>
               <Baseline points="3075,4882 3092,4880 3137,4877 3182,4877 3227,4880 3271,4880 3316,4880 3361,4880 3406,4880 3450,4880 3495,4880 3540,4883 3585,4883 3630,4883 3674,4883 3719,4883 3764,4886 3809,4886 3853,4886 3898,4886 3943,4886 3988,4886 3994,4889"/>
               <TextEquiv>
                  <Unicode>daß wir in einem reichen Lande leben, wo es weder</Unicode>
               </TextEquiv>
            </TextLine>
            <TextLine id="r_4_tl_12" custom="readingOrder {index:11;}">
               <Coords points="3069,4926 3991,4931 3982,4894 3069,4899"/>
               <Baseline points="3075,4918 3092,4916 3137,4913 3182,4913 3227,4913 3271,4916 3316,4916 3361,4916 3406,4916 3450,4916 3495,4916 3540,4916 3585,4916 3630,4916 3674,4919 3719,4919 3764,4919 3809,4922 3853,4922 3898,4922 3943,4922 3988,4922 3994,4922"/>
               <TextEquiv>
                  <Unicode>Arbeitslosigkeit noch Hunger und Elend zu geben</Unicode>
               </TextEquiv>
            </TextLine>
            <TextLine id="r_4_tl_13" custom="readingOrder {index:12;}">
               <Coords points="3069,4970 3991,4975 3990,4931 3067,4927"/>
               <Baseline points="3075,4951 3089,4946 3134,4946 3179,4946 3224,4949 3268,4949 3313,4949 3358,4949 3403,4952 3447,4952 3492,4952 3537,4952 3582,4952 3627,4955 3671,4958 3716,4955 3761,4955 3806,4958 3850,4955 3895,4958 3940,4955 3985,4958 3994,4961"/>
               <TextEquiv>
                  <Unicode>braucht, wenn nur das Richtige geschieht, um diese</Unicode>
               </TextEquiv>
            </TextLine>
            <TextLine id="r_4_tl_14" custom="readingOrder {index:13;}">
               <Coords points="3070,5013 3159,4987 3210,5000 3241,4984 3284,5001 3335,4991 3408,5003 3429,4996 3429,4970 3107,4955 3069,4970"/>
               <Baseline points="3075,4986 3080,4985 3125,4982 3170,4982 3215,4982 3259,4982 3304,4985 3349,4985 3394,4985 3430,4988"/>
               <TextEquiv>
                  <Unicode>Uebel zu bekämpfen.\:p\</Unicode>
               </TextEquiv>
            </TextLine>
            <TextLine id="r_4_tl_16" custom="readingOrder {index:14;}">
               <Coords points="3128,5022 3995,5032 3975,4973 3556,5011 3128,4997"/>
               <Baseline points="3134,5018 3179,5018 3224,5021 3268,5018 3313,5018 3358,5021 3403,5018 3447,5021 3492,5021 3537,5021 3582,5021 3627,5021 3671,5021 3716,5024 3761,5024 3806,5024 3850,5024 3895,5024 3940,5027 3985,5027 3997,5030"/>
               <TextEquiv>
                  <Unicode>\p\Diese jungen Leute sind, natürlich, die überzeugten</Unicode>
               </TextEquiv>
            </TextLine>
            <TextLine id="r_4_tl_15" custom="readingOrder {index:15;}">
               <Coords points="3069,5057 3992,5074 3977,5033 3069,5033"/>
               <Baseline points="3075,5042 3086,5053 3131,5051 3176,5051 3221,5053 3265,5053 3310,5053 3355,5053 3400,5053 3444,5053 3489,5053 3534,5056 3579,5056 3624,5056 3668,5056 3713,5056 3758,5056 3803,5059 3847,5059 3892,5059 3937,5059 3982,5059 3994,5062"/>
               <TextEquiv>
                  <Unicode>Anhänger des Präsidenten Roosevelt und seines großen</Unicode>
               </TextEquiv>
            </TextLine>
            <TextLine id="r_4_tl_17" custom="readingOrder {index:16;}">
               <Coords points="3069,5096 3991,5110 3983,5069 3069,5072"/>
               <Baseline points="3075,5080 3086,5089 3131,5086 3176,5086 3221,5086 3265,5086 3310,5089 3355,5086 3400,5089 3444,5089 3489,5089 3534,5092 3579,5089 3624,5092 3668,5092 3713,5092 3758,5092 3803,5092 3847,5095 3892,5095 3937,5095 3982,5095 3994,5098"/>
               <TextEquiv>
                  <Unicode>Programmes, welches die gesamte Wirtschaft in USA.</Unicode>
               </TextEquiv>
            </TextLine>
            <TextLine id="r_4_tl_18" custom="readingOrder {index:17;}">
               <Coords points="3070,5133 3991,5139 3971,5104 3069,5097"/>
               <Baseline points="3075,5113 3080,5119 3125,5119 3170,5119 3215,5119 3259,5122 3304,5122 3349,5125 3394,5122 3438,5125 3483,5125 3528,5125 3573,5125 3618,5128 3662,5128 3707,5128 3752,5128 3797,5128 3841,5128 3886,5128 3931,5128 3976,5128 3994,5131"/>
               <TextEquiv>
                  <Unicode>auf dem Wege einer gemäßigten staatlichen Kontrolle</Unicode>
               </TextEquiv>
            </TextLine>
            <TextLine id="r_4_tl_19" custom="readingOrder {index:18;}">
               <Coords points="3069,5167 3991,5177 3982,5136 3069,5134"/>
               <Baseline points="3075,5145 3089,5158 3134,5155 3179,5155 3224,5155 3268,5155 3313,5158 3358,5155 3403,5158 3447,5161 3492,5158 3537,5161 3582,5161 3627,5161 3671,5161 3716,5161 3761,5161 3806,5164 3850,5164 3895,5164 3940,5164 3985,5167 3994,5167"/>
               <TextEquiv>
                  <Unicode>organisieren will sie sind "New Dealers". Sie selbst</Unicode>
               </TextEquiv>
            </TextLine>
            <TextLine id="r_4_tl_20" custom="readingOrder {index:19;}">
               <Coords points="3069,5209 3994,5212 3994,5178 3904,5168 3069,5176"/>
               <Baseline points="3075,5185 3080,5191 3125,5188 3170,5188 3215,5191 3259,5191 3304,5191 3349,5194 3394,5194 3438,5194 3483,5194 3528,5194 3573,5194 3618,5197 3662,5197 3707,5197 3752,5197 3797,5197 3841,5197 3886,5197 3931,5200 3976,5197 3997,5203"/>
               <TextEquiv>
                  <Unicode>nennen sich Pessimisten, weil ihrer Ansicht nach der</Unicode>
               </TextEquiv>
            </TextLine>
            <TextLine id="r_4_tl_22" custom="readingOrder {index:20;}">
               <Coords points="3070,5230 3994,5244 3992,5213 3919,5204 3069,5203"/>
               <Baseline points="3075,5213 3089,5227 3134,5224 3179,5224 3224,5227 3268,5227 3313,5227 3358,5227 3403,5227 3447,5227 3492,5227 3537,5227 3582,5230 3627,5230 3671,5233 3716,5230 3761,5233 3806,5233 3850,5233 3895,5233 3940,5233 3985,5236 3997,5239"/>
               <TextEquiv>
                  <Unicode>amerikanische Optimismus heute zu einem "Laisser</Unicode>
               </TextEquiv>
            </TextLine>
            <TextLine id="r_4_tl_21" custom="readingOrder {index:21;}">
               <Coords points="3070,5270 3991,5277 3990,5244 3853,5234 3069,5236"/>
               <Baseline points="3075,5254 3086,5259 3131,5259 3176,5262 3221,5262 3265,5262 3310,5259 3355,5259 3400,5262 3444,5262 3489,5262 3534,5265 3579,5262 3624,5265 3668,5265 3713,5265 3758,5265 3803,5265 3847,5268 3892,5265 3937,5268 3982,5268 3994,5271"/>
               <TextEquiv>
                  <Unicode>faire", zu einer Gleichgültigkeit verführt, die Amerika</Unicode>
               </TextEquiv>
            </TextLine>
            <TextLine id="r_4_tl_23" custom="readingOrder {index:22;}">
               <Coords points="3070,5310 3991,5316 3990,5277 3069,5270"/>
               <Baseline points="3075,5285 3089,5295 3134,5292 3179,5292 3224,5295 3268,5295 3313,5295 3358,5295 3403,5295 3447,5298 3492,5295 3537,5298 3582,5298 3627,5301 3671,5301 3716,5301 3761,5301 3806,5301 3850,5301 3895,5301 3940,5301 3985,5304 3994,5304"/>
               <TextEquiv>
                  <Unicode>sich nicht mehr leisten kann, die außerdem die aktivern</Unicode>
               </TextEquiv>
            </TextLine>
            <TextLine id="r_4_tl_24" custom="readingOrder {index:23;}">
               <Coords points="3069,5343 3991,5346 3969,5308 3856,5304 3069,5314"/>
               <Baseline points="3075,5334 3086,5331 3131,5328 3176,5328 3221,5331 3265,5328 3310,5331 3355,5331 3400,5331 3444,5331 3489,5331 3534,5331 3579,5334 3624,5334 3668,5334 3713,5334 3758,5334 3803,5337 3847,5337 3892,5337 3937,5337 3982,5340 3994,5340"/>
               <TextEquiv>
                  <Unicode>Kräfte privaten Egoismus' stark werden läßt, bis die</Unicode>
               </TextEquiv>
            </TextLine>
            <TextLine id="r_4_tl_25" custom="readingOrder {index:24;}">
               <Coords points="3086,5371 3991,5382 3990,5346 3926,5342 3086,5339"/>
               <Baseline points="3092,5364 3137,5364 3182,5364 3227,5364 3271,5364 3316,5364 3361,5364 3406,5364 3450,5367 3495,5367 3540,5367 3585,5370 3630,5367 3674,5370 3719,5370 3764,5370 3809,5370 3853,5373 3898,5373 3943,5373 3988,5376 3994,5373"/>
               <TextEquiv>
                  <Unicode>Optimisten von heute ihnen eines Tages ausgeliefert</Unicode>
               </TextEquiv>
            </TextLine>
            <TextLine id="r_4_tl_26" custom="readingOrder {index:25;}">
               <Coords points="3069,5408 3985,5416 3964,5380 3069,5371"/>
               <Baseline points="3075,5404 3083,5400 3128,5400 3173,5397 3218,5397 3262,5400 3307,5400 3352,5400 3397,5400 3441,5400 3486,5400 3531,5403 3576,5403 3621,5403 3665,5403 3710,5403 3755,5406 3800,5406 3844,5406 3889,5406 3934,5406 3979,5409 3988,5406"/>
               <TextEquiv>
                  <Unicode>sind, – und dann bleibt nichts mehr übrig als ein</Unicode>
               </TextEquiv>
            </TextLine>
            <TextLine id="r_4_tl_28" custom="readingOrder {index:26;}">
               <Coords points="3086,5443 3985,5452 3984,5417 3935,5409 3085,5408"/>
               <Baseline points="3092,5436 3137,5433 3182,5433 3227,5433 3271,5436 3316,5433 3361,5433 3406,5436 3450,5436 3495,5436 3540,5436 3585,5436 3630,5439 3674,5439 3719,5439 3764,5439 3809,5439 3853,5439 3898,5442 3943,5442 3988,5445"/>
               <TextEquiv>
                  <Unicode>Fatalismus, der die chaotische Katastrophe wie ein</Unicode>
               </TextEquiv>
            </TextLine>
            <TextLine id="r_4_tl_27" custom="readingOrder {index:27;}">
               <Coords points="3069,5480 3984,5505 3991,5451 3067,5432"/>
               <Baseline points="3075,5463 3086,5468 3131,5465 3176,5468 3221,5468 3265,5468 3310,5468 3355,5468 3400,5468 3444,5471 3489,5471 3534,5471 3579,5474 3624,5471 3668,5474 3713,5474 3758,5474 3803,5474 3847,5474 3892,5477 3937,5477 3982,5477 3994,5480"/>
               <TextEquiv>
                  <Unicode>Naturereignis erleidet, – wir kennen ihn aus Europa</Unicode>
               </TextEquiv>
            </TextLine>
            <TextLine id="r_4_tl_29" custom="readingOrder {index:28;}">
               <Coords points="3070,5513 3114,5520 3152,5507 3210,5522 3236,5510 3314,5509 3346,5521 3367,5514 3366,5481 3319,5473 3246,5486 3178,5476 3122,5485 3100,5473 3069,5481"/>
               <Baseline points="3075,5499 3083,5504 3128,5501 3173,5501 3218,5501 3262,5504 3307,5504 3352,5504 3370,5507"/>
               <TextEquiv>
                  <Unicode>nur allzu genau.\:p\</Unicode>
               </TextEquiv>
            </TextLine>
            <TextLine id="r_4_tl_31" custom="readingOrder {index:29;}">
               <Coords points="3121,5542 3988,5557 3978,5507 3643,5501 3554,5533 3121,5514"/>
               <Baseline points="3128,5537 3173,5537 3218,5540 3262,5543 3307,5543 3352,5540 3397,5540 3441,5543 3486,5540 3531,5543 3576,5540 3621,5543 3665,5543 3710,5543 3755,5543 3800,5546 3844,5546 3889,5546 3934,5546 3979,5549 3991,5549"/>
               <TextEquiv>
                  <Unicode>\p\"It can’t happen here", – "Das ist bei uns nicht</Unicode>
               </TextEquiv>
            </TextLine>
            <TextLine id="r_4_tl_30" custom="readingOrder {index:30;}">
               <Coords points="3069,5580 3991,5589 3952,5555 3069,5548"/>
               <Baseline points="3075,5573 3119,5573 3164,5570 3209,5573 3253,5570 3298,5573 3343,5573 3388,5576 3433,5576 3477,5576 3522,5576 3567,5576 3612,5579 3656,5579 3701,5579 3746,5579 3791,5579 3836,5579 3880,5582 3925,5582 3970,5579 3994,5582"/>
               <TextEquiv>
                  <Unicode>möglich", – der Titel des neuen Romans von Sin¬</Unicode>
               </TextEquiv>
            </TextLine>
            <TextLine id="r_4_tl_32" custom="readingOrder {index:31;}">
               <Coords points="3069,5615 3991,5629 3991,5594 3914,5585 3069,5591"/>
               <Baseline points="3075,5600 3089,5606 3134,5606 3179,5606 3224,5606 3268,5606 3313,5606 3358,5609 3403,5609 3447,5609 3492,5609 3537,5612 3582,5612 3627,5615 3671,5612 3716,5615 3761,5615 3806,5615 3850,5615 3895,5615 3940,5615 3985,5618 3994,5621"/>
               <TextEquiv>
                  <Unicode>clair Lewis formuliert treffend eben jene optimistische</Unicode>
               </TextEquiv>
            </TextLine>
            <TextLine id="r_4_tl_33" custom="readingOrder {index:32;}">
               <Coords points="3069,5650 3985,5662 3984,5627 3923,5623 3069,5619"/>
               <Baseline points="3075,5638 3086,5642 3131,5642 3176,5642 3221,5642 3265,5645 3310,5642 3355,5642 3400,5645 3444,5645 3489,5645 3534,5648 3579,5648 3624,5648 3668,5651 3713,5651 3758,5651 3803,5651 3847,5651 3892,5654 3937,5654 3982,5654 3988,5657"/>
               <TextEquiv>
                  <Unicode>Einstellung, welche von den "New Dealers" so bitter</Unicode>
               </TextEquiv>
            </TextLine>
            <TextLine id="r_4_tl_34" custom="readingOrder {index:33;}">
               <Coords points="3069,5689 3982,5703 3982,5662 3891,5656 3069,5650"/>
               <Baseline points="3075,5675 3080,5677 3125,5674 3170,5677 3215,5677 3259,5677 3304,5677 3349,5677 3394,5677 3438,5680 3483,5680 3528,5683 3573,5683 3618,5683 3662,5683 3707,5686 3752,5686 3797,5686 3841,5686 3886,5686 3931,5686 3976,5686 3985,5686"/>
               <TextEquiv>
                  <Unicode>bekämpft wird. Ein Mann, der einen verantwortungs¬</Unicode>
               </TextEquiv>
            </TextLine>
            <TextLine id="r_4_tl_35" custom="readingOrder {index:34;}">
               <Coords points="3069,5721 3985,5734 3985,5703 3848,5692 3069,5689"/>
               <Baseline points="3075,5707 3083,5710 3128,5710 3173,5710 3218,5710 3262,5710 3307,5713 3352,5713 3397,5713 3441,5716 3486,5716 3531,5716 3576,5716 3621,5719 3665,5719 3710,5719 3755,5719 3800,5719 3844,5722 3889,5722 3934,5722 3979,5722 3988,5725"/>
               <TextEquiv>
                  <Unicode>vollen Posten in den Bureaux des "New Deal" be¬</Unicode>
               </TextEquiv>
            </TextLine>
            <TextLine id="r_4_tl_36" custom="readingOrder {index:35;}">
               <Coords points="3069,5748 3934,5775 3994,5740 3067,5720"/>
               <Baseline points="3075,5744 3080,5746 3125,5746 3170,5746 3215,5746 3259,5746 3304,5746 3349,5746 3394,5752 3438,5749 3483,5749 3528,5752 3573,5752 3618,5752 3662,5752 3707,5752 3752,5755 3797,5755 3841,5755 3886,5755 3931,5758 3976,5758 3997,5758"/>
               <TextEquiv>
                  <Unicode>kleidet, sagte mir: "Wir werden unsere besten jungen</Unicode>
               </TextEquiv>
            </TextLine>
            <TextLine id="r_4_tl_37" custom="readingOrder {index:36;}">
               <Coords points="3069,5798 3985,5811 3985,5767 3067,5749"/>
               <Baseline points="3075,5778 3086,5782 3131,5782 3176,5782 3221,5782 3265,5782 3310,5782 3355,5782 3400,5785 3444,5785 3489,5788 3534,5788 3579,5788 3624,5788 3668,5788 3713,5788 3758,5791 3803,5794 3847,5791 3892,5791 3937,5791 3982,5791 3988,5788"/>
               <TextEquiv>
                  <Unicode>Leute zu Pessimisten erziehen, damit wir sie als Kämp¬</Unicode>
               </TextEquiv>
            </TextLine>
            <TextLine id="r_4_tl_38" custom="readingOrder {index:37;}">
               <Coords points="3069,5827 3692,5830 3692,5798 3667,5796 3069,5798"/>
               <Baseline points="3075,5821 3113,5818 3158,5815 3203,5815 3247,5815 3292,5815 3337,5818 3382,5818 3427,5821 3471,5821 3516,5821 3561,5824 3606,5824 3650,5824 3695,5815"/>
               <TextEquiv>
                  <Unicode>fer gewinnen, bevor es zu spät ist."\:p\</Unicode>
               </TextEquiv>
            </TextLine>
            <TextLine id="r_4_tl_40" custom="readingOrder {index:38;}">
               <Coords points="3121,5854 3985,5879 3984,5841 3934,5824 3121,5823"/>
               <Baseline points="3128,5851 3173,5848 3218,5848 3262,5848 3307,5851 3352,5854 3397,5851 3441,5854 3486,5854 3531,5857 3576,5857 3621,5857 3665,5857 3710,5857 3755,5860 3800,5860 3844,5860 3889,5860 3934,5860 3979,5862 3988,5865"/>
               <TextEquiv>
                  <Unicode>\p\Ich habe seither nie mehr verlauten lassen, wie</Unicode>
               </TextEquiv>
            </TextLine>
            <TextLine id="r_4_tl_39" custom="readingOrder {index:39;}">
               <Coords points="3069,5895 3982,5903 3960,5869 3069,5867"/>
               <Baseline points="3075,5883 3119,5883 3164,5883 3209,5883 3253,5883 3298,5883 3343,5886 3388,5886 3433,5889 3477,5889 3522,5889 3567,5889 3612,5892 3656,5892 3701,5892 3746,5892 3791,5892 3836,5895 3880,5895 3925,5895 3970,5895 3985,5895"/>
               <TextEquiv>
                  <Unicode>optimistisch mich dieser aktive Pessimismus eines end¬</Unicode>
               </TextEquiv>
            </TextLine>
            <TextLine id="r_4_tl_41" custom="readingOrder {index:40;}">
               <Coords points="3069,5929 3983,5936 3913,5898 3069,5895"/>
               <Baseline points="3075,5918 3077,5919 3122,5916 3167,5916 3212,5916 3256,5919 3301,5919 3346,5919 3391,5922 3436,5922 3480,5922 3525,5925 3570,5925 3615,5925 3659,5928 3704,5928 3749,5928 3794,5928 3839,5928 3883,5928 3928,5928 3973,5928 3985,5928"/>
               <TextEquiv>
                  <Unicode>lich zum Verantwortungsbewußtsein erwachten Ame¬</Unicode>
               </TextEquiv>
            </TextLine>
            <TextLine id="r_4_tl_42" custom="readingOrder {index:41;}">
               <Coords points="3069,5965 3946,5983 3988,5980 3988,5936 3067,5930"/>
               <Baseline points="3075,5955 3119,5952 3164,5955 3209,5955 3253,5952 3298,5955 3343,5955 3388,5958 3433,5958 3477,5958 3522,5961 3567,5961 3612,5961 3656,5961 3701,5964 3746,5964 3791,5964 3836,5967 3880,5964 3925,5967 3970,5967 3991,5967"/>
               <TextEquiv>
                  <Unicode>rika stimmte. Er unterscheidet sich aber so gründlich</Unicode>
               </TextEquiv>
            </TextLine>
            <TextLine id="r_4_tl_44" custom="readingOrder {index:42;}">
               <Coords points="3069,5996 3983,6013 3982,5981 3832,5966 3069,5965"/>
               <Baseline points="3075,5988 3083,5988 3128,5988 3173,5991 3218,5991 3262,5988 3307,5991 3352,5991 3397,5994 3441,5994 3486,5994 3531,5994 3576,5994 3621,5997 3665,5997 3710,5997 3755,6000 3800,6000 3844,6000 3889,6000 3934,6000 3979,6003 3985,6003"/>
               <TextEquiv>
                  <Unicode>vom "heroischen Pessimismus" Spenglers, daß man</Unicode>
               </TextEquiv>
            </TextLine>
            <TextLine id="r_4_tl_43" custom="readingOrder {index:43;}">
               <Coords points="3069,6032 3987,6052 3966,6010 3069,5999"/>
               <Baseline points="3075,6024 3119,6024 3164,6024 3209,6024 3253,6024 3298,6027 3343,6027 3388,6027 3433,6030 3477,6030 3522,6030 3567,6030 3612,6033 3656,6033 3701,6033 3746,6033 3791,6036 3836,6036 3880,6036 3925,6039 3970,6039 3988,6036"/>
               <TextEquiv>
                  <Unicode>darin einen neuen amerikanischen Optimismus ent¬</Unicode>
               </TextEquiv>
            </TextLine>
            <TextLine id="r_4_tl_45" custom="readingOrder {index:44;}">
               <Coords points="3070,6087 3116,6072 3272,6087 3347,6071 3372,6078 3370,6046 3354,6042 3314,6049 3276,6032 3232,6041 3183,6030 3149,6039 3114,6031 3099,6041 3067,6032"/>
               <Baseline points="3075,6061 3101,6060 3146,6057 3191,6060 3235,6060 3280,6063 3325,6068 3370,6071 3373,6071"/>
               <TextEquiv>
                  <Unicode>decken könnte ...\:p\</Unicode>
               </TextEquiv>
            </TextLine>
            <TextEquiv>
               <Unicode/>
            </TextEquiv>
         </TextRegion>
      </Page>
   </PcGts>
</validation-wrapper>
