4294 7135
558 4429 1009 4510 Künstler und Staat
368 4500 1203 4564 Von Dr. Annemarie \g\Clark-Schwarzenbach\:g\
382 4546 1233 4608 \p\Vor einigen Jahren, als in den \g\Vereinigten
333 4588 1233 4639 Staaten\:g\ der Kampf um soziale Rechte, um Arbeits¬
327 4630 1233 4684 losenunterstützung und Altersversicherung, um das
327 4668 1234 4710 Recht auf Arbeit und das Recht, sich in Gewerkschaften
327 4708 1233 4753 zu organisieren, ein besonders heftiges Stadium er¬
322 4736 1233 4776 reicht hatte, kamen die amerikanischen Künstler auf den
332 4772 1233 4820 Gedanken, an diesem Kampf teilzunehmen. Sie stellten
322 4806 1233 4855 zuerst Betrachtungen darüber an, ob der Künstler in
320 4838 1223 4891 der menschlichen Gesellschaft eine soziale Funktion habe,
325 4874 1228 4921 und erinnerten sich, daß es Schriftsteller waren, die den
325 4908 1233 4956 Ideen der Französischen Revolution den Weg geebnet
327 4937 1220 4991 haben – daß die russische Revolution von großen Dich¬
320 4976 1233 5026 tern wie Dostojewski und Tolstoi vorweggenommen
322 5014 1233 5061 wurde –, und daß der deutsche Nationalsozialismus
325 5039 1233 5091 die geistigen Kräfte von Nietzsche und Stefan George,
322 5078 1233 5129 Oswald Spengler, Rudolf Jung und Hans Grimm
331 5109 1233 5159 für sich in Anspruch nimmt. Sie kamen ferner zu der
325 5146 1233 5192 Erkenntnis, daß Thomas Mann den Niedergang des
326 5174 1233 5234 deutschen Bürgertums in den "Buddenbrooks" voraus¬
320 5210 1233 5270 gesagt, und Gottfried Benn die Apokalypse des zivili¬
322 5248 1233 5295 sierten Menschen in seinen Hymnen schon besungen
327 5283 1233 5330 habe. Dann dachten die jungen Künstler Amerikas
322 5314 1233 5372 daran, daß Schriftsteller, Maler und Intellektuelle doch
324 5351 1223 5406 immer gewissermaßen die geistige, aber auch revolu¬
325 5387 1233 5437 tionäre, vorurteilslose Elite einer Nation sind – sie
325 5421 1234 5466 waren in Spanien die Gegner der Inquisition, in
320 5458 1229 5509 Italien die Verkünder der Renaissance, in Deutschland
317 5492 1220 5547 die Vertreter des Humanismus, und sie sind im heu¬
324 5527 1221 5575 tigen Amerika die Gegner des Ku Klux Klan, der feu¬
322 5559 1233 5612 dalen ländlichen und industriellen Rechte der Be¬
325 5592 1234 5647 sitzenden, die Gegner der Lynchjustiz, des Rassenhasses,
325 5623 1234 5676 der Hexenverbrennung –, sie sind, mit einem Wort,
324 5657 638 5706 soziale Vorkämpfer.\:p\
369 5695 1233 5748 \p\In Mexiko hatten gerade junge, hochbegabte, "revo¬
317 5722 1233 5783 lutionäre" Künstler eine Art von sensationeller Ent¬
322 5763 1234 5817 deckung gemacht: statt auf ein Stück Leinwand ein
322 5796 1233 5844 Bild zu malen, das dann bestenfalls auf kurze Zeit in
322 5838 1233 5880 einer Kunstgalerie dem Publikum zugänglich ist, bis
325 5865 1234 5912 sich die Hoffnung des Künstlers erfüllt, und sein Werk
320 5900 1233 5961 von einem reichen Mann gekauft, in seinem Wohn¬
325 5940 1182 5990 zimmer über dem Kaminsims aufgehängt wird, –
320 5971 1233 6024 fingen sie an, Wände zu bemalen. Bald wurden sie
322 6006 1233 6046 von der Regierung beauftragt, die Wände von Schul¬
315 6031 1233 6092 häusern, Postämter und anderen öffentlichen Gebäuden
1257 4421 2163 4481 auszumalen. Und so wurde ihre Kunst zu einer so¬
1263 4468 2163 4517 zialen Kunst. Un[d] da die meisten der mexikanischen
1264 4502 2163 4547 Freskenmaler den Linksparteien des Landes angehör¬
1258 4542 2163 4580 ten, vergaß man ganz, daß sie nicht nur "Revolutio¬
1256 4575 2165 4613 näre" waren, sondern daß ihre spezifische Kunst sich
1257 4613 2158 4650 aus tiefen und besonderen Quellen nährte, – zum Bei¬
1255 4637 2163 4689 spiel aus dem uralten, von spanischen Guerillas, Re¬
1255 4675 2163 4718 volten ehrgeiziger Generale, Erschießungen und Strei¬
1255 4710 2163 4752 ten über Oelquellen völlig vergessenen Instinkten
1255 4744 2163 4786 und Begabungen der mexikanischen Indianer, die man
1254 4775 2163 4822 aber trotz allem in der zeichnerischen Begabung eines
1252 4817 2162 4865 Dorfschülers, in den unverständlichen Träumereien
1264 4848 2056 4891 eines Plantagenbesitzers, wiederentdecken kann.\:p\
1307 4881 2163 4930 \p\Die Amerikaner entdeckten Diego di Rivera und
1250 4914 2165 4964 die Wandmalerei. Präsident Roosevelt, allen Ideen
1251 4950 2163 4996 und Experimenten offen, ließ sogleich die Verwal¬
1251 4991 2163 5035 tungsgebäude von Washington, und vor allem die
1250 5020 2163 5065 Postämter und Markthallen der Vereinigten Staaten,
1249 5067 2163 5097 mit Fresken bedecken. Nicht genug damit, – die Maler
1250 5088 2153 5136 wurden dazu ermutigt, sich in "kollektiven Arbeits¬
1250 5125 2165 5169 gemeinschaften" zusammenzuschließen und gemeinsam
1248 5163 2163 5211 zu malen. Negerkünstler und Weiße arbeiteten zu¬
1248 5195 2163 5244 sammen. Da es einige hochbegabte Negermaler gibt,
1248 5231 2163 5263 die bisher Mühe hatten, ihre Bilder auch nur aus¬
1248 5254 2165 5304 stellen zu dürfen, war diese Tatsache eher erfreulich.
1247 5301 2158 5342 Und es war auch erfreulich, daß nun das amerikanische
1245 5338 2162 5381 Volk nur durch seine Markthallen zu gehen, nur das
1264 5361 2163 5415 Postamt zu betreten braucht, um mit Schönheit gesättigt,
1245 5408 2165 5455 gewissermaßen am geistigen Gut Amerikas mitbetei¬
1243 5429 1511 5487 ligt zu werden.\:p\
1307 5442 2165 5519 \p\Inzwischen waren die Schriftsteller nicht müßig.
1264 5496 2165 5544 Ich kann es mir vorstellen, wie die neugegründeten
1262 5540 2163 5586 Komitees – (dazu braucht es ja nur zwei Leute) – an
1243 5571 2163 5616 die Wohnungstüren der Dichter klopften und einen
1243 5613 2155 5647 jeden aufforderten, dem Komitee beizutreten, – wie
1243 5644 2163 5686 sie einem jeden ins Gewissen redeten, ihm seine soziale
1252 5670 2163 5724 Aufgabe, seinen Vorrang und seine Verpflichtung so
1242 5724 2162 5760 richtig klarmachten, bis er schließlich seinen Beitrag
1241 5746 2163 5788 zahlte und seine Unterschrift gab. Mochte das gerade
1241 5794 2163 5822 an jenem Tag, gerade in jener Stunde endlich be¬
1238 5813 2165 5862 gonnene Kapitel inzwischen warten! – Denn es ging
1238 5840 2165 5896 um anderes und Größeres, – der junge Dichter mußte
1238 5887 2163 5924 zuerst einmal begreifen, daß er eine soziale Funktion
1237 5908 2163 5968 hatte, – schrieb er nicht gerade über seine Heimat,
1252 5944 2120 5990 irgendeinen Staat des amerikanischen Südens, –
1237 5986 2163 6028 Kindheitserinnerungen an die Plantagenfelder, wo die
1236 6028 2163 6072 Neger von Maisbrot und Schweinefett leben, ihre
1236 6056 2163 6105 Baumwolle nicht mehr verkaufen können, und dem Plan¬
2181 4434 3114 4484 tagenbesitzer auf Gnade und Ungnade ausgeliefert
2181 4483 3114 4518 sind? Wird, dort in Georgia und Alabama, nicht heute
2181 4513 3114 4557 noch mit Bluthunden auf flüchtige, verschuldete Neger
2181 4549 2947 4592 gehetzt wie früher auf entlaufene Sklaven?\:p\
2244 4580 3115 4624 \p\Nicht als ob der junge, in seiner Arbeit gestörte
2205 4615 3114 4652 Dichter dies leugnen wollte. Er weiß sogar mehr dar¬
2181 4653 3114 4694 über, als der Vorsitzende der Schriftsteller-Gewerkschaft,
2181 4690 3114 4733 der ihn soeben zur Rede stellt, denn er ist in Alabama,
2181 4710 3114 4776 in der Hütte eines zufällig weißen Baumwollpflückers,
2181 4760 3114 4795 geboren, und hat als Knabe nur Maisbrot und
2181 4792 3115 4837 Schweinefett zu essen bekommen, nicht einmal eine
2181 4825 3114 4881 Schule durfte er besuchen, und hat, was er heute weiß
2214 4865 3114 4908 – es ist wenig genug – in Abendschulen in New York
2181 4900 3114 4941 nachgelernt. Er unterschreibt. Denn zweifellos sind die
2181 4933 3114 4980 Statuten der neu organisierten Schriftsteller richtig,
2181 4961 3114 5019 zweifellos ist ein Schriftsteller ein sozialer Arbeiter,
2181 4997 3114 5048 zweifellos wurden seine Rechte bisher mangelhaft ge¬
2180 5043 3113 5083 schützt, und er lebte sehr oft von der Wohltätigkeit der
2181 5075 3114 5111 menschlichen Gesellschaft – von einem reichen Mann
2194 5103 3114 5154 etwa, der sich für sein Talent interessierte, nicht viel
2181 5139 3114 5178 anders als er sich für seine Jagdhunde oder für seine
2181 5176 3098 5217 Kakteensammlung interessiert – oder einen aus dem
2181 5211 3095 5247 vom Bürgerkrieg zerrütteten Spanien durch die Ge¬
2181 5244 3114 5281 schicklichkeit eines Kunsthändlers nach Amerika geschmug¬
2181 5273 2442 5321 gelten Picasso.\:p\
2238 5310 3114 5346 \p\Aber im Grunde genommen, zeichnet er ohne viel
2180 5346 3114 5392 Ueberlegung, nämlich nur, damit dieser fremde Mensch
2181 5374 3114 5418 sein Zimmer verläßt und ihn nicht mehr bei der Arbeit
2181 5417 3114 5457 stört. Er beugt sich, nachdem die Türe ins Schloß fiel,
2188 5444 3114 5492 wieder über seine Maschine. Er hält sich die Ohren zu,
2181 5477 3114 5519 schiebt die Karte weg, die Mitgliedskarte der Gewerk¬
2181 5520 3115 5561 schaft, der er nun angehört. Und er möchte schreien ...,
2181 5548 3114 5592 denn der Fremde hat ihn doch gestört, es ist nicht
2181 5583 2519 5628 wiedergutzumachen.\:p\
2232 5616 3115 5661 \p\Natürlich wird jeder vernünftige Mensch einwen¬
2181 5650 3092 5693 den: "Diese Störung, – es dauerte nur eine kleine
2181 5685 3114 5721 Stunde, und der junge Dichter wird ja nicht genau in
2181 5713 3114 5761 dieser Stunde sein Lebens- und Meisterwerk verfaßt
2181 5759 3114 5791 haben. Im übrigen muß er, immerhin, leben. Die
2181 5795 3114 5827 "Gewerkschaft", deren Mitgliedschaft er eben unterzeich¬
2180 5825 3090 5866 nete, wird ihn vielleicht eines baldigen Tages aus
2181 5862 3114 5897 ihren Beiträgen ernähren, oder wird einen Verlag ins
2181 5891 3114 5937 l[sic]eben rufen, der sein nächstes Buch druckt. Ganz ab¬
2181 5930 3115 5974 gesehen, übrigens, von ihm, – hat eine solche Organi¬
2189 5964 3115 6011 sation der Schriftsteller Amerikas nicht ihre Daseins¬
2180 5994 3113 6051 berechtigung?" – Es datiert von ziemlich lange her,
2181 6032 3114 6074 daß der Künstler (auch der Poet) gleichzeitig sozusagen
2181 6066 3114 6109 der Hofnarr des kunstfreundlichen, bezahlenden Fürsten
3135 4453 4045 4500 war. Tasso war ein Hofdichter. In den Vereinigten
3134 4484 4045 4535 Staaten fragen sich die Künstler einfach, warum man
3135 4521 4045 4563 es für selbstverständlich hielt, daß Leute ihres Standes
3136 4560 4046 4597 und Berufes hungern mußten, schlampig gekleidet
3134 4589 4040 4633 waren, und immer als Bohême, am Rande der bürger¬
3134 4625 4039 4673 lichen Gesellschaft lebten, – während sie doch, wie gesagt,
3133 4659 4043 4707 sozial eine wohl wichtigere Funktion hatten, auch mei¬
3134 4690 4037 4738 stens verantwortungsbewußter waren, als die Bonzen,
3133 4729 4038 4775 die Politiker, die Damen, die wohltätigen Komitees
3133 4761 4043 4806 vorstanden, die Wahlkandidaten (die sich selbstver¬
3133 4796 4048 4845 ständlich rechtzeitig mit genügend Bargeld versahen),
3133 4832 4036 4877 die zukünftigen Machthaber. Und ausgestattet mit so
3133 4866 4040 4910 logischen Argumenten, gründen also die "United artists
3132 4909 4039 4954 of America" eine Organisation. Bald darauf, – denn
3132 4936 4033 4979 sie sind erfolgreich, wird das "Project of Federal wri¬
3132 4972 4030 5013 ters" ins Leben gerufen. Die historische, unbestreit¬
3130 5003 4039 5053 bare, soziale Funktion des Dichters wird zum ersten¬
3130 5043 4034 5084 mal in einem Lande anerkannt. Arbeitslosenunter¬
3129 5071 4039 5119 stützung, Arbeitsbeschaffung, – warum sollen solche
3129 5107 4050 5150 Begriffe für den Künstler weniger gelten als für den
3129 5140 4001 5189 Baumwollpflücker und den Stahlarbeiter Amerikas?\:p\
3176 5180 4033 5219 \p\Inzwischen wurden auch schon Bücher veröffentlicht,
3128 5210 4037 5258 die unter dem "Federal Art Project" verfaßt wurden.
3129 5246 4036 5290 Eine junge Schriftstellerin, die ihre Begabung durch
3130 5280 4037 5325 irgendeine Novelle bewiesen hatte, erhielt zum Beispiel
3128 5314 4033 5364 den Auftrag, über Alaska eine Art von poetisch be¬
3129 5346 4037 5395 schwingtem Fremdenführer zu schreiben. Das Buch ist
3128 5386 4030 5428 ordentlich, komplett, brauchbar, – wenn auch kein Kri¬
3128 5418 4033 5459 tiker auf den Gedanken käme, es als ein Meisterwerk
3127 5448 4043 5501 in seiner Art zu bezeichnen. Was wissen wir auch
3127 5484 4030 5538 davon, ob die Verfasserin, ein noch ganz junges Mäd¬
3128 5521 3991 5568 chen, nicht davon geträumt hat, nach Tibet zu reisen,
3128 5555 4034 5602 wofür Alaska natürlich nur ein mangelhafter Ersatz
3128 5589 4034 5641 ist, überhaupt nur deshalb ein Ersatz, weil es, immer¬
3128 5620 3489 5663 hin, weit entfernt ist?\:p\
3176 5658 4034 5702 \p\Der Prozeß des Schreibens ist ein sehr heikler.
3127 5691 4030 5733 Sonst würden alle Menschen, die irgendwelche außer¬
3127 5729 4034 5773 gewöhnliche Erfahrungen hinter sich gebracht haben,
3127 5766 4034 5810 und jeder Mensch, der sein Teil an Lebensweisheit
3127 5790 3839 5841 erkannt hat, mindestens ein Buch schreiben.\:p\
3169 5834 4033 5888 \p\Ich möchte nur noch eine kleine Geschichte beifügen.
3126 5861 4033 5914 In Sowjetrußland, mindestens bis vor kurzer Zeit,
3126 5903 4033 5950 wurden die "Intellektuellen" besonders geehrt. Man
3126 5936 4033 5981 begriff, daß ein so großes und rückständiges Land
3125 5969 4033 6017 Künstler und Gelehrte nötig habe – und man förderte
3125 6003 4033 6049 das kulturelle Leben, von einer besonders vollständigen
3123 6038 4033 6091 Goethe-Ausgabe bis zu den Nachfolgern des kaiserlich¬
3125 6075 4033 6126 russischen Balletts. Die jungen Maler und die\fml\\:p\
268 4464 1179 4498 \fml\\p\Schriftsteller Sowjetrußlands hungerten nicht, man
264 4496 1179 4537 setzte ihnen Gehälter aus, ihre Bücher wurden fast
268 4530 1179 4572 widerspruchslos gedruckt. Der Dichter Maijewski, ein
268 4567 1179 4607 Lyriker, wurde von der Jugend Rußlands besonders
266 4602 1179 4640 geliebt, obwohl seine Lyrik weder mit der Zukunft
262 4637 1179 4673 Rußlands, noch mit Kolchosen, Industrieanlagen und
264 4669 1179 4711 Fallschirmrekorden irgend etwas zu tun hatte. Die Ge¬
268 4703 1179 4742 dichte, die ich von ihm kenne, sind Liebesgedichte und
262 4741 1179 4783 solche, die von einem Sommerabend, einem jungen
268 4775 1179 4813 Wind über sich neigenden Feldern handeln. Dieser von
268 4807 1179 4845 der russischen Jugend geliebte Dichter beging Selbst¬
271 4843 367 4892 mord.\:p\
