3851 5669
1148 658 3318 854 UNBEKANNTES AMERIKA
1132 887 3293 968 „Holzfäller, Bergarbeiter, Bauern – und ein Farmhaus in den Bergen von Tennessee"
1798 1000 2649 1073 VON ANNEMARIE CLARK SCHWARZENBACH
720 1110 1423 1186 \p\Während ein Neger in zerrissenen blauen Baum¬
674 1164 1426 1215 wollhosen die Scheibe meines Fordwagens reinigt
668 1207 1423 1245 und der Schlauch langsam den Benzinbehälter füllt,
674 1240 1428 1280 fährt eine Limousine in scharfem Bogen zur Tankstelle
668 1269 1423 1315 ein, prallt gegen die Stoßfänger meines Wagens, hält
666 1304 1420 1356 mit kreischenden Bremsen. Dröhnendes Gelächter, als
666 1348 1423 1396 der Neger erschrocken zur Seite springt, und aus der
668 1374 1423 1423 Limousine steigen fünf, sechs, sieben Burschen in
666 1415 1423 1458 städtischen Anzügen, die Hüte schief überm Ohr, die
666 1445 930 1496 Krawatten locker.\:p\
714 1455 1426 1523 \p\"He, Nigger!"  – sie schauen sich die Washington‐
668 1515 1423 1558 Nummer meines Wagens an – "kannst du uns nicht
666 1552 1423 1595 vor dieser Yankee‐Touristin bedienen? Wir haben es
666 1587 765 1633 eilig."\:p\
706 1598 1426 1663 \p\Noch bevor der Neger antworten kann, kommt der
663 1633 1423 1706 Besitzer der Tankstelle aus dem Büro, schiebt sich
668 1695 1423 1736 zwischen die betrunkenen Burschen und fragt: "lhr
660 1725 1426 1768 seid wohl aus Chattanooga? Willkommen in Mont¬
668 1760 1423 1806 eagle – kann ich etwas für euch tun?" Die höflichen
660 1787 1426 1838 Formeln stimmen nicht ganz mit dem ruhig‐drohenden
666 1827 1075 1881 Ton seiner Stimme überein.\:p\
706 1841 1423 1908 \p\Einer der Burschen tritt vor. "Wir sind von der
663 1886 1423 1943 'Amerikanischen Legion'", erklärt er herausfordernd,
660 1940 1426 1975 "und wir haben hier oben geschäftlich zu tun. Kann
663 1973 1423 2019 uns jemand sagen, wo die 'Highlander Folk School'
663 2002 1423 2046 ist?" Ich horche auf – die 'Hochländer Schule' bei
663 2040 1418 2083 Monteagle im Staate Tennessee ist mein heutiges Ziel,
660 2078 1420 2116 ich habe den Brief von der Liga für bürgerliche Frei¬
660 2107 1385 2151 heiten in der Tasche, der mich dort einführen soll.\:p\
706 2134 1420 2183 \p\"Was wollt ihr in der Schule?" – Als der Mann
660 2156 1418 2223 von der Tankstelle die Frage stellt, haben sich schon
660 2218 1426 2258 ein paar Leute von der Straße angesammelt und be¬
660 2253 1283 2288 obachten stumm zuwartend die Legionäre.\:p\
698 2288 1418 2334 \p\"Was wir dort zu tun haben, geht dich nichts an.
660 2318 1418 2369 Aber wenn du es wissen willst: Sie sind Rote und
652 2355 1423 2407 schaden dem Ansehen von Monteagle. Wir werden
663 2393 1420 2442 ein paar Revolver auf sie abschießen, um sie aus
660 2428 1423 2479 ihrem Nest zu treiben. Kann einer von euch uns den
663 2461 876 2509 Weg zeigen?"\:p\
703 2471 1423 2541 \p\"Sicher können wir das, wenn wir wollen" – der
652 2523 1420 2579 Mann, der ihnen jetzt antwortet, ist ein "Lumberjack",
660 2574 1420 2614 ein Holzfäller in blauem Overall und schmutzigem
663 2598 1420 2660 Wollsweater. "Aber wir würden euch nicht raten, hin¬
652 2625 865 2684 aufzugehen."\:p\
703 2649 1420 2717 \p\Der Legionär wirft sich in die Brust. "Du stimmst
655 2695 1423 2749 also mit den Kommunisten überein, wie?" fragt er,
655 2744 1167 2781 "ihr seid wohl alle rot hier oben?"\:p\
698 2757 1423 2816 \p\"Nein", antwortet der 'Lumberjack' – "wir sind
660 2805 1428 2854 keine Kommunisten. Und ob die Burschen von der
652 2846 1423 2889 Schule Kommunisten sind, weiß ich nicht. Ich weiß nur,
655 2884 1423 2921 daß sie nette Leute sind. Und ich rate euch davon ab,
655 2911 1423 2962 zur Schule hinaufzugehen. Ich rate euch ab, das ist
652 2946 757 2991 alles."\:p\
695 2956 1423 3024 \p\Der Legionär wendet sich wieder an den Besitzer
655 3013 1423 3067 der Tankstelle. "Was meinst du dazu?" fragt er, "wirst
649 3053 1032 3102 du mit uns hinaufgehen?"\:p\
695 3070 1423 3134 \p\Der Mann nickt gemütlich. "Sicher komme ich
649 3115 1423 3161 hinauf. Und mit mir diese Leute da und hundert an¬
652 3153 1426 3196 dere. Du kannst sicher sein, daß wir vor euch bei der
647 3191 1426 3231 Schule sind – und schießen können wir auch, wenn
647 3221 1426 3266 es nötig ist." – Die Männer hinter ihm brechen in
660 3258 1426 3301 Gelächter aus. Und selten habe ich sieben Leute so
647 3299 1426 3339 schnell in einer Limousine verschwinden sehen wie
649 3326 1423 3374 die Legionäre, die einen Augenblick später ihren
652 3366 1423 3409 Wagen kehren und in der Richtung nach Chattanooga
652 3396 852 3450 davonfahren.\:p\
701 3433 1426 3474 \p\"Sie waren betrunken", erklärt mir der Mann von
655 3460 1423 3509 der Tankstelle – und das bedeutet etwas im Staate
647 3501 1426 3544 Tennessee, wo Prohibition herrscht und nur leichtes
647 3539 1426 3584 Bier verkauft werden darf – "Legionäre sind meistens
647 3576 1426 3625 betrunken und suchen Händel, wo immer sie hin¬
649 3603 803 3654 kommen."\:p\
698 3617 1423 3679 \p\"Und wie ist es mit der 'Hochländer Schule'? Wür¬
647 3665 1426 3714 den Sie mir den Weg erklären?" – Bei einer Tasse
647 3708 1426 3749 Kaffee im Drugstore neben der Tankstelle erzählt mir
649 3743 1423 3789 der Mann, was er und die Leute von Monteagle über
647 3778 1426 3822 die Schule denken. "Ich glaube, man nennt es eine
647 3811 1426 3857 Arbeiterschule", sagt er – "einer der Lehrer, Myles
647 3851 1426 3892 Horton, ist gleichzeitig ein Organisator für ClO und
647 3886 1401 3929 ist jetzt sechs Monate unten im Süden für die Indu¬
647 3921 1412 3956 strieorganisation der Textilarbeiter tätig gewesen. Das
647 3954 1426 3994 ist keine leichte Aufgabe, und wer Angst vor Re¬
647 3983 1426 4029 volvern, Polizei und Gefängnis hat, soll lieber die
647 4018 1401 4059 Finger davonlassen. Aber Myles gehört nicht zu der
647 4056 1426 4096 Sorte von Leuten, die Angst haben. Ein anderer von
644 4086 1396 4137 den Lehrern ist Teffi. Eigentlich heißt er Tefferteller,
644 4129 1423 4172 und seine Stimme hört man zwei Meilen weit durch
641 4164 1423 4204 den Wald, wenn er zum Tanz ruft. Jeden Freitag haben
644 4196 1423 4237 sie den alten John Henry Jones oben in der Schule,
647 4231 1426 4274 den besten Fiedler der Gegend, und seinen Enkel,
649 4261 1423 4307 der Gitarre spielt. Und die Farmer und die Gruben¬
641 4299 1423 4342 arbeiter von Palmer und die Holzfäller und wir von
641 4331 1423 4371 der Stadt, wir gehen alle hin und tanzen 'Square¬
649 4369 1423 4412 dances'. Teffi ist der Ansager. Und er schwingt die
644 4404 1180 4449 Mädchen herum wie kein anderer!"\:p\
687 4422 1393 4479 \p\Dann erklärt er mir den Weg: links über das Bahn¬
644 4468 1423 4517 geleise, anderthalb Meilen durch den Wald bis zu
644 4503 1423 4546 einem kleinen Holzhaus mit der Aufschrift "Schule",
644 4538 1423 4584 dort links abbiegen. Etwa das vierte Haus an diesem
644 4576 1277 4617 Feldweg ist die "Highlander Folk School".\:p\
682 4603 1399 4646 \p\Die Erklärung ist exakt, aber es ist inzwischen Nacht
641 4638 1399 4687 geworden, Nebel liegt über den Hecken des Feld¬
644 4681 1401 4716 weges, die Häuser sind unsichtbar. Ich folge dem
644 4716 1396 4757 ersten Licht, gerate an die mit Moskitodraht vergit¬
644 4743 1396 4792 terte Türe einer Holzhütte, auf der "Terrasse" schwingt
641 4784 1401 4827 eine Hängebank an knarrenden Ketten friedlich auf
644 4819 1401 4862 und ab. Durch die Türe sieht man direkt in die einzige
641 4851 1401 4891 Stube des Häuschens, – und ich zögere, einzutreten:
647 4889 1426 4935 Beim Licht einer Petrollampe sitzt ein altes Ehepaar,
1442 1116 2207 1183 offenbar betend, die greisen Köpfe gesenkt über eine
1442 1167 2210 1224 aufgeschlagene Bibel. Als ich schließlich anklopfte, um
1442 1213 2207 1250 nach dem Weg zu fragen, springt der Alte eilig auf,
1442 1245 2207 1286 kommt zur Türe und weist mit der Hand nach rechts.\:p\
1490 1280 2207 1321 \p\"Sie sind unsere Nachbarn, die Leute von der
1450 1312 2207 1353 'Schule,"'[sic] erklärt er mir – "meine Tochter ist heute
1442 1350 2210 1396 abend dort und tanzt. Jawohl, sie sind gottlose Leute
1442 1377 1647 1431 und tanzen."\:p\
1490 1396 2207 1463 \p\"Wir haben auch getanzt, als wir jung waren",
1442 1447 2207 1507 murmelt die Greisin, die bei der Bibel sitzen geblieben
1465 1481 1511 1512 ist.\:p\
1490 1498 2207 1563 \p\Ich sehe mich im Raum um – ein Tisch, zwei
1442 1560 2207 1601 Schaukelstühle, ein großes eisernes Bett und ein läng¬
1442 1590 2207 1633 licher, gelb bemalter Gegenstand, den ich zuerst für
1442 1630 2207 1668 einen Sarg, dann für eine Badewanne halte. "Es ist
1442 1660 2207 1706 mein Sarg", erklärt der Alte, der meinem Blick ge¬
1442 1695 2207 1744 folgt ist – "ich habe ihn wasserdicht streichen lassen,
1442 1733 2207 1779 damit ich ihn in der Zwischenzeit als Badewanne be¬
1442 1760 1655 1808 nützen kann."\:p\
1493 1773 2207 1841 \p\Etwas verstört, verlasse ich das fromme Haus – und
1445 1819 2210 1876 finde endlich das alte Gartentor und das einfache
1442 1868 2207 1916 Farmhaus aus Holz mit seinen großen, hell erleuch¬
1442 1905 2156 1957 teten Fenstern – die "Highlander Folk School".\:p\
1482 1935 2207 1978 \p\Als ich das Wohnzimmer betrete, schlägt mir die
1442 1975 2207 2016 angenehme Wärme eines großen Kaminfeuers ent¬
1442 2008 2207 2056 gegen. Myles Horton raucht seine Pfeife. Ruby, eine
1415 2690 2207 2754 junge Soziologin, Lehrerin an einem der besten
1428 2744 2194 2789 Mädchen‐Colleges Amerikas, liest eine Arbeiterzei¬
1415 2784 2207 2827 tung und wühlt von Zeit zu Zeit leise stöhnend in
1412 2816 2207 2867 einem Stoß von politischen Wochenblättern, offiziellen
1415 2854 2207 2894 Gewerkschaftsorganen der "ClO", der "Vereinigten
1415 2878 2196 2929 Bergarbeiter", der "Southern Tenant Farmers Union"
1415 2919 2207 2964 – sie ist hier, um einem Sechs‐Wochen‐Kurs über die
1431 2959 2210 3005 amerikanische Arbeiterbewegung zu folgen, und tut
1415 2991 2207 3043 ihr Bestes, um sich dem Stil der Schule und dem
1415 3016 2207 3070 kameradschaftlich‐männlichen Ton ihrer neuen Um¬
1436 3062 2207 3107 gebung anzupassen. Ein wenig abseits, unbeschäftigt,
1415 3097 2207 3145 mit starren, übermüdeten, vom Feuer geblendeten
1415 3132 2207 3172 Augen, sitzt "Spright", ein Junge, dessen wahren Na¬
1415 3167 2207 3207 men ich nicht erfahren habe, und der nicht als Lehrer
1415 3199 2210 3250 oder Schüler hierhergekommen ist, sondern als Flücht¬
1415 3223 2207 3277 ling. Er war Kettensträfling wegen keines andern Ver¬
1415 3266 2207 3312 brechens, als weil er in Memphis die Industriearbeiter
1415 3307 2207 3350 organisierte. Die "ClO" kaufte ihn frei, aber er mußte
1415 3326 2183 3380 den Staat verlassen und kam in die "Highlander Folk
1415 3371 2207 3415 School", um in Sicherheit und in der Ruhe des ab¬
1436 3409 2207 3450 gelegenen Berglandes Kräfte zu sammeln und sich
1415 3439 2207 3485 darüber klar zu werden, ob er nach Memphis zurück¬
1415 3479 2207 3520 gehen wolle. "Man kennt ihn dort", erklärt mir Myles
1415 3512 2207 3557 in seiner ruhigen und freundlichen Art, "und er weiß
1415 3544 2207 3592 genau, daß er – falls er zurückgeht – seines Lebens
1415 3568 2207 3619 nicht sicher ist, und daß sein Körper eines Tages den
1428 3619 2207 3660 Mississippi hinabrollen wird ..." – Man läßt Spright
1415 3649 2207 3689 in Frieden – er schläft viel, geht im Herbstwald spa¬
1415 3681 2207 3730 zieren, melkt morgens und abends die einzige Kuh,
1415 3716 2207 3765 welche die Schule besitzt (ihr Name ist 'Hoboken'...)
1415 3749 2194 3792 – und verabschiedet sich eines Abends, im städtischen
1412 3789 2207 3827 Anzug, mit gepackter Handtasche. "Ich nehme den
1415 3811 2207 3865 Autobus nach Chattanooga", erklärt er einfach – "die
1415 3843 2207 3900 Gewerkschaft dort wird mir sagen, wohin ich zu gehen
1431 3892 1577 3943 habe ..."\:p\
1466 3900 2207 3972 \p\Neue Gäste kommen – und obwohl das eigent¬
1415 3962 2188 3999 liche "Semester" noch nicht begonnen hat, ist ein
1415 3999 2180 4034 Teil der Betten in Highlander Folk School immer be¬
1431 4032 2188 4069 setzt. Das alte Farmhaus scheint so etwas wie ein Zu¬
1415 4061 2188 4107 hause und sicherer Hafen für alle Verfolgten, alle
1428 4094 2188 4140 Lernbegierigen, alle aufrichtigen Freunde der Arbeiter¬
1415 4131 2207 4177 bewegung, aber auch für alle "Liberalen" zu sein, die
1415 4161 2207 4218 es ernst damit meinen, die Wahrheit erfahren zu
1415 4193 2180 4247 wollen. Ueber Wochenende kommen drei Mädchen,
1415 4234 2207 4280 alle drei Organisatorinnen für ClO, alle drei jung,
1415 4263 2188 4309 mutig und ihrer Verantwortung bewußt. Alle drei
1415 4304 2207 4347 waren natürlich Arbeiterinnen und kennen die Ver¬
1415 4336 2210 4382 hältnisse in den Textilfabriken, Baumwollspinnereien
1415 4379 2207 4409 und ‐webereien und Bekleidungsfabriken des ameri¬
1423 4409 2207 4455 kanischen Südens. Sie wissen, daß im Süden Kapital
1423 4444 2207 4490 investiert, Fabriken errichtet werden, weil die Löhne
1415 4476 2207 4525 niedrig sind und das Proletariat nicht organisiert ist.
1415 4514 2207 4549 Sie wissen, daß dies der Augenblick für das "gemeine
1415 4546 2207 4592 Volk" der Südstaaten ist, das in hoffnungsloser Armut
2221 1116 3013 1188 lebt, sei es in den Fabriken, sei es auf den Plantagen,
2221 1180 3013 1221 daß durch die Industrialisierung ein klassenbewußtes
2221 1213 3013 1250 Proletariat entstehen kann, daß es gilt, diese Massen
2221 1250 3013 1286 zu organisieren und die Organisation als Kampfmittel
2221 1286 3013 1326 gegen Rückständigkeit und Ausbeutung zu benützen.
2221 1321 2991 1356 Sie wissen aber auch, daß sie als Organisatoren der
2221 1348 3013 1393 gefürchteten Industriegewerkschaften von John L. Lewis
2223 1388 3010 1428 nichts anderes erwartet als Verfolgung, Gefängnis und
2221 1420 3016 1463 Lebensgefahr. – Mary, eines der Mädchen, die sich
2221 1450 3013 1496 über Sonntag in der Schule "ausschlafen", muß Mon¬
2223 1493 3010 1533 tagfrüh vor Gericht. Sie ist angeklagt, einen Polizisten,
2221 1520 3013 1568 der sie mit seinem Gummiknüttel prügelte, bis sie
2221 1560 3013 1606 ohnmächtig war, mit einer Rasierklinge "angegriffen"
2221 1598 3013 1636 zu haben. Mary ist ein kleines, stilles Mädchen, das
2221 1630 3013 1666 jeden Blick mit einem gütigen Lächeln erwidert. Aline,
2221 1663 3013 1714 ihre Freundin, die in der Verhandlung als Zeugin auf¬
2221 1701 2986 1744 treten soll, erklärt mir bitter: "Ich habe diese Kreuz¬
2221 1733 3013 1776 verhöre satt. Ich weiß, wie sie es handhaben. Sie
2221 1765 3013 1816 kaufen Zeugen. Und mich werden sie fragen: 'Können
2221 1806 3013 1843 Sie schwören, daß Mary D. keine Rasierklinge in ihrem
2221 1838 3013 1881 Schuh stecken hatte?' – Wenn ich dann antworte:
2218 1876 3013 1913 ' Ja, ich beschwöre es', dann sagen sie: 'Haben Sie sich
2226 1908 3010 1951 während der Prügelei auf der Strahe gebückt, um nach¬
2221 1943 3013 1986 zusehen, ob Ihre Freundin Mary eine Rasierklinge im
2221 1975 3013 2021 Schuh stecken hatte?' – Und wenn ich antworte: 'Be¬
2221 2010 3013 2051 schwören kann ich es nicht, denn natürlich habe ich
2194 2695 2978 2768 mich während der Prügelei nicht gebückt, um nach¬
2221 2754 3005 2797 zusehen, ob Mary ein Rasiermesser im Schuh stecken
2194 2787 3005 2827 hatte', dann sagen sie: 'also geben Sie zu, daß es
2194 2816 3005 2867 möglich ist, daß Mary eine Rasierklinge benützt
2194 2854 2355 2905 hat.' ..."\:p\
2258 2870 3005 2935 \p\Aline hat drei Jahre lang in einer Bekleidungs¬
2194 2905 3005 2962 fabrik gearbeitet. Sie kann uns genau erzählen, wie
2194 2959 3005 3005 sechzig Paar Baumwollhosen per Stunde angefertigt
2191 3002 3005 3035 werden und wie man sich fühlt, wenn man acht Stun¬
2194 3035 3005 3080 den am langen Tisch des neuen Bedaux‐Systems ge¬
2194 3062 3005 3113 arbeitet hat – einem System, das dem Laufenden
2194 3091 3005 3148 Band in den Fordwerken gleicht und dazu dient, die
2194 3134 3008 3175 Arbeitsleistung des einzelnen genau zu kontrollieren
2194 3167 3005 3212 und bis zur Höchstgrenze zu steigern (Speed up).
2194 3207 3005 3247 Aline ist etwa vierundzwanzig Jahre alt, sie hat blonde,
2194 3239 3005 3283 gebrannte Locken, ein hübsches Gesicht, das gewöhn¬
2194 3277 3005 3312 lich wäre ohne den tiefernsten, gleichzeitig verächt¬
2194 3301 3005 3355 lichen und streng entschlossenen Ausdruck ihrer grauen
2215 3344 3008 3382 Augen. Sie ist hart wie ein vierzigjähriger amerika¬
2194 3374 3005 3417 nischer Arbeiter – und weise wie eine amerikanische
2194 3415 2973 3455 Arbeiterin, die sieben Kinder geboren hat und sie
2194 3436 3005 3493 ernähren muß. Aline war im Gefängnis, wurde zwei¬
2194 3485 3005 3533 mal freigesprochen und hat es fertig gebracht, in
2194 3520 3005 3563 einem Fabrikdorf in North Carolina in wenigen Tagen
2194 3541 3005 3590 ein paar hundert Textilarbeiterinnen zu organisieren.
2194 3584 3005 3633 Als sie mit ihrer Freundin Mary in Monteagle den
2194 3611 2973 3660 Autobus nach Chattanooga besteigt – es ist zehn Uhr
2194 3657 3005 3695 abends, und am nächsten Vormittag um acht Uhr
2194 3684 3005 3733 dreißig müssen sie vor Gericht erscheinen –, sagt sie
2191 3722 2671 3778 zu uns: "Good luck to you" ...\:p\
2253 3730 3005 3803 \p\Inzwischen tanzen im langen Wohnraum der Schule
2194 3770 3005 3835 die Farmer, die Grubenarbeiter und Holzfäller mit
2194 3824 3005 3873 ihren Mädchen "Squaredances" – Schottisch oder
2194 3862 3005 3913 Polka –, was immer der Ursprung dieser alten Tänze
2207 3894 3005 3937 sein mag, die Leute kennen die komplizierten Figuren
2194 3919 2385 3975 und Worte:\:p\
2299 3937 2797 4007 \p\"Faß dein Mädchen bei der Hand,
2299 3978 2903 4042 schwing dein Liebchen von Hand zu Hand,
2296 4037 2854 4078 öffne den Weg für die Meereswelle,
2302 4064 2886 4107 komm zurück und schließ den Kreis ..."\:p\
2245 4091 3005 4142 \p\Und was die Grubenarbeiter und die Söhne der
2194 4137 3005 4183 alten Farmer vergessen haben sollten – die Melodien,
2194 4175 3005 4218 "Harfengesänge" und Volkstänze der Appalachischen
2210 4204 3005 4245 Berge –, das lehrt sie Teffi, der Meistertänzer und
2194 4234 3005 4280 Meistersänger: "Nimm dein Mädchen bei der Hand .."\:p\
2248 4277 3005 4325 \p\Um halb elf Uhr packt John Henry Jones seine
2194 4307 3005 4352 Geige ein, und die Gäste verabschieden sich. Einige
2194 4344 3005 4387 von ihnen müssen drei oder vier Meilen durch den
2191 4382 3005 4431 Wald nach Hause gehen – sie sind es gewohnt, ihr
2194 4412 3005 4452 Weg zu den Holzlagern oder zu dem Kohlengruben
2194 4447 3005 4498 ist ebenso weit. – Myles nimmt ein Mädchen bei¬
2194 4479 3005 4520 seite. "Höre, Anny", sagt er, "kannst du den kleinen
2194 4511 3005 4568 Bob Marlow nach Hause bringen? Ich glaube, er hat
2194 4549 2967 4603 Whisky getrunken. Du weißt, wie es bei ihm zu Hause
2994 1118 3762 1194 zugeht ..." Anny nimmt Bob bei der Hand. Er ist
2994 1178 3768 1226 höchstens zwölf Jahre alt, ein mageres Bürschchen mit
2994 1218 3768 1261 Sommersprossen im geiblich‐blassen Gesicht. Er hat
2994 1250 3768 1299 den ganzen Abend der Musik gelauscht und dabei
2994 1286 3549 1331 Zigaretten geraucht wie ein Alter ...\:p\
3053 1291 3770 1369 \p\Nachdem alle gegangen sind, sitzen wir noch eine
2994 1331 3768 1399 Weile beim Feuer. "Friedliche Zeiten", sagt Teffi und
2994 1385 3762 1442 streckt die Füße von sich – "keine Vigilanti mit Re¬
2994 1426 3760 1471 volvern in der Tasche, keine Streikbrecher, keine be¬
2994 1461 3768 1504 trunkenen Legionäre. Und wenn sie es doch versuchen
2994 1498 3773 1539 sollten, wie in den ersten Jahren, sich in den Büschen
2994 1531 3768 1571 zu verstecken oder das Haus anzuzünden, dann sollen
2994 1563 3760 1606 sie es eben versuchen. Die Leute in Monteagle sind un¬
2994 1595 3773 1639 sere erste Verteidigungsfront. Als wir letztes Jahr den
2994 1633 3768 1684 Streik der Holzfäller organisierten, hatten wir Tag
2991 1668 3722 1722 und Nacht Wachen um das Haus. Freiwillige ..."\:p\
3059 1698 3760 1746 \p\Es war kein gewöhnlicher Streik, es ging um mehr
2994 1738 3776 1787 als bessere Löhne oder das Recht, Gewerkschaften zu
2994 1760 3773 1814 organisieren: es ging um den Wald, um das Land.
2994 1808 3773 1849 Seit Jahrzehnten haben die Holzgesellschaften den
2994 1838 3760 1886 Holzbestand der Cumberland‐Mountains ruiniert, ha¬
2994 1878 3773 1924 ben Vermögen verdient und sind weggezogen, wenn
2994 1903 3776 1948 alles kahl geschlagen war. Die Holzfäller blieben zu¬
2994 1943 3760 1992 rück – in den elenden Hütten der 'Lumber camps',
2994 1975 3760 2021 ohne Arbeit, ohne Verdienst. Der Wald wächst nach,
2994 2016 3760 2054 langsam genug – und als die Holzhändler fortfuhren,
3010 2051 3762 2089 den jungen Bestand zu rasieren, setzte der Streik ein.
3013 2086 3760 2124 Sie schickten Arbeiter von auswärts, aber die 'Hoch¬
3013 2113 3760 2167 länder' ließen sie nicht herein und verteidigten den
3005 2151 3762 2207 Wald – und ihr Anrecht auf Arbeit – mit ihren Ge¬
3005 2180 3137 2237 wehren.\:p\
3048 2205 3760 2269 \p\Es gibt viele Geschichten dieser Art. Es gibt die
3000 2253 3765 2307 Geschichte der ausgebeuteten Kohlengruben und die
3002 2302 3765 2342 heroische Geschichte, wie die Bergarbeiter in dieser
2997 2328 3765 2380 Gegend organisiert wurden. Heute gehören sie alle
3005 2369 3762 2412 der Gewerkschaft der Vereinigten Bergarbeiter (Uni¬
3002 2404 3762 2450 ted Mine Workers) an, der stärksten Industriegewerk¬
3000 2442 3754 2479 schaft Amerikas. Sie arbeiten größtenteils unter Kon¬
3000 2477 3754 2517 trakten. Der Leiter des lokalen Distrikts ist ein Halb‐
3002 2506 3757 2552 Indianer. Die Neger sind Mitglieder der Gewerkschaft,
3000 2541 3754 2587 vollberechtigt mit den Weißen. Und wer die traditio¬
2997 2576 3754 2622 nellen Vorurteile des amerikanischen Südens kennt,
3000 2617 3754 2652 wer die Negerfrage in ihrem ganzen tragischen Um¬
3000 2646 3754 2690 fang kennt, der weiß, was diese Errungenschaft der
3000 2673 3760 2725 Arbeiterbewegung bedeutet. Man kann den Neger,
3010 2722 3757 2760 der für niedrigen Lohn arbeitet, nicht mehr gegen
2994 2752 3760 2797 seinen weißen Genossen ausspielen. Aber Myles er¬
2994 2787 3760 2835 klärt uns, daß das Land noch andere Reserven an
2994 2822 3358 2862 billiger Arbeitskraft hat.\:p\
3040 2832 3765 2897 \p\Die Söhne der armen Gebirgsbauern hier oben
2994 2873 3754 2935 haben ihr ganzes Leben lang nur Hunger und Kälte
2994 2929 3751 2964 und Elend gekannt. Das Durchschnittseinkommen einer
2991 2962 3754 3000 Farmerfamilie dieser Gegend beträgt fünfzig Dollar
2994 3000 3754 3037 im Jahr. Bob Marlow und seine fünf Geschwister
2994 3035 3754 3070 können im Winter nicht in die Schule gehen, weil sie
2994 3059 3751 3107 keine Kleider haben. Wenn man Bobs achtzehnjäh¬
2994 3099 3751 3140 rigem Bruder anbietet, für einen Hungerlohn in einer
2994 3137 3754 3175 Textilfabrik in Chattanooga zu arbeiten, wird er gehen.
2994 3169 3751 3212 "Aber wenn Bob achtzehn Jahre alt sein wird, dann
2994 3207 3754 3245 wird er nicht gehen. Er wird wissen, um was es sich
2994 3239 3760 3280 handelt. Bis dahin wird jeder Lumberjack und Farmer¬
2994 3274 3760 3315 sohn hier oben Bescheid wissen und einer Organi¬
2994 3304 3754 3350 sation angehören. Man wird den Arbeiter nicht mehr
2994 3344 3751 3401 durch den Arbeiter bekämpfen und niederhalten
2994 3369 3140 3420 können."\:p\
3048 3385 3754 3452 \p\Wenn man Myles so sprechen hört, könnte man ihn
2994 3433 3754 3493 für einen Idealisten halten. Aber er ist realistisch wie
2994 3485 3754 3525 Teffi, der Volkstänze liebt, wie Tick, der Halb‐Indianer,
2994 3520 3738 3563 der seit seinem elften Jahr in einer Kohlengrube ge¬
2994 3552 3760 3601 arbeitet hat, wie der junge Spright, der genau weiß,
2994 3584 3749 3625 warum er in Memphis sein Leben aufs Spiel setzt –
3000 3625 3757 3660 wie die ganze Highlander Folk School. "Schule"
2994 3657 3760 3695 nennt sich dieses Farmhaus in den Tennessee‐Bergen,
2994 3692 3757 3733 weil Schulung und Erziehung ihr wichtigstes Ziel ist.
2994 3719 3760 3765 Um Armut zu bekämpfen, muß man die Unwissenheit
2994 3754 3751 3803 der Armen bekämpfen. Das nächste Ziel heißt: Or¬
2994 3789 3760 3835 ganisation des Proletariats – und in dieser Region
2994 3827 3749 3870 gibt es keine Grenze zwischen ländlichem und städti¬
2994 3865 3760 3910 schem Proletariat. Myles, der Lehrer, ist gleichzeitig
2994 3905 3760 3945 ein Gewerkschaftsfunktionär. Während wir mit ihm in
2991 3935 3746 3986 einem klappernden Chevrolet‐Wagen über die holp¬
2994 3967 3749 4007 rigen Waldwege fahren, zu den Gruben, den Holz¬
2994 4002 3746 4045 lagern, den Arbeitersiedlungen, können wir fest¬
2994 4037 3738 4078 stellen, daß er der populärste Mann der ganzen Um¬
2994 4075 3749 4113 gebung ist. Zwischen den Grubenarbeitern und den
2994 4110 3754 4148 "WPA"‐Arbeitern herrscht Unstimmigkeit wegen eini¬
2994 4137 3751 4183 ger Fragen lokaler Politik. Die "WPA"‐Leute sind vom
2994 4177 3749 4218 Staat angestellte Arbeitslose. Ihre äußerst niedrigen
2994 4210 3749 4253 Unterstützungen halten die Löhne der andern Arbeiter
2994 4245 3746 4288 niedrig. Es ist wichtig, daß sie zusammenkommen und
2994 4280 3749 4323 eine geeinte Front bilden. Myles spricht mit beiden
2994 4315 3746 4355 Parteien. Als wir abends zur Schule zurückfahren,
2994 4350 3746 4387 haben wir zwei Bergarbeiter und einen "WPA"‐Mann
2994 4382 3751 4422 im Wagen. Sie essen mit uns – es gibt Kartoffeln,
2991 4417 3746 4466 Kohl, Tomaten und Milch – und besprechen nachher
2994 4458 3746 4490 am Kaminfeuer ihren "Fall". Als Myles sie ein paar
2994 4484 3746 4538 Stunden später nach Palmer zurückbringt, sind sie
2994 4520 3121 4568 einig ...\:p\
3029 4536 3754 4598 \p\"Wenn wir hören, wie es unten in den Städten,
2991 4568 3746 4638 auf den Plantagen, in den Fabrikdörfern zugeht, den¬
2994 4625 3738 4660 ken wir, wir sollten mitten drin sein und die gleiche
2991 4662 3746 4697 Arbeit tun und organisieren wie alle unsere Freunde",
2994 4692 3751 4730 sagt uns Teffi eines Abends am Feuer, "aber wenn
2994 4730 3738 4765 ich die Leute sehe, die hier in die Schule kommen,
2994 4762 3738 4800 um zu lernen oder um uns um Rat zu fragen oder
2994 4797 3749 4838 einfach um zu tanzen und die Fiedelmusik zu hören
2994 4832 3746 4875 und einen fröhlichen Abend zu haben – oder wenn
2994 4867 3746 4900 wir wissen, was die Schule für diese Leute bedeutet –,
2994 4897 3746 4953 dann bleiben wir und nehmen an, daß es sich lohnt ..."\:p\
2003 2154 2622 2194 \f\Skizze mit Menschen vor Autos\:f\
