<?xml version="1.0" encoding="UTF-8"?>
<validation-wrapper>
   <PcGts xmlns="http://schema.primaresearch.org/PAGE/gts/pagecontent/2013-07-15"
          xmlns:xsi="http://www.w3.org/2001/XMLSchema-instance"
          xsi:schemaLocation="http://schema.primaresearch.org/PAGE/gts/pagecontent/2013-07-15 http://schema.primaresearch.org/PAGE/gts/pagecontent/2013-07-15/pagecontent.xsd">
      <Metadata>
         <Creator>prov=READ-COOP:name=TrHtr:version=2.24.0:model_id=51170:date=11_03_2025_14:44</Creator>
         <Created>2025-02-21T11:35:13.904+01:00</Created>
         <LastChange>2025-03-11T14:59:15.493+01:00</LastChange>
         <TranskribusMetadata docId="7033881"
                              pageId="91980314"
                              pageNr="1"
                              tsid="234515410"
                              status="FINAL"
                              userId="295817"
                              imgUrl="https://files.transkribus.eu/Get?id=SEFMNVMQOJKQRWSYUKJTUXIV&amp;fileType=view"
                              xmlUrl="https://files.transkribus.eu/Get?id=GHRXVIIKCBFWERPIJQSSPZCX"
                              imageId="76774102"/>
      </Metadata>
      <Page imageFilename="smallform_0169_001.jpg"
            imageWidth="9478"
            imageHeight="6320">
         <ReadingOrder>
            <OrderedGroup id="ro_1741701555493" caption="Regions reading order">
               <RegionRefIndexed index="0" regionRef="r"/>
               <RegionRefIndexed index="1" regionRef="r_3"/>
               <RegionRefIndexed index="2" regionRef="r_1"/>
               <RegionRefIndexed index="3" regionRef="r_6"/>
               <RegionRefIndexed index="4" regionRef="r_7"/>
               <RegionRefIndexed index="5" regionRef="r_12"/>
               <RegionRefIndexed index="6" regionRef="r_13"/>
               <RegionRefIndexed index="7" regionRef="r_8"/>
               <RegionRefIndexed index="8" regionRef="r_9"/>
               <RegionRefIndexed index="9" regionRef="r_10"/>
               <RegionRefIndexed index="10" regionRef="r_11"/>
            </OrderedGroup>
         </ReadingOrder>
         <TextRegion id="r" custom="readingOrder {index:0;}">
            <Coords points="488,375 5388,375 5388,968 488,968"/>
            <TextLine id="l" custom="readingOrder {index:0;}">
               <Coords points="519,812 5288,857 5288,827 519,782"/>
               <Baseline points="519,812 5288,857"/>
               <TextEquiv>
                  <Unicode>Persisches Hochgebirge</Unicode>
               </TextEquiv>
            </TextLine>
            <TextEquiv>
               <Unicode/>
            </TextEquiv>
         </TextRegion>
         <TextRegion id="r_3" custom="readingOrder {index:1;}">
            <Coords points="2283,1838 485,1838 485,998 2283,998"/>
            <TextLine id="r_3_tl_1" custom="readingOrder {index:0;}">
               <Coords points="537,1077 2173,1087 2173,1024 2020,980 1739,1040 1514,996 1274,1037 1040,984 537,1030"/>
               <Baseline points="555,1062 600,1062 644,1062 689,1062 734,1062 779,1062 823,1062 868,1062 913,1062 958,1062 1003,1062 1047,1062 1092,1062 1137,1062 1182,1062 1226,1065 1271,1065 1316,1065 1361,1062 1406,1065 1450,1065 1495,1065 1540,1065 1585,1065 1630,1062 1674,1065 1719,1065 1764,1065 1809,1065 1853,1065 1898,1065 1943,1065 1988,1065 2033,1065 2077,1065 2122,1065 2167,1065 2182,1062"/>
               <TextEquiv>
                  <Unicode>\p\Iran ist noch lange kein Touristenland. Der Ruf von der Schönheit seines</Unicode>
               </TextEquiv>
            </TextLine>
            <TextLine id="r_3_tl_2" custom="readingOrder {index:1;}">
               <Coords points="496,1146 2180,1152 2180,1090 2061,1074 496,1071"/>
               <Baseline points="513,1125 558,1122 603,1122 647,1122 692,1122 737,1122 782,1122 826,1122 871,1122 916,1122 961,1122 1006,1122 1050,1122 1095,1125 1140,1122 1185,1122 1229,1125 1274,1122 1319,1125 1364,1125 1409,1125 1453,1125 1498,1125 1543,1125 1588,1125 1632,1125 1677,1125 1722,1125 1767,1125 1812,1125 1856,1125 1901,1125 1946,1125 1991,1125 2036,1125 2080,1125 2125,1125 2170,1125 2185,1125"/>
               <TextEquiv>
                  <Unicode>alten Hauptstadt Isfahan, vom Glanz seiner Moscheen, von den Rosen</Unicode>
               </TextEquiv>
            </TextLine>
            <TextLine id="r_3_tl_3" custom="readingOrder {index:2;}">
               <Coords points="500,1208 2176,1212 2136,1143 500,1152"/>
               <Baseline points="516,1182 561,1182 606,1182 650,1182 695,1185 740,1185 785,1185 829,1185 874,1182 919,1182 964,1182 1009,1182 1053,1182 1098,1182 1143,1182 1188,1185 1232,1185 1277,1185 1322,1185 1367,1185 1412,1185 1456,1185 1501,1185 1546,1185 1591,1185 1635,1185 1680,1185 1725,1185 1770,1185 1815,1185 1859,1185 1904,1185 1949,1185 1994,1185 2038,1185 2083,1185 2128,1185 2173,1185 2185,1185"/>
               <TextEquiv>
                  <Unicode>von Schiras, und auch von der majestätischen Größe der Ruinen von Perse¬</Unicode>
               </TextEquiv>
            </TextLine>
            <TextLine id="r_3_tl_4" custom="readingOrder {index:3;}">
               <Coords points="500,1274 2176,1277 2176,1205 2083,1193 500,1208"/>
               <Baseline points="516,1244 561,1244 606,1244 650,1244 695,1244 740,1244 785,1241 829,1244 874,1244 919,1241 964,1244 1009,1241 1053,1241 1098,1244 1143,1244 1188,1244 1232,1244 1277,1244 1322,1244 1367,1244 1412,1244 1456,1244 1501,1244 1546,1244 1591,1244 1635,1244 1680,1244 1725,1244 1770,1244 1815,1244 1859,1244 1904,1244 1949,1244 1994,1244 2038,1244 2083,1244 2128,1244 2173,1244 2185,1244"/>
               <TextEquiv>
                  <Unicode>polis ist allerdings im Westen verbreitet, seit Jahrhunderten — und um</Unicode>
               </TextEquiv>
            </TextLine>
            <TextLine id="r_3_tl_5" custom="readingOrder {index:4;}">
               <Coords points="496,1336 2183,1324 2183,1271 496,1277"/>
               <Baseline points="513,1301 558,1301 603,1301 647,1301 692,1301 737,1301 782,1301 826,1304 871,1301 916,1301 961,1301 1006,1304 1050,1304 1095,1304 1140,1304 1185,1301 1229,1304 1274,1304 1319,1304 1364,1304 1409,1304 1453,1304 1498,1304 1543,1304 1588,1304 1632,1304 1677,1307 1722,1304 1767,1304 1812,1304 1856,1307 1901,1304 1946,1307 1991,1304 2036,1304 2080,1304 2125,1304 2170,1307 2191,1304"/>
               <TextEquiv>
                  <Unicode>die Denkmäler von Persiens glänzendster Epoche zu sehen, unternehmen</Unicode>
               </TextEquiv>
            </TextLine>
            <TextLine id="r_3_tl_6" custom="readingOrder {index:5;}">
               <Coords points="500,1374 2173,1380 2173,1324 2023,1318 500,1318"/>
               <Baseline points="516,1361 525,1361 570,1361 614,1361 659,1364 704,1364 749,1364 794,1364 838,1364 883,1364 928,1364 973,1364 1018,1364 1062,1364 1107,1364 1152,1361 1197,1364 1241,1364 1286,1364 1331,1364 1376,1364 1421,1364 1465,1364 1510,1364 1555,1367 1600,1364 1644,1364 1689,1364 1734,1364 1779,1364 1824,1367 1868,1364 1913,1364 1958,1367 2003,1367 2047,1367 2092,1367 2137,1364 2182,1358"/>
               <TextEquiv>
                  <Unicode>eine kleine Anzahl von Neugierigen und Weltenbummler, meistens ameri-</Unicode>
               </TextEquiv>
            </TextLine>
            <TextLine id="r_3_tl_7" custom="readingOrder {index:6;}">
               <Coords points="496,1436 2180,1455 2180,1393 2061,1377 496,1374"/>
               <Baseline points="513,1424 558,1424 603,1424 647,1421 692,1421 737,1424 782,1421 826,1421 871,1424 916,1424 961,1421 1006,1424 1050,1424 1095,1421 1140,1424 1185,1424 1229,1424 1274,1424 1319,1424 1364,1424 1409,1424 1453,1424 1498,1424 1543,1424 1588,1427 1632,1424 1677,1424 1722,1424 1767,1427 1812,1424 1856,1424 1901,1424 1946,1424 1991,1424 2036,1424 2080,1424 2125,1424 2170,1424 2185,1424"/>
               <TextEquiv>
                  <Unicode>kanischer Herkunft, die beschwerliche Reise —, auch der schwedische Kron¬</Unicode>
               </TextEquiv>
            </TextLine>
            <TextLine id="r_3_tl_8" custom="readingOrder {index:7;}">
               <Coords points="500,1514 2176,1514 2176,1449 2070,1439 500,1439"/>
               <Baseline points="516,1483 561,1483 606,1483 650,1480 695,1480 740,1480 785,1480 829,1483 874,1483 919,1483 964,1483 1009,1483 1053,1483 1098,1483 1143,1483 1188,1483 1232,1483 1277,1483 1322,1483 1367,1483 1412,1483 1456,1483 1501,1483 1546,1483 1591,1483 1635,1483 1680,1483 1725,1483 1770,1483 1815,1483 1859,1483 1904,1483 1949,1483 1994,1483 2038,1486 2083,1486 2128,1486 2173,1489 2185,1489"/>
               <TextEquiv>
                  <Unicode>prinz hat vor einem Jahr genau den üblichen und lohnenden Touristenweg</Unicode>
               </TextEquiv>
            </TextLine>
            <TextLine id="r_3_tl_9" custom="readingOrder {index:8;}">
               <Coords points="496,1561 2180,1561 2114,1502 496,1518"/>
               <Baseline points="513,1540 558,1543 603,1540 647,1540 692,1543 737,1540 782,1543 826,1543 871,1543 916,1543 961,1540 1006,1543 1050,1543 1095,1540 1140,1543 1185,1543 1229,1543 1274,1543 1319,1543 1364,1543 1409,1543 1453,1543 1498,1543 1543,1543 1588,1543 1632,1543 1677,1543 1722,1543 1767,1543 1812,1543 1856,1546 1901,1543 1946,1543 1991,1543 2036,1546 2080,1546 2125,1543 2170,1543 2188,1546"/>
               <TextEquiv>
                  <Unicode>durch Persien zurückgelegt. Aber Persien ist groß und unbekannt, und</Unicode>
               </TextEquiv>
            </TextLine>
            <TextLine id="r_3_tl_10" custom="readingOrder {index:9;}">
               <Coords points="503,1627 2173,1633 2173,1567 2126,1558 503,1558"/>
               <Baseline points="519,1603 564,1603 609,1603 653,1603 698,1603 743,1603 788,1603 832,1603 877,1603 922,1600 967,1600 1012,1603 1056,1603 1101,1603 1146,1603 1191,1603 1235,1603 1280,1603 1325,1603 1370,1603 1415,1603 1459,1603 1504,1603 1549,1603 1594,1606 1638,1603 1683,1603 1728,1603 1773,1603 1818,1603 1862,1603 1907,1603 1952,1606 1997,1606 2041,1606 2086,1603 2131,1606 2176,1606 2182,1606"/>
               <TextEquiv>
                  <Unicode>jeder, der es wagt, kann dort noch zum Entdecker werden und auf</Unicode>
               </TextEquiv>
            </TextLine>
            <TextLine id="r_3_tl_11" custom="readingOrder {index:10;}">
               <Coords points="496,1683 2180,1680 2180,1636 2045,1617 496,1630"/>
               <Baseline points="513,1659 558,1659 603,1659 647,1662 692,1662 737,1662 782,1662 826,1662 871,1662 916,1662 961,1662 1006,1662 1050,1662 1095,1662 1140,1662 1185,1662 1229,1662 1274,1662 1319,1662 1364,1662 1409,1665 1453,1662 1498,1662 1543,1662 1588,1662 1632,1662 1677,1665 1722,1665 1767,1662 1812,1662 1856,1662 1901,1662 1946,1665 1991,1665 2036,1665 2080,1662 2125,1662 2170,1662 2188,1662"/>
               <TextEquiv>
                  <Unicode>ungeahnt Schönes stoßen. Mittelholzer hat den Vulkankegel des Demawend</Unicode>
               </TextEquiv>
            </TextLine>
            <TextLine id="r_3_tl_12" custom="readingOrder {index:11;}">
               <Coords points="496,1742 2183,1758 2142,1677 496,1683"/>
               <Baseline points="513,1719 558,1722 603,1719 647,1719 692,1722 737,1722 782,1719 826,1722 871,1722 916,1722 961,1722 1006,1722 1050,1722 1095,1722 1140,1722 1185,1722 1229,1722 1274,1722 1319,1722 1364,1725 1409,1722 1453,1725 1498,1725 1543,1725 1588,1725 1632,1725 1677,1725 1722,1725 1767,1725 1812,1722 1856,1722 1901,1725 1946,1725 1991,1725 2036,1725 2080,1725 2125,1725 2170,1725 2191,1725"/>
               <TextEquiv>
                  <Unicode>umflogen, — aber über das Elbursgebirge, das sein schneeiger Gipfel krönt,</Unicode>
               </TextEquiv>
            </TextLine>
            <TextLine id="r_3_tl_13" custom="readingOrder {index:12;}">
               <Coords points="506,1820 1539,1817 1539,1752 1486,1736 506,1742"/>
               <Baseline points="522,1782 567,1782 611,1782 656,1782 701,1782 746,1782 791,1782 835,1782 880,1782 925,1782 970,1782 1015,1782 1059,1782 1104,1782 1149,1782 1194,1782 1238,1782 1283,1782 1328,1782 1373,1782 1418,1785 1462,1785 1507,1785 1546,1785"/>
               <TextEquiv>
                  <Unicode>gibt es noch nicht einmal ausführliche Karten.\:p\</Unicode>
               </TextEquiv>
            </TextLine>
            <TextEquiv>
               <Unicode/>
            </TextEquiv>
         </TextRegion>
         <TextRegion id="r_1" custom="readingOrder {index:2;}">
            <Coords points="2283,998 4093,998 4093,1838 2283,1838"/>
            <TextLine id="r_1_tl_1" custom="readingOrder {index:0;}">
               <Coords points="2376,1096 3984,1080 3984,984 3834,1024 3731,984 3441,1027 3116,980 3041,1030 2376,1018"/>
               <Baseline points="2394,1062 2424,1062 2468,1065 2513,1065 2558,1065 2603,1065 2648,1062 2692,1065 2737,1065 2782,1062 2827,1065 2871,1062 2916,1062 2961,1062 3006,1062 3051,1065 3095,1062 3140,1062 3185,1059 3230,1062 3274,1062 3319,1062 3364,1062 3409,1059 3454,1059 3498,1059 3543,1059 3588,1059 3633,1056 3677,1056 3722,1056 3767,1056 3812,1056 3857,1056 3901,1053 3946,1056 3991,1053"/>
               <TextEquiv>
                  <Unicode>\p\Ich war im Juli und August mit englischen Freunden im Lahr-Tal — es</Unicode>
               </TextEquiv>
            </TextLine>
            <TextLine id="r_1_tl_2" custom="readingOrder {index:1;}">
               <Coords points="2320,1146 3978,1137 3978,1080 3909,1065 2320,1077"/>
               <Baseline points="2337,1128 2373,1125 2418,1125 2462,1125 2507,1125 2552,1125 2597,1125 2642,1125 2686,1125 2731,1125 2776,1125 2821,1122 2865,1122 2910,1122 2955,1122 3000,1122 3045,1122 3089,1122 3134,1122 3179,1122 3224,1122 3268,1122 3313,1122 3358,1119 3403,1119 3448,1119 3492,1119 3537,1119 3582,1119 3627,1119 3671,1119 3716,1116 3761,1116 3806,1116 3851,1116 3895,1116 3940,1116 3985,1113"/>
               <TextEquiv>
                  <Unicode>ist eines der schönsten Hochtäler der Erde, zweitausendfünfhundert Meter</Unicode>
               </TextEquiv>
            </TextLine>
            <TextLine id="r_1_tl_3" custom="readingOrder {index:2;}">
               <Coords points="2326,1205 3984,1193 3984,1143 2326,1146"/>
               <Baseline points="2343,1182 2379,1185 2424,1185 2468,1185 2513,1185 2558,1185 2603,1185 2648,1185 2692,1185 2737,1185 2782,1185 2827,1182 2871,1182 2916,1182 2961,1182 3006,1182 3051,1182 3095,1182 3140,1179 3185,1182 3230,1179 3274,1182 3319,1182 3364,1182 3409,1179 3454,1179 3498,1179 3543,1179 3588,1179 3633,1179 3677,1179 3722,1179 3767,1179 3812,1179 3857,1176 3901,1176 3946,1176 3991,1173"/>
               <TextEquiv>
                  <Unicode>über dem Meeresspiegel, vom Demawend beherrscht, nur auf Saumpfaden</Unicode>
               </TextEquiv>
            </TextLine>
            <TextLine id="r_1_tl_4" custom="readingOrder {index:3;}">
               <Coords points="2323,1274 3991,1255 3991,1196 2323,1218"/>
               <Baseline points="2340,1247 2382,1244 2427,1244 2471,1244 2516,1244 2561,1244 2606,1244 2650,1244 2695,1244 2740,1241 2785,1241 2830,1241 2874,1241 2919,1241 2964,1241 3009,1241 3054,1241 3098,1241 3143,1241 3188,1241 3233,1241 3277,1241 3322,1241 3367,1241 3412,1238 3457,1238 3501,1238 3546,1238 3591,1238 3636,1238 3680,1235 3725,1238 3770,1238 3815,1238 3860,1238 3904,1238 3949,1238 3994,1235"/>
               <TextEquiv>
                  <Unicode>erreichbar. Acht Stunden dauert, von der Abzweigung der größeren, mit</Unicode>
               </TextEquiv>
            </TextLine>
            <TextLine id="r_1_tl_5" custom="readingOrder {index:4;}">
               <Coords points="2323,1321 3991,1318 3991,1255 2323,1271"/>
               <Baseline points="2340,1307 2382,1304 2427,1304 2471,1304 2516,1304 2561,1304 2606,1304 2650,1304 2695,1304 2740,1304 2785,1301 2830,1304 2874,1304 2919,1304 2964,1304 3009,1301 3054,1301 3098,1301 3143,1301 3188,1301 3233,1301 3277,1298 3322,1301 3367,1301 3412,1301 3457,1298 3501,1298 3546,1301 3591,1298 3636,1301 3680,1301 3725,1298 3770,1298 3815,1298 3860,1295 3904,1298 3949,1295 3994,1295"/>
               <TextEquiv>
                  <Unicode>Autos befahrbaren Straße an gerechnet, der kürzeste Weg. Es geht paßauf</Unicode>
               </TextEquiv>
            </TextLine>
            <TextLine id="r_1_tl_6" custom="readingOrder {index:5;}">
               <Coords points="2326,1377 3978,1386 3978,1311 2326,1340"/>
               <Baseline points="2343,1364 2373,1364 2418,1364 2462,1364 2507,1364 2552,1364 2597,1364 2642,1364 2686,1364 2731,1364 2776,1364 2821,1364 2865,1361 2910,1361 2955,1361 3000,1364 3045,1364 3089,1361 3134,1361 3179,1361 3224,1361 3268,1361 3313,1361 3358,1358 3403,1361 3448,1361 3492,1361 3537,1358 3582,1358 3627,1358 3671,1358 3716,1358 3761,1358 3806,1358 3851,1358 3895,1358 3940,1358 3985,1352"/>
               <TextEquiv>
                  <Unicode>und paßab, man fühlt sich klein, der Hitze preisgegeben, der Welt ent¬</Unicode>
               </TextEquiv>
            </TextLine>
            <TextLine id="r_1_tl_7" custom="readingOrder {index:6;}">
               <Coords points="2326,1436 3981,1427 3919,1371 2326,1377"/>
               <Baseline points="2343,1424 2376,1424 2421,1424 2465,1424 2510,1424 2555,1424 2600,1424 2645,1424 2689,1424 2734,1424 2779,1424 2824,1421 2868,1421 2913,1424 2958,1424 3003,1424 3048,1424 3092,1421 3137,1421 3182,1421 3227,1421 3271,1421 3316,1418 3361,1418 3406,1421 3451,1421 3495,1421 3540,1421 3585,1421 3630,1421 3674,1418 3719,1418 3764,1415 3809,1418 3854,1418 3898,1418 3943,1418 3988,1421"/>
               <TextEquiv>
                  <Unicode>fremdet, in einer so gigantischen Umgebung. Oben lebt man "primitiv"</Unicode>
               </TextEquiv>
            </TextLine>
            <TextLine id="r_1_tl_8" custom="readingOrder {index:7;}">
               <Coords points="2329,1499 3984,1493 3953,1427 2329,1443"/>
               <Baseline points="2346,1486 2379,1483 2424,1483 2468,1483 2513,1483 2558,1483 2603,1483 2648,1480 2692,1483 2737,1483 2782,1480 2827,1483 2871,1483 2916,1480 2961,1483 3006,1480 3051,1480 3095,1480 3140,1480 3185,1480 3230,1480 3274,1480 3319,1477 3364,1480 3409,1477 3454,1477 3498,1477 3543,1477 3588,1477 3633,1477 3677,1477 3722,1477 3767,1477 3812,1477 3857,1477 3901,1477 3946,1477 3991,1474"/>
               <TextEquiv>
                  <Unicode>ohne die Tage zu zählen, in der Nachbarschaft der Steinböcke, und die</Unicode>
               </TextEquiv>
            </TextLine>
            <TextLine id="r_1_tl_9" custom="readingOrder {index:8;}">
               <Coords points="2323,1555 3984,1558 3984,1508 3912,1489 2323,1502"/>
               <Baseline points="2340,1543 2379,1543 2424,1543 2468,1540 2513,1543 2558,1543 2603,1543 2648,1543 2692,1540 2737,1543 2782,1540 2827,1540 2871,1543 2916,1540 2961,1540 3006,1540 3051,1540 3095,1540 3140,1540 3185,1537 3230,1540 3274,1540 3319,1540 3364,1537 3409,1537 3454,1537 3498,1537 3543,1537 3588,1537 3633,1537 3677,1537 3722,1537 3767,1537 3812,1537 3857,1537 3901,1537 3946,1537 3991,1537"/>
               <TextEquiv>
                  <Unicode>Hauptbeschäftigung ist: Forellen fangen. Darüber wird dann am Abend</Unicode>
               </TextEquiv>
            </TextLine>
            <TextLine id="r_1_tl_10" custom="readingOrder {index:9;}">
               <Coords points="2323,1617 3984,1614 3941,1552 2323,1555"/>
               <Baseline points="2340,1606 2379,1603 2424,1603 2468,1603 2513,1603 2558,1603 2603,1603 2648,1603 2692,1600 2737,1603 2782,1603 2827,1603 2871,1603 2916,1600 2961,1600 3006,1600 3051,1600 3095,1600 3140,1600 3185,1600 3230,1600 3274,1600 3319,1600 3364,1600 3409,1600 3454,1597 3498,1597 3543,1597 3588,1597 3633,1597 3677,1597 3722,1597 3767,1597 3812,1597 3857,1597 3901,1597 3946,1597 3991,1600"/>
               <TextEquiv>
                  <Unicode>im Zelt diskutiert mit einem Ernst, den man in Europa bei Sportsleuten</Unicode>
               </TextEquiv>
            </TextLine>
            <TextLine id="r_1_tl_11" custom="readingOrder {index:10;}">
               <Coords points="2323,1680 3919,1696 3978,1686 3981,1621 2326,1614"/>
               <Baseline points="2340,1662 2373,1662 2418,1662 2462,1662 2507,1662 2552,1662 2597,1662 2642,1659 2686,1659 2731,1659 2776,1659 2821,1659 2865,1659 2910,1659 2955,1659 3000,1659 3045,1659 3089,1659 3134,1659 3179,1659 3224,1659 3268,1659 3313,1659 3358,1659 3403,1656 3448,1659 3492,1659 3537,1656 3582,1659 3627,1659 3671,1656 3716,1659 3761,1656 3806,1659 3851,1659 3895,1656 3940,1659 3985,1656"/>
               <TextEquiv>
                  <Unicode>kennt und ein wenig belächelt, und den man nur dem Dichter Hemingway</Unicode>
               </TextEquiv>
            </TextLine>
            <TextLine id="r_1_tl_12" custom="readingOrder {index:11;}">
               <Coords points="2320,1752 3863,1745 3825,1671 2320,1680"/>
               <Baseline points="2337,1725 2343,1725 2388,1725 2433,1722 2477,1722 2522,1722 2567,1722 2612,1722 2656,1719 2701,1719 2746,1722 2791,1722 2836,1719 2880,1719 2925,1719 2970,1719 3015,1719 3059,1719 3104,1719 3149,1719 3194,1719 3239,1719 3283,1719 3328,1719 3373,1716 3418,1719 3463,1716 3507,1719 3552,1719 3597,1719 3642,1719 3686,1719 3731,1716 3776,1716 3821,1719 3866,1716"/>
               <TextEquiv>
                  <Unicode>ganz verzeiht, wenn er von den Forellenbächen der Pyrenäen spricht.\:p\</Unicode>
               </TextEquiv>
            </TextLine>
            <TextLine id="r_1_tl_13" custom="readingOrder {index:12;}">
               <Coords points="2792,1799 3991,1795 3991,1745 2792,1755"/>
               <Baseline points="2809,1788 2833,1788 2877,1788 2922,1788 2967,1788 3012,1788 3057,1785 3101,1788 3146,1785 3191,1788 3236,1785 3280,1785 3325,1785 3370,1785 3415,1785 3460,1785 3504,1785 3549,1785 3594,1785 3639,1785 3683,1785 3728,1785 3773,1785 3818,1785 3863,1785 3907,1785 3952,1785 3997,1782"/>
               <TextEquiv>
                  <Unicode>Bildbericht von Dr. Annemarie Clark-Schwarzenbach</Unicode>
               </TextEquiv>
            </TextLine>
            <TextEquiv>
               <Unicode/>
            </TextEquiv>
         </TextRegion>
         <TextRegion id="r_6" custom="readingOrder {index:3;}">
            <Coords points="135,1951 4029,1951 4029,5890 135,5890"/>
            <TextLine id="l_17" custom="readingOrder {index:0;}">
               <Coords points="2159,2605 3194,2590 3193,2560 2159,2575"/>
               <Baseline points="2159,2605 3194,2590"/>
               <TextEquiv>
                  <Unicode>\f\Lahr-Tal\:f\</Unicode>
               </TextEquiv>
            </TextLine>
            <TextEquiv>
               <Unicode/>
            </TextEquiv>
         </TextRegion>
         <TextRegion id="r_7" custom="readingOrder {index:4;}">
            <Coords points="4082,4871 4606,4871 4606,5925 4082,5925"/>
            <TextLine id="r_7_tl_1" custom="readingOrder {index:0;}">
               <Coords points="4069,4927 4262,4934 4284,4912 4331,4937 4368,4915 4406,4937 4571,4927 4568,4831 4521,4831 4437,4884 4400,4865 4365,4890 4178,4837 4065,4846"/>
               <Baseline points="4082,4910 4125,4910 4170,4910 4215,4910 4260,4910 4304,4910 4349,4913 4394,4910 4439,4913 4484,4913 4528,4913 4573,4913 4579,4913"/>
               <TextEquiv>
                  <Unicode>\fp\Ueberall im Lahr-Tal</Unicode>
               </TextEquiv>
            </TextLine>
            <TextLine id="r_7_tl_2" custom="readingOrder {index:1;}">
               <Coords points="4065,4968 4315,4984 4331,4968 4356,4980 4418,4965 4443,4984 4565,4984 4565,4927 4543,4921 4500,4937 4481,4924 4400,4937 4372,4915 4331,4937 4290,4918 4212,4937 4065,4927"/>
               <Baseline points="4082,4961 4125,4958 4170,4961 4215,4961 4260,4961 4304,4961 4349,4961 4394,4961 4439,4961 4484,4961 4528,4961 4573,4958"/>
               <TextEquiv>
                  <Unicode>sieht man die Pferde¬</Unicode>
               </TextEquiv>
            </TextLine>
            <TextLine id="r_7_tl_3" custom="readingOrder {index:2;}">
               <Coords points="4065,5018 4247,5021 4290,5037 4381,5018 4443,5043 4571,5021 4571,4984 4521,4974 4493,4987 4418,4965 4356,4980 4331,4968 4312,4984 4268,4971 4240,4984 4065,4968"/>
               <Baseline points="4082,5009 4119,5009 4164,5009 4209,5006 4254,5009 4298,5009 4343,5009 4388,5009 4433,5009 4478,5009 4522,5009 4567,5009 4579,5009"/>
               <TextEquiv>
                  <Unicode>herden des Schahs: man</Unicode>
               </TextEquiv>
            </TextLine>
            <TextLine id="r_7_tl_4" custom="readingOrder {index:3;}">
               <Coords points="4065,5068 4237,5077 4262,5058 4281,5077 4353,5058 4421,5090 4459,5058 4578,5077 4578,5018 4450,5037 4387,5018 4350,5037 4309,5018 4253,5037 4065,5018"/>
               <Baseline points="4082,5057 4122,5057 4167,5057 4212,5057 4257,5057 4301,5057 4346,5057 4391,5057 4436,5057 4481,5057 4525,5057 4570,5057 4585,5060"/>
               <TextEquiv>
                  <Unicode>könnte sie für wilde</Unicode>
               </TextEquiv>
            </TextLine>
            <TextLine id="r_7_tl_5" custom="readingOrder {index:4;}">
               <Coords points="4065,5118 4571,5118 4571,5077 4531,5068 4468,5077 4450,5062 4428,5083 4356,5065 4278,5077 4256,5062 4209,5080 4065,5068"/>
               <Baseline points="4082,5104 4125,5104 4170,5104 4215,5104 4260,5104 4304,5104 4349,5104 4394,5107 4439,5104 4484,5104 4528,5104 4573,5104 4579,5107"/>
               <TextEquiv>
                  <Unicode>Pferde halten, tauchte</Unicode>
               </TextEquiv>
            </TextLine>
            <TextLine id="r_7_tl_6" custom="readingOrder {index:5;}">
               <Coords points="4065,5165 4178,5171 4203,5152 4234,5171 4578,5165 4578,5118 4065,5118"/>
               <Baseline points="4082,5152 4125,5152 4170,5152 4215,5152 4260,5152 4304,5152 4349,5152 4394,5152 4439,5152 4484,5152 4528,5155 4573,5155 4585,5155"/>
               <TextEquiv>
                  <Unicode>nicht von Zeit zu Zeit</Unicode>
               </TextEquiv>
            </TextLine>
            <TextLine id="r_7_tl_7" custom="readingOrder {index:6;}">
               <Coords points="4065,5224 4097,5211 4568,5215 4568,5165 4065,5168"/>
               <Baseline points="4083,5203 4128,5200 4173,5200 4218,5203 4263,5203 4307,5200 4352,5203 4397,5203 4442,5203 4486,5200 4531,5200 4576,5197"/>
               <TextEquiv>
                  <Unicode>ein braungebrannter Sol</Unicode>
               </TextEquiv>
            </TextLine>
            <TextLine id="r_7_tl_8" custom="readingOrder {index:7;}">
               <Coords points="4065,5258 4231,5274 4315,5258 4412,5271 4443,5255 4571,5268 4571,5215 4528,5211 4481,5227 4365,5211 4287,5227 4228,5211 4065,5224"/>
               <Baseline points="4082,5248 4086,5248 4131,5248 4176,5248 4221,5248 4266,5251 4310,5248 4355,5248 4400,5248 4445,5248 4489,5251 4534,5248 4579,5245"/>
               <TextEquiv>
                  <Unicode>dat auf, zu Pferd natür¬</Unicode>
               </TextEquiv>
            </TextLine>
            <TextLine id="r_7_tl_9" custom="readingOrder {index:8;}">
               <Coords points="4065,5308 4125,5321 4194,5299 4268,5321 4297,5299 4334,5314 4400,5299 4418,5318 4571,5321 4571,5268 4543,5261 4434,5258 4390,5277 4337,5258 4250,5274 4065,5258"/>
               <Baseline points="4083,5296 4128,5296 4173,5296 4218,5296 4263,5296 4307,5296 4352,5296 4397,5296 4442,5299 4486,5299 4531,5299 4576,5301 4579,5301"/>
               <TextEquiv>
                  <Unicode>lich und im Galopp.</Unicode>
               </TextEquiv>
            </TextLine>
            <TextLine id="r_7_tl_10" custom="readingOrder {index:9;}">
               <Coords points="4065,5358 4568,5364 4568,5321 4540,5314 4440,5318 4403,5299 4343,5318 4303,5299 4272,5318 4190,5299 4165,5318 4065,5308"/>
               <Baseline points="4083,5346 4128,5343 4173,5343 4218,5343 4263,5343 4307,5343 4352,5343 4397,5343 4442,5343 4486,5343 4531,5346 4576,5340"/>
               <TextEquiv>
                  <Unicode>Er treibt die Herde un¬</Unicode>
               </TextEquiv>
            </TextLine>
            <TextLine id="r_7_tl_11" custom="readingOrder {index:10;}">
               <Coords points="4065,5414 4275,5418 4322,5399 4568,5418 4568,5361 4065,5364"/>
               <Baseline points="4083,5394 4128,5391 4173,5391 4218,5391 4263,5391 4307,5391 4352,5391 4397,5391 4442,5394 4486,5394 4531,5394 4576,5388"/>
               <TextEquiv>
                  <Unicode>ter lautem Geschrei zu¬</Unicode>
               </TextEquiv>
            </TextLine>
            <TextLine id="r_7_tl_12" custom="readingOrder {index:11;}">
               <Coords points="4065,5458 4259,5464 4281,5449 4312,5471 4353,5455 4578,5452 4578,5402 4065,5414"/>
               <Baseline points="4083,5439 4128,5442 4173,5442 4218,5442 4263,5442 4307,5439 4352,5439 4397,5442 4442,5442 4486,5442 4531,5442 4576,5442 4582,5439"/>
               <TextEquiv>
                  <Unicode>sammen, jagt sie durch</Unicode>
               </TextEquiv>
            </TextLine>
            <TextLine id="r_7_tl_13" custom="readingOrder {index:12;}">
               <Coords points="4065,5496 4234,5508 4318,5489 4403,5511 4437,5489 4565,5505 4565,5464 4521,5452 4446,5467 4418,5452 4306,5467 4284,5446 4184,5467 4065,5461"/>
               <Baseline points="4082,5487 4125,5487 4170,5487 4215,5487 4260,5487 4304,5487 4349,5490 4394,5487 4439,5490 4484,5490 4528,5490 4573,5490 4576,5487"/>
               <TextEquiv>
                  <Unicode>den Fluß ans andere</Unicode>
               </TextEquiv>
            </TextLine>
            <TextLine id="r_7_tl_14" custom="readingOrder {index:13;}">
               <Coords points="4065,5549 4190,5549 4228,5567 4415,5555 4431,5539 4453,5555 4565,5552 4565,5502 4540,5499 4421,5492 4378,5511 4318,5489 4200,5514 4065,5499"/>
               <Baseline points="4083,5534 4128,5534 4173,5534 4218,5534 4263,5534 4307,5534 4352,5534 4397,5534 4442,5534 4486,5537 4531,5537 4573,5534"/>
               <TextEquiv>
                  <Unicode>Ufer, auf bessere Weide¬</Unicode>
               </TextEquiv>
            </TextLine>
            <TextLine id="r_7_tl_15" custom="readingOrder {index:14;}">
               <Coords points="4075,5599 4212,5611 4300,5586 4325,5608 4571,5592 4571,5552 4475,5542 4456,5555 4434,5539 4415,5555 4287,5558 4268,5542 4234,5561 4075,5555"/>
               <Baseline points="4092,5585 4137,5582 4182,5582 4227,5585 4272,5579 4316,5582 4361,5582 4406,5582 4451,5582 4495,5585 4540,5585 4576,5585"/>
               <TextEquiv>
                  <Unicode>plätze, — von weither</Unicode>
               </TextEquiv>
            </TextLine>
            <TextLine id="r_7_tl_16" custom="readingOrder {index:15;}">
               <Coords points="4065,5645 4156,5658 4237,5633 4309,5655 4334,5636 4568,5649 4568,5596 4440,5608 4406,5592 4353,5611 4303,5583 4212,5608 4065,5599"/>
               <Baseline points="4082,5632 4119,5630 4164,5630 4209,5630 4254,5630 4298,5630 4343,5630 4388,5630 4433,5633 4478,5630 4522,5633 4567,5633 4576,5633"/>
               <TextEquiv>
                  <Unicode>hören wir, wenn sich</Unicode>
               </TextEquiv>
            </TextLine>
            <TextLine id="r_7_tl_17" custom="readingOrder {index:16;}">
               <Coords points="4069,5695 4259,5708 4328,5680 4375,5702 4415,5686 4475,5705 4571,5699 4568,5645 4518,5655 4475,5636 4425,5655 4350,5633 4306,5655 4215,5636 4156,5658 4065,5645"/>
               <Baseline points="4082,5678 4122,5678 4167,5678 4212,5678 4257,5678 4301,5678 4346,5678 4391,5678 4436,5678 4481,5681 4525,5681 4570,5681 4576,5681"/>
               <TextEquiv>
                  <Unicode>die Pferde ins Wasser</Unicode>
               </TextEquiv>
            </TextLine>
            <TextLine id="r_7_tl_18" custom="readingOrder {index:17;}">
               <Coords points="4065,5742 4562,5745 4562,5695 4543,5692 4468,5705 4443,5686 4378,5699 4331,5680 4259,5708 4065,5695"/>
               <Baseline points="4082,5728 4122,5728 4167,5728 4212,5728 4257,5728 4301,5725 4346,5728 4391,5725 4436,5725 4481,5725 4525,5728 4570,5725"/>
               <TextEquiv>
                  <Unicode>stürzen, oft zwei- oder</Unicode>
               </TextEquiv>
            </TextLine>
            <TextLine id="r_7_tl_19" custom="readingOrder {index:18;}">
               <Coords points="4065,5795 4571,5789 4571,5739 4484,5752 4462,5733 4428,5755 4409,5736 4365,5752 4259,5733 4237,5752 4065,5742"/>
               <Baseline points="4082,5776 4086,5776 4131,5776 4176,5776 4221,5776 4266,5776 4310,5776 4355,5776 4400,5776 4445,5776 4489,5776 4534,5776 4579,5773"/>
               <TextEquiv>
                  <Unicode>dreihundert auf einmal.</Unicode>
               </TextEquiv>
            </TextLine>
            <TextLine id="r_7_tl_20" custom="readingOrder {index:19;}">
               <Coords points="4147,5833 4181,5848 4259,5830 4393,5845 4568,5836 4568,5789 4262,5786 4240,5798 4175,5786 4147,5798"/>
               <Baseline points="4164,5821 4209,5821 4254,5821 4298,5824 4343,5824 4388,5824 4433,5824 4478,5824 4522,5824 4567,5824 4576,5824"/>
               <TextEquiv>
                  <Unicode>das Wasser rauscht</Unicode>
               </TextEquiv>
            </TextLine>
            <TextLine id="r_7_tl_21" custom="readingOrder {index:20;}">
               <Coords points="4065,5895 4172,5889 4209,5908 4247,5886 4337,5905 4421,5880 4568,5886 4568,5836 4318,5852 4265,5833 4128,5845 4065,5830"/>
               <Baseline points="4082,5872 4083,5872 4128,5872 4173,5872 4218,5872 4263,5872 4307,5872 4352,5872 4397,5872 4442,5872 4486,5872 4531,5872 4576,5869"/>
               <TextEquiv>
                  <Unicode>dann auf wie im Sturm.\:fp\</Unicode>
               </TextEquiv>
            </TextLine>
            <TextEquiv>
               <Unicode/>
            </TextEquiv>
         </TextRegion>
         <TextRegion id="r_12" custom="readingOrder {index:5;}">
            <Coords points="4158,73 9379,73 9379,3777 4158,3777"/>
            <TextLine id="r_12_tl_3" custom="readingOrder {index:0;}">
               <Coords points="4734,2214 4765,2220 4806,2204 4815,2214 4837,2208 4877,2233 4921,2226 4934,2023 4846,2017 4806,2042 4777,2020 4746,2020"/>
               <Baseline points="4755,2197 4797,2194 4842,2194 4887,2188 4931,2188"/>
               <TextEquiv>
                  <Unicode>\f\Steinböcke auf dem Fels\:f\</Unicode>
               </TextEquiv>
            </TextLine>
            <TextEquiv>
               <Unicode/>
            </TextEquiv>
         </TextRegion>
         <TextRegion id="r_13" custom="readingOrder {index:6;}">
            <Coords points="4166,3788 6714,3788 6714,3986 4166,3986"/>
            <TextLine id="l_24" custom="readingOrder {index:0;}">
               <Coords points="4169,3837 6651,3885 6652,3855 4170,3807"/>
               <Baseline points="4169,3837 6651,3885"/>
               <TextEquiv>
                  <Unicode>\fp\Oben, nahe den Felsadern, können wir Steinböcke beobachten, aber sie flüchten so rasch, zum Photographieren hat es</Unicode>
               </TextEquiv>
            </TextLine>
            <TextLine id="l_31" custom="readingOrder {index:1;}">
               <Coords points="4165,3889 6655,3932 6655,3902 4166,3859"/>
               <Baseline points="4165,3889 6655,3932"/>
               <TextEquiv>
                  <Unicode>nie gereicht. Dafür gab es andere Begegnungen, die fast noch überraschender wirkten: Nomadenkamele, die sich an das Ge¬</Unicode>
               </TextEquiv>
            </TextLine>
            <TextLine id="l_38" custom="readingOrder {index:2;}">
               <Coords points="4185,3932 5631,3987 5633,3957 4186,3902"/>
               <Baseline points="4185,3932 5631,3987"/>
               <TextEquiv>
                  <Unicode>birge gewöhnt und sich die Geschicklichkeit von Gemsen angeeignet haben.\:fp\</Unicode>
               </TextEquiv>
            </TextLine>
            <TextEquiv>
               <Unicode/>
            </TextEquiv>
         </TextRegion>
         <TextRegion id="r_8" custom="readingOrder {index:7;}">
            <Coords points="4752,4211 6263,4211 6263,5384 4752,5384"/>
            <TextLine id="r_8_tl_7" custom="readingOrder {index:0;}">
               <Coords points="4934,4899 4971,4902 4999,4877 5027,4871 5049,4877 5058,4871 5071,4880 5090,4871 5102,4877 5112,4868 5133,4874 5137,4796 5102,4793 5080,4809 5052,4806 5043,4796 5033,4802 5015,4796 4999,4809 4971,4790 4955,4799 4937,4796"/>
               <Baseline points="4952,4869 4961,4866 5006,4860 5051,4860 5096,4860 5140,4857"/>
               <TextEquiv>
                  <Unicode>\f\Treiber\:f\</Unicode>
               </TextEquiv>
            </TextLine>
            <TextEquiv>
               <Unicode/>
            </TextEquiv>
         </TextRegion>
         <TextRegion id="r_9" custom="readingOrder {index:8;}">
            <Coords points="4798,5429 6292,5429 6292,5953 4798,5953"/>
            <TextLine id="r_9_tl_1" custom="readingOrder {index:0;}">
               <Coords points="4815,5492 6233,5499 6233,5418 4815,5433"/>
               <Baseline points="4833,5478 4878,5475 4922,5478 4967,5478 5012,5478 5057,5481 5101,5481 5146,5484 5191,5484 5236,5481 5281,5481 5325,5481 5370,5484 5415,5481 5460,5481 5504,5481 5549,5481 5594,5481 5639,5481 5684,5481 5728,5481 5773,5481 5818,5481 5863,5481 5908,5481 5952,5478 5997,5481 6042,5481 6087,5481 6131,5481 6176,5481 6221,5481 6239,5481"/>
               <TextEquiv>
                  <Unicode>\fp\Unser Treiber Ali Hassan. Er kennt sich im Gebirge aus und ist</Unicode>
               </TextEquiv>
            </TextLine>
            <TextLine id="r_9_tl_2" custom="readingOrder {index:1;}">
               <Coords points="4799,5530 6233,5549 6233,5499 6076,5486 4799,5483"/>
               <Baseline points="4815,5522 4860,5522 4904,5522 4949,5525 4994,5528 5039,5528 5084,5528 5128,5531 5173,5531 5218,5528 5263,5531 5307,5531 5352,5528 5397,5528 5442,5528 5487,5528 5531,5528 5576,5528 5621,5528 5666,5528 5710,5528 5755,5528 5800,5531 5845,5528 5890,5528 5934,5528 5979,5528 6024,5528 6069,5528 6114,5528 6158,5528 6203,5528 6239,5525"/>
               <TextEquiv>
                  <Unicode>unter seinen Kollegen und selbst bei den Nomaden ein angesehener</Unicode>
               </TextEquiv>
            </TextLine>
            <TextLine id="r_9_tl_3" custom="readingOrder {index:2;}">
               <Coords points="4799,5586 6217,5589 6217,5536 4799,5530"/>
               <Baseline points="4815,5570 4860,5570 4904,5573 4949,5573 4994,5576 5039,5576 5084,5576 5128,5579 5173,5579 5218,5579 5263,5579 5307,5579 5352,5579 5397,5576 5442,5576 5487,5576 5531,5576 5576,5576 5621,5576 5666,5576 5710,5576 5755,5576 5800,5576 5845,5576 5890,5576 5934,5576 5979,5576 6024,5576 6069,5576 6114,5576 6158,5576 6203,5576 6224,5573"/>
               <TextEquiv>
                  <Unicode>Mann. Er hat schon mehrere Male Europäer nach dem geheimnis¬</Unicode>
               </TextEquiv>
            </TextLine>
            <TextLine id="r_9_tl_4" custom="readingOrder {index:3;}">
               <Coords points="4802,5624 6229,5636 6198,5589 4802,5586"/>
               <Baseline points="4821,5618 4866,5618 4910,5618 4955,5621 5000,5624 5045,5624 5090,5624 5134,5624 5179,5627 5224,5627 5269,5627 5313,5627 5358,5627 5403,5627 5448,5627 5493,5624 5537,5624 5582,5624 5627,5624 5672,5624 5716,5624 5761,5624 5806,5627 5851,5624 5896,5624 5940,5624 5985,5624 6030,5624 6075,5624 6119,5624 6164,5624 6209,5624 6236,5627"/>
               <TextEquiv>
                  <Unicode>vollen Felsen gebracht, auf dem einst die Festung des "Alten von</Unicode>
               </TextEquiv>
            </TextLine>
            <TextLine id="r_9_tl_5" custom="readingOrder {index:4;}">
               <Coords points="4799,5680 6233,5695 6233,5633 4799,5627"/>
               <Baseline points="4815,5666 4860,5666 4904,5666 4949,5669 4994,5672 5039,5672 5084,5675 5128,5675 5173,5675 5218,5675 5263,5675 5307,5675 5352,5675 5397,5672 5442,5672 5487,5672 5531,5672 5576,5672 5621,5672 5666,5672 5710,5672 5755,5675 5800,5672 5845,5672 5890,5675 5934,5672 5979,5672 6024,5672 6069,5672 6114,5672 6158,5672 6203,5672 6236,5675"/>
               <TextEquiv>
                  <Unicode>Berge" stand: Alamuth. Der Name hat sich erhalten und auch die</Unicode>
               </TextEquiv>
            </TextLine>
            <TextLine id="r_9_tl_6" custom="readingOrder {index:5;}">
               <Coords points="4799,5730 6220,5730 6220,5692 6123,5683 4799,5677"/>
               <Baseline points="4815,5713 4860,5716 4904,5716 4949,5716 4994,5719 5039,5719 5084,5722 5128,5722 5173,5722 5218,5722 5263,5722 5307,5719 5352,5722 5397,5719 5442,5719 5487,5719 5531,5719 5576,5719 5621,5719 5666,5719 5710,5719 5755,5722 5800,5722 5845,5722 5890,5719 5934,5719 5979,5722 6024,5719 6069,5722 6114,5722 6158,5722 6203,5722 6227,5719"/>
               <TextEquiv>
                  <Unicode>Erinnerung an die Burg und den Zaubergarten, wo junge Männe</Unicode>
               </TextEquiv>
            </TextLine>
            <TextLine id="r_9_tl_7" custom="readingOrder {index:6;}">
               <Coords points="4799,5774 6233,5780 6233,5730 6067,5724 4799,5733"/>
               <Baseline points="4815,5761 4860,5764 4904,5764 4949,5764 4994,5767 5039,5770 5084,5770 5128,5770 5173,5770 5218,5770 5263,5770 5307,5767 5352,5770 5397,5767 5442,5767 5487,5767 5531,5767 5576,5767 5621,5767 5666,5767 5710,5767 5755,5770 5800,5767 5845,5767 5890,5767 5934,5767 5979,5770 6024,5767 6069,5770 6114,5767 6158,5767 6203,5767 6236,5767"/>
               <TextEquiv>
                  <Unicode>mit Haschisch berauscht und dann mit Mordaufträgen in die Welt</Unicode>
               </TextEquiv>
            </TextLine>
            <TextLine id="r_9_tl_8" custom="readingOrder {index:7;}">
               <Coords points="4799,5820 6233,5827 6233,5780 6120,5774 4799,5774"/>
               <Baseline points="4815,5809 4860,5812 4904,5812 4949,5812 4994,5812 5039,5815 5084,5815 5128,5818 5173,5815 5218,5818 5263,5818 5307,5818 5352,5818 5397,5818 5442,5815 5487,5815 5531,5815 5576,5815 5621,5815 5666,5815 5710,5815 5755,5815 5800,5818 5845,5818 5890,5818 5934,5818 5979,5818 6024,5818 6069,5818 6114,5818 6158,5818 6203,5815 6236,5815"/>
               <TextEquiv>
                  <Unicode>hinausgeschickt wurden. Der Weg nach Alamuth findet sich auf</Unicode>
               </TextEquiv>
            </TextLine>
            <TextLine id="r_9_tl_9" custom="readingOrder {index:8;}">
               <Coords points="4793,5877 6233,5880 6233,5830 4793,5814"/>
               <Baseline points="4809,5857 4854,5857 4898,5860 4943,5860 4988,5863 5033,5863 5078,5866 5122,5866 5167,5866 5212,5866 5257,5866 5301,5866 5346,5866 5391,5866 5436,5860 5481,5863 5525,5863 5570,5863 5615,5863 5660,5863 5705,5863 5749,5863 5794,5863 5839,5866 5884,5866 5928,5866 5973,5866 6018,5863 6063,5866 6108,5866 6152,5866 6197,5866 6239,5863"/>
               <TextEquiv>
                  <Unicode>keiner Landkarte verzeichnet, — ebensowenig wie die Saumpfade, auf</Unicode>
               </TextEquiv>
            </TextLine>
            <TextLine id="r_9_tl_10" custom="readingOrder {index:9;}">
               <Coords points="4799,5942 6233,5948 6233,5886 6164,5873 4799,5883"/>
               <Baseline points="4818,5902 4863,5905 4907,5908 4952,5911 4997,5913 5042,5913 5087,5913 5131,5913 5176,5916 5221,5913 5266,5913 5310,5913 5355,5913 5400,5913 5445,5913 5490,5913 5534,5911 5579,5913 5624,5913 5669,5913 5713,5913 5758,5913 5803,5913 5848,5911 5893,5913 5937,5913 5982,5913 6027,5913 6072,5913 6116,5913 6161,5913 6206,5913 6236,5913"/>
               <TextEquiv>
                  <Unicode>denen wir reiten, — auch wir sind ganz auf Ali Hassan angewiesen.\:fp\</Unicode>
               </TextEquiv>
            </TextLine>
            <TextEquiv>
               <Unicode/>
            </TextEquiv>
         </TextRegion>
         <TextRegion id="r_10" custom="readingOrder {index:9;}">
            <Coords points="6737,3687 8603,3687 8603,5936 6737,5936"/>
            <TextLine id="r_10_tl_1" custom="readingOrder {index:0;}">
               <Coords points="6985,5583 7013,5580 7019,5574 7057,5574 7085,5592 7101,5574 7122,5574 7119,5508 7104,5508 7085,5527 7051,5499 7041,5499 7019,5521 6982,5530"/>
               <Baseline points="7003,5561 7048,5561 7093,5561 7126,5573"/>
               <TextEquiv>
                  <Unicode>\f\Quelle\:f\</Unicode>
               </TextEquiv>
            </TextLine>
            <TextEquiv>
               <Unicode/>
            </TextEquiv>
         </TextRegion>
         <TextRegion id="r_11" custom="readingOrder {index:10;}">
            <Coords points="8778,4989 9313,4989 9313,6032 8778,6032"/>
            <TextLine id="r_11_tl_1" custom="readingOrder {index:0;}">
               <Coords points="8790,5062 8874,5058 8915,5077 9049,5058 9271,5071 9271,4987 9161,5008 9105,4980 9080,4993 9052,4980 8927,5015 8790,4993"/>
               <Baseline points="8806,5051 8851,5051 8896,5048 8941,5051 8985,5051 9030,5051 9075,5051 9120,5051 9165,5051 9209,5054 9254,5054 9278,5054"/>
               <TextEquiv>
                  <Unicode>\fp\Die Quelle: Auf dem Weg</Unicode>
               </TextEquiv>
            </TextLine>
            <TextLine id="r_11_tl_2" custom="readingOrder {index:1;}">
               <Coords points="8787,5112 9277,5118 9277,5074 9199,5058 9115,5074 8787,5065"/>
               <Baseline points="8803,5098 8848,5096 8893,5098 8938,5098 8982,5098 9027,5098 9072,5098 9117,5101 9162,5098 9206,5098 9251,5101 9284,5101"/>
               <TextEquiv>
                  <Unicode>in das Lahr-Tal, zwischen</Unicode>
               </TextEquiv>
            </TextLine>
            <TextLine id="r_11_tl_3" custom="readingOrder {index:2;}">
               <Coords points="8784,5158 9274,5165 9274,5115 9255,5112 9146,5127 9108,5105 9046,5124 8784,5105"/>
               <Baseline points="8800,5146 8845,5146 8890,5146 8935,5146 8979,5146 9024,5146 9069,5149 9114,5146 9159,5146 9203,5149 9248,5149 9281,5149"/>
               <TextEquiv>
                  <Unicode>zwei Pässen, gibt es eine</Unicode>
               </TextEquiv>
            </TextLine>
            <TextLine id="r_11_tl_4" custom="readingOrder {index:3;}">
               <Coords points="8787,5202 8930,5215 8968,5193 9018,5221 9040,5205 9118,5215 9136,5196 9177,5215 9274,5208 9274,5168 9252,5165 8787,5161"/>
               <Baseline points="8803,5194 8848,5194 8893,5194 8938,5191 8982,5191 9027,5194 9072,5197 9117,5194 9162,5194 9206,5194 9251,5197 9281,5194"/>
               <TextEquiv>
                  <Unicode>einzige Quelle, woran</Unicode>
               </TextEquiv>
            </TextLine>
            <TextLine id="r_11_tl_5" custom="readingOrder {index:4;}">
               <Coords points="8787,5265 8877,5249 8933,5265 9061,5255 9077,5271 9277,5255 9277,5218 9136,5196 9111,5218 9040,5205 9024,5221 8971,5196 8921,5221 8787,5205"/>
               <Baseline points="8803,5242 8848,5242 8893,5242 8938,5242 8982,5242 9027,5242 9072,5242 9117,5245 9162,5242 9206,5242 9251,5242 9284,5242"/>
               <TextEquiv>
                  <Unicode>sich die Treiber, die Reit¬</Unicode>
               </TextEquiv>
            </TextLine>
            <TextLine id="r_11_tl_6" custom="readingOrder {index:5;}">
               <Coords points="8790,5302 9277,5302 9277,5255 9105,5271 9005,5252 8790,5261"/>
               <Baseline points="8806,5287 8851,5290 8896,5287 8941,5290 8985,5290 9030,5293 9075,5290 9120,5293 9165,5293 9209,5290 9254,5290 9284,5290"/>
               <TextEquiv>
                  <Unicode>und Lasttiere, und wir</Unicode>
               </TextEquiv>
            </TextLine>
            <TextLine id="r_11_tl_7" custom="readingOrder {index:6;}">
               <Coords points="8784,5364 8915,5339 8958,5358 9274,5358 9274,5305 9255,5302 8815,5311 8784,5296"/>
               <Baseline points="8800,5337 8845,5337 8890,5337 8935,5337 8979,5337 9024,5337 9069,5337 9114,5337 9159,5337 9203,5340 9248,5337 9281,5340"/>
               <TextEquiv>
                  <Unicode>selbst zur Mittagsstunde</Unicode>
               </TextEquiv>
            </TextLine>
            <TextLine id="r_11_tl_8" custom="readingOrder {index:7;}">
               <Coords points="8787,5393 8896,5408 8930,5393 9077,5396 9133,5411 9277,5399 9277,5358 9243,5352 8965,5358 8921,5339 8902,5355 8787,5355"/>
               <Baseline points="8803,5385 8848,5385 8893,5385 8938,5385 8982,5385 9027,5388 9072,5388 9117,5385 9162,5388 9206,5388 9251,5388 9284,5385"/>
               <TextEquiv>
                  <Unicode>erfrischen. Auf unserem</Unicode>
               </TextEquiv>
            </TextLine>
            <TextLine id="r_11_tl_9" custom="readingOrder {index:8;}">
               <Coords points="8787,5455 8837,5443 8943,5464 8965,5446 9027,5446 9065,5461 9174,5452 9190,5467 9221,5449 9271,5452 9271,5396 9214,5411 9174,5396 9099,5411 8787,5396"/>
               <Baseline points="8803,5433 8848,5433 8893,5430 8938,5433 8982,5433 9027,5433 9072,5436 9117,5436 9162,5433 9206,5433 9251,5436 9278,5436"/>
               <TextEquiv>
                  <Unicode>Bild gleicht diese Quelle</Unicode>
               </TextEquiv>
            </TextLine>
            <TextLine id="r_11_tl_10" custom="readingOrder {index:9;}">
               <Coords points="8780,5486 9027,5508 9055,5489 9105,5505 9268,5499 9268,5452 9202,5443 9168,5458 9033,5439 8943,5461 8830,5443 8780,5455"/>
               <Baseline points="8797,5481 8842,5481 8887,5481 8932,5481 8976,5481 9021,5484 9066,5484 9111,5484 9156,5484 9200,5484 9245,5484 9275,5484"/>
               <TextEquiv>
                  <Unicode>einem recht armseligen</Unicode>
               </TextEquiv>
            </TextLine>
            <TextLine id="r_11_tl_11" custom="readingOrder {index:10;}">
               <Coords points="8796,5542 8908,5552 8949,5539 8962,5552 8990,5530 9277,5546 9277,5505 9186,5492 9136,5505 9058,5492 9040,5508 8946,5486 8924,5499 8796,5492"/>
               <Baseline points="8812,5528 8857,5528 8902,5528 8947,5528 8991,5528 9036,5531 9081,5531 9126,5531 9171,5531 9215,5531 9260,5531 9284,5534"/>
               <TextEquiv>
                  <Unicode>Tümpel, - ein dünnes</Unicode>
               </TextEquiv>
            </TextLine>
            <TextLine id="r_11_tl_12" custom="readingOrder {index:11;}">
               <Coords points="8784,5589 9280,5596 9277,5546 8780,5539"/>
               <Baseline points="8800,5579 8845,5576 8890,5576 8935,5576 8979,5576 9024,5576 9069,5579 9114,5579 9159,5579 9203,5579 9248,5579 9284,5579"/>
               <TextEquiv>
                  <Unicode>Aederchen füllt langsam</Unicode>
               </TextEquiv>
            </TextLine>
            <TextLine id="r_11_tl_13" custom="readingOrder {index:12;}">
               <Coords points="8784,5649 8824,5633 8896,5652 9021,5633 9196,5645 9227,5639 9227,5599 8780,5589"/>
               <Baseline points="8800,5624 8845,5624 8890,5624 8935,5624 8979,5624 9024,5627 9069,5627 9114,5627 9159,5627 9203,5627 9236,5627"/>
               <TextEquiv>
                  <Unicode>den runden Brunnen,</Unicode>
               </TextEquiv>
            </TextLine>
            <TextLine id="r_11_tl_14" custom="readingOrder {index:13;}">
               <Coords points="8784,5686 9274,5699 9274,5645 9252,5642 9111,5649 9040,5630 8896,5652 8784,5636"/>
               <Baseline points="8800,5672 8845,5672 8890,5672 8935,5672 8979,5672 9024,5675 9069,5675 9114,5675 9159,5675 9203,5675 9248,5675 9281,5672"/>
               <TextEquiv>
                  <Unicode>aber es ist frisches, reines</Unicode>
               </TextEquiv>
            </TextLine>
            <TextLine id="r_11_tl_15" custom="readingOrder {index:14;}">
               <Coords points="8787,5736 8908,5733 8927,5749 8999,5730 9268,5736 9268,5695 9233,5686 8787,5686"/>
               <Baseline points="8803,5719 8848,5719 8893,5719 8938,5719 8982,5722 9027,5722 9072,5719 9117,5719 9162,5722 9206,5722 9251,5722 9275,5719"/>
               <TextEquiv>
                  <Unicode>Gebirgswasser, – und bei</Unicode>
               </TextEquiv>
            </TextLine>
            <TextLine id="r_11_tl_16" custom="readingOrder {index:15;}">
               <Coords points="8784,5777 9268,5789 9264,5733 8780,5736"/>
               <Baseline points="8800,5767 8845,5767 8890,5767 8935,5770 8979,5767 9024,5767 9069,5767 9114,5767 9159,5770 9203,5770 9248,5770 9275,5767"/>
               <TextEquiv>
                  <Unicode>den Eingeborenen steht</Unicode>
               </TextEquiv>
            </TextLine>
            <TextLine id="r_11_tl_17" custom="readingOrder {index:16;}">
               <Coords points="8790,5827 8974,5842 9061,5823 9271,5830 9271,5789 9218,5780 8993,5795 8884,5774 8862,5789 8790,5783"/>
               <Baseline points="8806,5815 8851,5815 8896,5815 8941,5815 8985,5815 9030,5815 9075,5815 9120,5818 9165,5818 9209,5818 9254,5818 9278,5821"/>
               <TextEquiv>
                  <Unicode>die Stelle, wo es aus dem</Unicode>
               </TextEquiv>
            </TextLine>
            <TextLine id="r_11_tl_18" custom="readingOrder {index:17;}">
               <Coords points="8784,5880 9271,5880 9271,5830 8990,5836 8865,5820 8846,5839 8784,5823"/>
               <Baseline points="8800,5863 8845,5863 8890,5863 8935,5866 8979,5866 9024,5863 9069,5866 9114,5866 9159,5866 9203,5866 9248,5866 9278,5863"/>
               <TextEquiv>
                  <Unicode>Boden tritt, in fast heili¬</Unicode>
               </TextEquiv>
            </TextLine>
            <TextLine id="r_11_tl_19" custom="readingOrder {index:18;}">
               <Coords points="8793,5945 8865,5930 8893,5951 8958,5955 8993,5927 9077,5923 9152,5955 9230,5930 9268,5936 9268,5877 9199,5889 9168,5873 9083,5892 8977,5873 8793,5880"/>
               <Baseline points="8809,5913 8854,5911 8899,5911 8944,5911 8988,5911 9033,5911 9078,5913 9123,5913 9168,5913 9212,5913 9257,5916 9275,5916"/>
               <TextEquiv>
                  <Unicode>gem Ansehen, - mit Recht!\:fp\</Unicode>
               </TextEquiv>
            </TextLine>
            <TextEquiv>
               <Unicode/>
            </TextEquiv>
         </TextRegion>
      </Page>
   </PcGts>
</validation-wrapper>
