4800 6340
467 474 2622 533 "Giunfra Clementina"
692 609 1572 755 Zum 80. Geburtstag der
463 725 1807 824 Engadiner Dichterin Clementina Gilli
950 824 1327 957 aus Zuoz
549 2982 1688 3085 Durch die Annahme des Romanischen zur vierten
483 3062 1758 3144 schweizerischen Landessprache wurde das Geburts¬
477 3141 1774 3201 tagsfest der Dichterin Clementina Gilli zum willkommenen
483 3197 1771 3277 Anlaß, gleichzeitig die Jubilarin und das Romanische zu
477 3257 1774 3333 ehren. Allerdings sind es doch nur die «Romantsch» und
490 5326 1777 5422 «Ladinisch» sprechenden Bündner, welchen Fräulein Gillis
470 5409 1774 5495 Gedichte — der stattliche Sammelband «Fruonzlas», das
483 5478 1771 5548 bedeutet «Tannen- oder Fichtennadeln» — vertraut sind
483 5544 1764 5614 und die ihre zahlreichen Uebersetzungen, darunter Fede¬
483 5601 1781 5663 rers «Sisto und Sesto», lesen und schätzen können. Uns
493 5657 1774 5726 anderen Schweizern genügt es, zu wissen, wie sehr
493 5723 1781 5802 « Giunfra Clementina» von ihren engeren Kompatrioten,
490 5776 1777 5852 von den Engadinern und ihren Zuozer Mitbürgern, geliebt
483 5839 1774 5912 und verehrt wird. Die alte Dame wohnt mit ihrer jün¬
1857 5326 3151 5432 geren Schwester in Zuoz in einem prächtigen alten Enga¬
1857 5415 3151 5491 diner Haus, es gibt da ein bodenständiges Tor, eine große
1860 5478 3164 5544 Halle, das «Suler», dahinter den Heuboden, und zwei
1857 5534 3168 5607 Stufen führen zur Stube mit Engadiner Ofen und altem
1857 5591 3161 5660 eingebautem Büfett, wo Fräulein Clementina den größten
1867 5657 3171 5730 Teil des Tages arbeitend verbringt. Denn der Geist ist
1857 5716 3151 5792 jung geblieben, und trotz ihrer achtzig Jahre hat die Dich¬
1860 5776 3164 5855 terin kürzlich noch Schillers Wilhelm Tell in ihre roma¬
1860 5836 3154 5918 nische Muttersprache übersetzt. Vertraut sind ihr auch das
3227 4121 4521 4214 Deutsche und das Italienische. Denn Clementina wuchs
3227 4210 4515 4277 auf einem italienischen Landgut auf. Schulen gab es da
3227 4270 4531 4333 nicht, — was sie lernte (und es ist nicht wenig!) — hat ihr
3227 4323 4515 4399 ihre Mutter, eine Planta von Süs, beigebracht. Zwei Jahre
3234 4386 4521 4459 verbrachte sie in einem englischen Institut in Padua. Später
3234 4442 4512 4531 kam sie zum Großvater nach Zuoz, und dahin zog dann
3227 4505 4515 4578 auch die Mutter, mit der sie bis zu ihrem Tode zusammen¬
3227 4564 4521 4647 gelebt hat. Dann wurde Clementina der Mittelpunkt, das
3234 4637 4512 4694 eigentliche Haupt der Familie. Ja, sie ist dem ganzen Dorf
3227 4684 4515 4766 eine Art von «Gotte» (Patin). Und die Engadiner aus den
3234 4747 4521 4826 Nachbardörfern lieben sie auch und kennen und lieben
3234 4809 3555 4905 ihre Gedichte.
3952 4803 4462 4902 Dr. Annemarie Clark.
3227 5094 4455 5243 A l'occasion du 80ème [fml] anniversaire
3234 5213 3959 5342 de Clémentina Gilli,
3227 5316 4118 5445 femme écrivain romanche
3264 5415 4512 5538 Elle a écrit «Fruonzlas», une série de nouvelles charmantes
3240 5524 4518 5587 assurent ceux qui comprennent le romanche. Dans cette langue
3247 5574 4512 5647 elle a traduit nombre d’œuvres et elle continue, malgré son
3237 5620 4512 5697 grand âge. Ne traduit-elle pas aujourd'hui le Guillaume Tell
3247 5683 4518 5746 de Schiller! Son nom n'est pas connu du grand public suisse,
3227 5740 4515 5802 il méritait de l’être à deux titres divers. Clémentina Gilli est un
3240 5779 4518 5855 écrivain de mérite, Clémentina Gilli est une femme de bien que
3227 5842 4521 5908 tous les habitants de Zuoz considèrent comme la providence.
794 1705 1275 1739 \f\Clementina\:f\
685 2506 1569 2565 \fp\\p\Clementina wird zum erstenmal in Genua
698 2555 1572 2618 photographiert, denn sie hat ihre früheste
692 2608 1245 2691 Jugend in Italien verbracht.\:p\
685 2638 1569 2737 \p\Clémentina Gilli passa toute son enfance
698 2724 1572 2777 en Italie et c'est chez un photographe de
692 2777 1582 2853 Gênes qu'elle posa pour la première fois.\:p\\:fp\
2240 1483 2759 1522 \f\Die 80-jährige Dichterin\:f\
2489 3770 4032 3850 \fp\\p\Die 80jährige romanische Dichterin Clementina Gilli in ihrem Haus in Zuoz.\:p\
2489 3810 4521 3909 \p\L’écrivain romanche Clémentina Gilli qui vient de fêter son quatre - vingtième anniversaire.\:p\\:fp\
606 4829 778 4972 \f\Gruppenbild beim Photographen mit Cilli\:f\
2482 4118 3125 4210 \fp\Stehend, das zweite Fräulein
2506 4217 3163 4253 von links, ist Clementina. Un¬
2504 4272 3173 4304 ten rechts zuäußerst sitzt ihre
2500 4321 3161 4353 Schwester. Wir sind ungefähr
2504 4367 3169 4399 im Jahre 1880. Die Liebe zu
2500 4414 3163 4446 den Bergen ist gewaltig im Er¬
2504 4461 3165 4495 wachen. Die Mädchen von Zuoz
2496 4512 3167 4544 haben sich mit Bergstöcken
2496 4562 3169 4598 ausgerüstet und zu gemein¬
2502 4611 3165 4641 samen Ausflügen zusammen¬
2500 4654 3163 4686 getan. In ihren unbequemen
2500 4707 3167 4741 Sonntagskleidern sind sie ein¬
2500 4752 3161 4785 mal von Zuoz nach Schuls ge¬
2506 4800 3167 4832 wandert, gute 40 km. Zum
2504 4849 3171 4881 Photographen! Vor einer ge¬
2498 4900 3163 4932 malten Bergkulisse hat er die
2494 4943 3157 4977 Bündnerinnen aufgenommen.\:fp\
470 4978 3131 5058 \fp\Cette image ne résume-t-elle pas toute une époque? Nous sommes aux environs de 1880. Clémentina (la seconde sur la gauche),
483 5035 3128 5104 sa sœur (assise à l'extrême droite) et quelques amies de Zuoz sont allées se faire photographier à Schuls et pour ce faire elles ont
490 5094 1109 5187 couvert à pied 40 kilomètres.\:fp\
