3736 5464
232 4052 690 4124 „Verbotene Reise"
110 4121 921 4178 \p\Eines der ungewöhnlichsten und sensationellsten
59 4172 920 4220 Reisebücher, die „\g\Verbotene Reise\:g\“ (Verlag
59 4213 920 4255 Ernst Rowohlt, Berlin) der jungen Genferin \g\Ella
65 4251 920 4290 Kini Maillart\:g\, ist kürzlich in deutscher Ueber¬
65 4290 920 4336 setzung erschienen. Ella Maillart ist im Frühjahr
65 4331 920 4377 1935 mit Peter Fleming von Peking aufgebrochen,
68 4370 920 4410 hat die öde Hochebene von Tsaidam, die fast tausend
59 4413 920 4448 Kilometer lange Wüste Taklamakan durchquert, um
71 4449 921 4495 auf diesem von Karawanen kaum benützten Wege die
71 4490 921 4530 verbotene westlichste Provinz von Chinesisch Turkestan
61 4525 920 4574 oder Sinkiang zu erreichen, und gelangte von dort
65 4565 920 4613 über die Himalayapässe schließlich nach Kaschmir.
65 4611 896 4647 Man braucht nur zu erwähnen, daß diese Reise durch
65 4649 920 4687 die von undurchsichtigen politischen Machenschaften
68 4687 920 4731 heimgesuchten Provinzen Zentralasiens führte, daß in
65 4729 920 4769 Sinkiang die Grenze der Sowjetunion nahe ist, und
64 4766 920 4807 zwischen Urumtschi und Kaschgar Generäle und Gouver¬
65 4806 920 4854 neure einander bekämpfen — Helden und Intriganten
65 4847 920 4895 nach dem Vorbild der alten Mongolenkhans, Figuren
65 4884 920 4923 auf dem Schachbrett Japans und Englands, Chinas
65 4924 920 4963 und Sowjetrußlands —, daß die Fremden in jenem
77 4963 921 5004 fast unbekannten Land in obskuren Gefängnissen ver¬
71 5005 921 5036 schwinden, ein Schicksal, dem auch die Mitglieder der
74 5036 920 5087 Citroën-Expedition und der gewandte Sven Hedin
71 5075 921 5122 kaum entgingen — man mag außerdem bedenken, daß
71 5119 921 5174 Ella Maillart und ihr Begleiter mehr als 3500 Kilo¬
77 5160 921 5204 meter auf Wüstenspuren, auf den von Staubstürmen
77 5198 921 5255 und Kälte und gewaltiger Oednis gezeichneten Hoch¬
83 5236 920 5289 ebenen Asiens zurückgelegt haben —, und man wird
931 3999 1783 4056 die Kühnheit ihrer Unternehmung, ihren Aufwand an
925 4050 1714 4093 Ausdauer und Mut, vielleicht ermessen können.\:p\
988 4090 1797 4128 \p\Aber nicht um die Darstellung von bestandenen
916 4108 1797 4179 Gefahren, nicht um die Sensation des persönlichen
916 4172 1798 4229 Erlebnisses geht es Ella Maillart, ebensowenig um
916 4203 1797 4246 die Schilderung der politischen Zustände, die sie doch,
916 4243 1797 4296 wo es nötig ist, mit Sicherheit zu geben versteht.
915 4286 1774 4326 Nicht um wissenschaftliche Forschung, nicht um ethno¬
916 4319 1797 4388 graphische Beobachtung, obwohl die Verfasserin mit
916 4361 1797 4424 intelligenter Klarheit solche Fragen erfaßt und in
916 4399 1797 4443 ihren Bericht einreiht. Sie ist, obzwar sie über die
916 4440 1797 4504 dazu nötigen Gaben frei verfügt, keine professionelle
916 4482 1797 4525 Berichterstatterin, Forscherin, und am wenigsten das,
916 4522 1797 4574 was man sich unter einer Abenteurerin vorstellt. Als
916 4555 1777 4605 ich sie einmal fragte, wohin ihre nächste Reise sie
937 4597 1779 4650 führen werde, schüttelte sie den Kopf: „Vorläufig
916 4634 1774 4680 habe ich keine Pläne. Ich reise nur, wenn es un¬
916 4672 1797 4731 bedingt nötig für mich ist, wenn ich nicht anders
916 4713 1797 4758 kann." Ein aufschlußreiches Bekenntnis! Man lese
916 4753 1797 4814 daraufhin ihr Buch: es ist viel mehr als ein gewöhn¬
916 4794 1798 4839 liches Reisebuch, es ist gründlich verschieden von den
916 4836 1775 4886 Reportagen, die wir kennen. Man spürt deutlich:
916 4877 1797 4924 diese Frau schreibt nur, wenn sie nicht anders kann.
916 4912 1797 4979 Und da stellt sich die große Frage: Was ist der An¬
915 4953 1766 5016 trieb, den Ella Maillart mit einigen Wenigen teilt –
916 4993 1797 5036 der Trieb, immer wieder „aufzubrechen", die Neu¬
916 5032 1797 5097 gierde, der Drang, die Welt zu erforschen, ihren Ge¬
916 5065 1797 5117 heimnissen nahe zu kommen? Und warum bricht Ella
916 5112 1782 5166 Maillart, wie sie es selbst bekennt, am liebsten allein
916 5148 1774 5219 auf? Da ist einmal das fast unstillbare Begehren
916 5197 1797 5235 nach einer Freiheit, die im Falle Ella Maillarts
915 5232 1797 5304 sicher keinen Mangel an innerer und äußerer
1817 3997 2674 4045 Disziplin bedeutet. Sie hat die Tugenden der Kame¬
1809 4043 2655 4089 radschaft genügend bewiesen: sei es, als sie — vor
1793 4082 2672 4131 zehn Jahren — mit einer Gruppe junger Genferin¬
1793 4115 2672 4178 nen auf der „Bonita das Mittelmeer durchsegelte,
1793 4161 2672 4206 sei es mit ihren Ski- und Bergkameraden oder in
1793 4199 2672 4247 den Monaten der mit Fleming geteilten Einsamkeit.
1793 4240 2672 4298 Die Freiheit, die sie verlangt, ist die Möglichkeit,
1809 4281 2672 4327 allein, aus eigenen Kräften, und befreit von allen
1793 4318 2672 4363 Umhüllungen und Ablenkungen des „zivilisierten
1793 4354 2654 4401 Lebens“ der Welt zu begegnen. Jede Konvention,
1793 4398 2654 4443 jede Institution, könnte nur stören und verwirren,
1793 4438 2672 4470 wenn es darum geht, der Wahrheit näher zu kommen.
1793 4469 2672 4540 Und darum, nur darum geht es. „Atemlos halte ich
1793 4512 2672 4572 ein wenig inne, bewundere die Enziane, die lang¬
1824 4555 2654 4602 gestielten Edelweiß und lausche der Stille der Ein¬
1817 4594 2657 4642 samkeit, dieser Stille, die ich so vermisse, wenn ich
1809 4631 2658 4680 unter Menschen bin, dieser tiefen Stille, die das Herz
1793 4672 2654 4710 mit dem Gefühl der Unermeßlichkeit überflutet.“ Und
1793 4710 2654 4777 Ella Maillart besinnt sich auf „dieses Ich, das bisher
1793 4748 2652 4800 noch nicht die Zeit gefunden hat, etwas ... zu voll¬
1793 4787 2652 4833 bringen, das über mich selbst hinaus dauert, mich
1821 4832 2672 4877 vor dem Nichts errettet und — wenn auch in noch so
1793 4855 2654 4922 geringem Maße — dieses Verlangen nach Ewigkeit
1793 4908 2672 4951 befriedigt, das in mir ist ... Wie in so vielen leeren
1817 4950 2672 4993 Stunden dieser Reise frage ich mich auch jetzt wieder:
1793 4986 2672 5027 was ist es eigentlich, das mich so nach allen vier
1793 5024 2671 5076 Enden der Welt treibt?“ Ella Maillart ist zu weise
1793 5070 2672 5110 und zu bescheiden, um auf die Frage zu antworten.
1817 5108 2654 5155 Aber wir wissen: es gibt keinen legitimeren, keinen
1812 5146 2672 5187 reineren Trieb als den Stachel, sehen und begreifen
1793 5190 2672 5230 zu wollen. Wer einmal sich aus den Bindungen der
1792 5227 2672 5303 Gewohnheit befreit hat, wer einmal seine Einsamkeit
2669 3991 3542 4048 inmitten dem großen, wunderbaren Gefüge, das sich
2690 4039 3539 4084 die Welt nennt, begriffen hat, ihr begegnet ist, den
2669 4082 3538 4134 wird es immer von neuem zu dieser Begegnung
2669 4116 3542 4167 treiben. Ella Maillert hat nur dank dieser Wahr¬
2669 4156 3538 4223 heits- und Ewigkeitssuche ein Buch schreiben können,
2669 4195 3538 4256 das wunderhaft wahrhaftig ist in jeder Zeile, dessen
2669 4239 3538 4280 Verschmelzung mit der großen Welt Asiens einer
2669 4273 3538 4333 Beschwörung gleicht, und nicht zufällig zitiert sie den
2669 4319 2988 4381 Vers Baudelaires:\:p\
2687 4360 3487 4421 [vers]Mais les vrais voyageurs sont ceux-là seuls qui [kein Versbruch]
3414 4415 3538 4469 partent
2669 4431 3493 4501 Pour partir, coeurs légers, semblables aux ballons
2669 4485 3339 4529 De leur fatalité jamais ils ne s'écartent
2669 4505 3476 4581 Et sans savoir pourquoi, disent toujours: Allons!
3170 4562 3503 4629 Annemarie \g\Clark\:g\.
