4288 7165
1253 1208 3061 1291 "Die amerikanische Armee braucht Krankenschwestern"
1282 1284 2157 1354 \p\Im Januar 1941 forderte Bürgermeister La Guardia
1246 1334 2154 1390 die Absolventinnen höherer Mädchenschulen in New
1246 1381 2154 1426 York auf, bei ihrer Berufswahl die Möglichkeiten zu
1244 1419 2154 1457 erwägen, die ihnen als "Nurses" oder Krankenpflege¬
1246 1453 2154 1493 rinnen geboten würden. Ungefähr zur gleichen Zeit
1246 1486 2154 1531 erhielten diplomatierte Nurses ein auszufüllendes For¬
1246 1525 2143 1565 mular, mit der Anfrage, ob sie sich freiwillig für
1246 1554 2154 1608 Dienste bei der Armee oder auf anderen Gebieten
1246 1592 1896 1633 der Kriegsbereitschaft melden wollten.\:p\
1286 1617 2154 1671 \p\Die Anforderungen, die in den Vereinigten Staaten
1246 1646 2143 1709 an die Krankenpflegerinnen gestellt werden, sind ziem¬
1246 1693 2154 1736 lich gross. Als Minimum für die Aufnahme in eine
1259 1732 2157 1772 Pflegerinnenschule wird, wie für die Aufnahme in ein
1246 1763 2154 1808 College oder eine Universität, der Bildungsgrad einer
1246 1799 2154 1842 "Höheren Schule" (High school) verlangt; manche mit
1246 1835 2154 1880 grossen staatlichen oder privaten Hospitälern und Uni¬
1246 1875 2154 1911 versitäten verbundene "Schools of Nursing" verlangen
1246 1902 2154 1950 sogar zwei Jahre College-Studium als Vorbildung. In
1246 1938 2154 1983 diesem letzteren Fall können die Nursing-Studentinnen
1246 1977 2154 2015 nach drei Jahren den regulären Universitätsgrad eines
1246 2010 2154 2051 "bachelor of science" erhalten, falls sie das Examen
1246 2044 2127 2085 mit mindestens 125 Punkten bestehen. Den Nursing-
1244 2076 2154 2127 Studentinnen ohne College-Vorbildung werden die
1246 2114 2154 2159 ersten drei Jahre im einer Pflegerinnenschule mit 70
1244 2148 2154 2197 Punkten angerechnet. Nach diesem ersten Examen er¬
1246 2181 2154 2231 halten sie ein Diplom als ausgebildete Nurse, und es
1246 2222 2154 2262 steht ihnen frei, nach zwei weiteren Jahren Studium
1246 2251 2154 2298 durch das 125-Punkte-Examen den Grad des bachelor
1246 2289 2154 2336 zu erwerben. Damit ist eine Nurse aber erst eine
1244 2318 2154 2361 sogenannte Assistentin. Um als praktizierende Pflege¬
1246 2361 2136 2399 rin zugelassen zu werden, muss sie noch ein Staats¬
1246 2395 2154 2435 examen, das gefürchtete "State board", bestehen. Dieses
1246 2424 2157 2465 Examen dauert fünf Tage. Die Resultate der Prüfun¬
1246 2465 2154 2505 gen werden den Kandidatinnen erst nach zwei bis drei
1246 2496 2154 2546 Monaten mitgeteilt. Das Schulgeld der besseren Schools
1246 2532 2136 2575 of Nursing ist durchschnittlich 200 Dollars. Die Stu¬
1246 2564 2154 2606 entinnen haben freie Station, Nahrung und Wäsche.
1246 2600 2154 2645 Uniformen und Studienmaterial müssen selbst bezahlt
1246 2636 2150 2681 werden; hingegen erhalten die Studentinnen meistens
1246 2672 2145 2714 ein "Taschengeld" von etwa 20 Dollars im Monat. Sie
1246 2705 2154 2750 arbeiten acht Stunden täglich; davon sind meistens
1246 2743 2154 2791 nicht mehr als vier Stunden der Praxis gewidmet; die
1246 2773 2154 2824 übrige Zeit ist ausgefüllt mit Kursen in Anatomie,
1246 2811 2154 2854 angewandter Chemie, Biologie, Ernährungskunde, ele¬
1246 2845 2154 2892 nentarer Pharmazeutik. In der Studienzeit von drei,
1246 2881 2157 2926 respektive fünf Jahren sind Volontäraufenthalte von
1246 2912 2154 2971 je drei Monaten an verschiedenen Anstalten wie Kinder¬
1246 2953 2082 2995 spitälern, psychiatrischen Kliniken etc. inbegriffen.\:p\
1286 2975 2154 3025 \p\Die angehenden Pflegerinnen müssen mindestens
1246 3000 2136 3061 achtzehn Jahre alt sein. Sie legen grossen Wert darauf,
1244 3056 2154 3108 als "Studentinnen" bezeichnet zu werden. Ihre hüb¬
1246 3090 2154 3133 schen, meistens hellblauen Waschkleider, weissen
1244 3119 2154 3177 Häubchen und militärisch zugeschnittenen Mäntel oder
1246 3157 2154 3202 Capee heissen nicht "Tracht", sondern "Uniform". Ihre
1246 3189 2134 3243 Ausbildungszeit darf man ja nicht mit "Training" ver¬
1246 3227 2114 3279 wechseln; es ist "Studium" oder "Schulung". Die be¬
1246 3261 2154 3312 rühmte Florence Nightingale, eine reiche Engländerin,
1246 3294 2157 3357 die zur Zeit des Krimkrieges der britischen Armee
2172 1298 3094 1360 die ersten Begriffe von Hygiene und Verwundeten¬
2172 1358 3094 1401 pflege beibrachte, wird von den amerikanischen Nurses
2172 1392 3094 1432 ein wenig verächtlich oder mit Bitterkeit zitiert; denn
2172 1423 3094 1468 sie neigte dazu, ohne viel Rücksicht auf wissenschaft¬
2172 1457 3094 1511 liche Bildung Pflegerinnen mit praktischen Kenntnis¬
2172 1493 2480 1549 sen zu trainieren.\:p\ [space]
2220 1518 3076 1581 \p\Die Tendenz, das Ausbildungsniveau der Pflegerin¬
2172 1549 3094 1619 nen zu heben, wird in den Vereinigten Staaten von
2170 1606 3094 1651 offizieller Seite aus guten Gründen unterstützt; denn
2172 1642 3094 1689 in den auf den ersten Weltkrieg folgenden Jahren
2181 1682 3094 1718 plötzlicher Prosperität wurden so reichliche private
2170 1709 3094 1752 Schenkungen für Hospitäler und Anstalten gemacht,
2170 1752 3092 1795 dass die Pflegerinnenschulen mehr oder minder seriö¬
2172 1781 3094 1821 ser Art wie Pilze aus dem Boden schossen. Besonders
2172 1815 3094 1860 kleinere Krankenhäuser und Sanatorien unterhalten
2172 1855 3094 1893 gern eigene "Nursing schools", um sich möglichst rasch
2172 1887 3092 1929 möglichst billige Hilfskräfte heranzuziehen. Es ist das
2172 1923 3094 1968 Bestreben nationaler Organisationen wie der "American
2170 1954 3081 2006 Nursing Association" und der "League of Nursing Edu¬
2172 1990 3094 2035 cation" (um die beiden wichtigsten zu nennen), die
2172 2024 3094 2069 Ausbildung von Krankenpflegerinnen in den USA, zu
2175 2060 3094 2100 vereinheitlichen, und die Kandidatinnen dieser Kar¬
2172 2098 3094 2139 riere versuchen entsprechend, in berühmte Schulen wie
2172 2134 3083 2172 die "New York School of Nursing" oder die des städti¬
2172 2163 3094 2206 schen Bellevue-Hospitals für Psychiatrie in New York
2172 2204 3094 2242 aufgenommen zu werden. Fast alle Staaten haben jetzt
2170 2235 3094 2271 mindestens eine Pflegerinnenschule, die an eine Uni¬
2172 2267 3081 2312 versität angeschlossen ist, und die grössten Universitä¬
2172 2303 3094 2354 ten wie etwa Yale und Harvard haben eine Fakultät
2172 2336 2498 2397 für Krankenpflege.\:p\ [space]
2220 2357 3083 2426 \p\In einem anlässlich des Aufrufs von La Guardia an
2172 2397 3081 2462 die New Yorker Schülerinnen gegebenen Interviews
2170 2449 3094 2501 erklärte die Leiterin der Bellevue-Pflegerinnenschule,
2170 2483 3083 2530 hübsch auszusehen gehöre zu den notwendigen Quali¬
2172 2521 3094 2561 täten einer guten Nurse. Die kürzlich in London aus¬
2172 2555 3083 2600 gebrochene Debatte über die Frage, ob Lazarettpflege¬
2172 2595 3074 2638 rinnen Lippenstifte benützen dürften, erregte bei ame¬
2172 2624 2901 2681 rikanischen Nurses nur heiteres Erstaunen.\:p\ [space]
2220 2633 3094 2712 \p\Angesichts des hohen Ansehens, dessen sich der
2170 2681 3094 2755 Pflegerinnenberuf in den Vereinigten Staaten erfreut,
2172 2739 3094 2777 muss man sich wundern, dass die für die neuen Be¬
2172 2775 3094 2818 dürfnisse der Landesverteidigung angeforderten 100 000
2170 2813 3074 2854 Applikantinnen nicht leichter zu finden sind. Die
2172 2838 3081 2887 Nurses der Armee werden zum Teil als "Sekonde-
2172 2876 3092 2932 Lieutnant" qualifiziert; ihr Oberhaupt hat den Grad
2172 2914 3081 2962 eines Majors und wird auch als "Major Stimson" an¬
2172 2953 3094 2995 geredet. (Sie ist mit dem Kriegsminister Stimson ver¬
2172 2980 2300 3029 wandt.)\:p\ [space]
2215 3000 3094 3065 \p\Armee-Nurses erhalten ungefähr die gleiche Bezah¬
2172 3040 3094 3103 lung wie Krankenschwestern in Hospitälern, nämlich
2172 3094 3094 3142 ein Jahresgehalt von durchschnittlich 1200 bis 1400
2172 3126 3094 3175 Dollars, bei freier Station und Verpflegung. Auf mein
2172 3159 3074 3213 Befragen erklärte mir eine Nurse, daß dieses – nach
2172 3198 3083 3245 unseren Begriffen enorme – Salär nicht genüge, um
2175 3234 3094 3290 die Strapazen und Entbehrungen wettzumachen, die sie
2172 3263 2887 3330 im Armeedienst auf sich nehmen müsse ...\:p\
2476 3294 3049 3378 Annemarie Clarac-Schwarzenbach.
