4288 7165
494 4391 884 4462 Schiffs-Tagebuch
295 4443 1089 4497 Von Annemarie \g\Clarac=Schwarzenbach\:g\
437 4485 940 4545 III. (Vergl. Nr. 516 und 518.)
416 4537 1155 4592 \p\An Bord des \g\„Colonial“\:g\, 23. Mai 1941.\:p\
286 4592 1155 4643 \p\Wir haben den Wendekreis des Krebses hinter uns,
231 4617 1155 4684 sind bald auf der Höhe der Senegalmündung, werden
232 4668 1155 4715 vielleicht morgen von den Engländern in Freetown
231 4701 1155 4754 aufgehalten werden. Es heißt jetzt, daß unser Schiff
238 4731 1125 4784 in Pointe Noire anlegt, und einige Belgier raten mir
225 4761 1155 4819 dort auszusteigen statt in Sazaire. Ich würde drei
232 4803 1155 4847 oder mehr Tage gewinnen, da man von Pointe Noire
225 4839 1155 4875 acht Stunden mit der Bahn direkt nach \g\Leopold¬
231 4866 1155 4923 ville\:g\ gelangt, während man von Sazaire zuerst
227 4909 1155 4959 einen Flußdampfer nehmen muß. Voraussetzung ist
231 4937 1155 4989 freilich, daß die französischen Behörden in Tago Gaul¬
225 4971 1155 5018 listen sind und mich nicht an der Einreise in den bel¬
229 5007 1156 5057 gischen Kongo hindern, denn ich möchte mich nicht
232 5042 806 5090 auf unnötige Abenteuer einlassen.\:p\
288 5065 1156 5118 \p\Die Belgier, die ich auf dem Schiff kennengelernt
234 5106 1155 5169 habe, gefallen mir sehr, sie sind freundlich, offenherzig
229 5141 1156 5185 lebensfreudig, und zeigen keinerlei Zeichen von Ent¬
232 5180 1155 5219 mutigung oder Bitterkeit. Madame L... deren Mann
225 5206 1155 5260 in England bei den belgischen Truppen steht, geht mit
225 5252 1155 5290 ihrem dreijährigen Bübchen nach Elisabethville, um
225 5288 1125 5325 eine Stelle als Advokatin anzutreten. Kapitän C.
225 5316 1155 5353 kehrt mit seiner Frau und drei bezaubernden Buben
225 5346 1155 5389 in den Kongo zurück, um wieder eine Anstellung auf
229 5382 1141 5424 einem Flußdampfer zu finden. Er sagt, der Kongo
219 5418 1155 5470 könne sich mit seinen Reserven der großen Gesellschaf¬
219 5455 1155 5500 ten aus dem Mutterland, und seinen eigenen Reich¬
219 5491 1155 5535 tümern, auf Jahre hinaus selbst erhalten, dabei wird
225 5519 1155 5565 sich das wirtschaftliche Leben selbständig entwickeln
218 5548 1155 5603 und neue Bahnen einschlagen. Madame de Vl., die
229 5588 1131 5626 Frau des Ministers der Kolonien, und ihr vlämischer
232 5625 1137 5669 Seelsorger machen jeden Vormittag im kleinen Salon,
223 5660 1085 5702 wo ich arbeite, mit den Kindern Schulaufgaben, —
223 5694 1155 5732 zwei lustigen, gut erzogenen, rotblonden Mädchen von
223 5729 1155 5772 etwa zehn und zwölf Jahren, und einem netten, klei-
219 5757 1155 5802 neren Buben, der lieber auf dem Teppich für sich
223 5793 1127 5837 allein Karten spielt. Monsieur Cattier, der Schiffs¬
219 5832 1155 5866 armaturen fabriziert und der Sohn eines der größten
223 5864 1155 5904 belgischen Bankiers ist, fährt nach Amerika. Er glaubt
225 5894 1155 5933 nicht, daß man des Krieges und der belgischen Nieder¬
219 5927 1155 5978 lage wegen auch nur vorübergehend die normalen
223 5960 1156 6009 Tätigkeiten von Industrie und Handel aufgeben müsse,
223 5995 1156 6053 die sich von selbst neue Mittel und Wege aneignen
225 6038 1155 6085 würden. Europa werde, wer immer siege, gezwungen
219 6075 1155 6115 sein, eine Union mit eng liierten Märkten zu schaffen.
229 6104 1155 6146 Dieser Mann mit dem großen, weißen Gesicht und der
225 6132 1155 6209 tiefen Narbe in der Mitte der Stirn weiß so viel mehr
1170 4394 2075 4446 Tatsachen als ich, um seine optimistischen Ansichten zu
1166 4433 2075 4481 belegen, daß mich jedes Gespräch mit ihm erfrischt
1163 4462 2068 4524 und mutig stimmt. Dann ist noch eine Journalistin
1160 4503 2075 4545 da, die viel von ihren diplomatischen Missionen
1170 4533 2075 4583 spricht, und so exaltiert und nervös ist, daß es sich
1160 4573 2065 4617 auf ihrem leicht gequälten, nicht mehr jungen Gesicht
1160 4599 2075 4652 schon wie eine Krankheit abzeichnet. Vielleicht hat sie
1158 4651 2075 4686 sich zu viel zugemutet, aber mir scheint, es stehe viel
1159 4682 2075 4723 echte Intensität, mehr als bloßer weiblicher Ehrgeiz
1159 4707 2075 4756 dahinter, auch weiß sie, daß es heute politisch keine
1170 4749 2075 4792 Kompromisse mehr gibt. Denn was wissen wir, was
1158 4769 2075 4826 von der früheren Welt zurückbleiben wird? Ich sehe,
1159 4808 2075 4862 daß zwischen einem Belgier und mir, jetzt, da wir
1159 4850 2075 4896 uns außerhalb des Albdrucks der Kampfzone, drohen¬
1158 4890 2075 4926 der Gewalt, auch nur der Polizei von Lissabon, be¬
1158 4918 2075 4961 finden, überhaupt kein Unterschied der Meinungen in
1158 4953 2075 4995 allen wesentlichen Fragen besteht: wie man leben
1158 4982 2075 5027 wolle, was man für seine Kinder wünsche, welche
1157 5018 2075 5070 Rechte und Pflichten man innerhalb einer menschlichen
1166 5056 2075 5099 Gemeinschaft voraussetze, und, nötigenfalls wie heute,
1158 5094 2075 5132 erkämpfen und verteidigen werde. Aber man höre
1158 5128 2076 5168 etwa einen der unverbesserlich an ein Vorrecht oder
1157 5158 2075 5199 Stückchen Besitztum sich klammernden Privilegierten
1158 5187 2075 5233 früherer Oberschichten an, die den Liberalismus in
1158 5227 2061 5268 unseren Demokratien mißbraucht haben, und die lie¬
1157 5254 2075 5310 ber kurzsichtig noch ein paar Jahre gute Zigarren rau¬
1166 5289 2075 5334 chen, als das geringste persönliche Opfer bringen, um
1158 5325 2076 5381 mitzuarbeiten an der übernächsten Zukunft, die doch
1158 5355 1560 5408 in unseren Händen ist.\:p\
1214 5392 2076 5436 \p\Heute ist mein Geburtstag. Obwohl die Luft dun¬
1157 5428 2075 5478 stig ist, spürt man jetzt die Schwere und Feuchtigkeit
1157 5470 2075 5509 eines ermüdenden Klimas. Es erstaunt mich fast,
1157 5498 2075 5548 daß man trotzdem vorwärtsdrängende Kräfte spürt.
1157 5528 2075 5576 und Momente fast jäher, atemberaubender Freude
1156 5572 1859 5614 einer allerdings besonderen, ernsten Art!\:p\
1211 5613 2075 5675 \p\Nun sind wir seit einer Woche unterwegs, und
1164 5653 2075 5706 jeden Tag habe ich versuchen wollen, mich an den Ab¬
1156 5708 2077 5745 schied von Lissabon zu erinnern. Aber ich bin davor
1155 5746 2070 5787 zurückgeschreckt wie vor einem Schmerz. Ich glaube
1155 5768 2071 5822 nicht, daß man Schmerzen entgehen kann, indem man
1166 5802 2075 5842 sie verschweigt. Würde ich am Bild der Stadt Lissa¬
1156 5842 2076 5885 bon nicht mit so viel Liebe hängen, der Abschied hätte
1155 5871 2076 5914 mich nichts gekostet. Wäre nicht jene portugiesische
1156 5909 2076 5951 Küste so europäisch, so vertraut, so herb entbehrt, der
1155 5942 2075 5989 Gedanke an die letzten Tage dort, den letzten Abend,
1155 5978 2070 6023 und die Stunde, als der Dampfer in lange dauernder
1155 6016 2076 6059 Dämmerung den Tejo hinabglitt, er wäre mir gleich¬
1155 6052 2075 6087 gültig. Würden wir nichts mehr lieben auf dieser
1155 6087 2075 6120 Erde, und uns um diesen Preis die Befreiung er¬
1153 6116 2075 6164 kaufen, — ich glaube, die unnütze Hand würde uns
1155 6145 2075 6203 verdorren, die Stimme erlahmen, die nichts mehr zu
2095 4410 3016 4474 preisen und mit zärtlichem Namen zu nennen hat, und
2093 4452 2898 4495 unsere blicklosen Augen würden starr werden.\:p\
2148 4474 3016 4526 \p\Als damals, in Lissabon, das Schiff sich langsam
2095 4504 3016 4564 und lautlos von der Quaimauer löste, glaubte sich,
2095 4541 3016 4595 soviel Pein nicht zu ertragen, für die es keine Ab¬
2105 4580 3015 4638 hilfe gab, kein Schrei hätte genützt, keine Tränen hät¬
2095 4616 3015 4660 ten mich weicher gestimmt. Es blieb im Inneren die
2093 4643 3000 4702 gleiche, steinerne Stille. Dieses nun langsam sich ent¬
2095 4674 3015 4730 fernende Lissabon habe ich vor drei Monaten, an
2095 4717 3016 4764 einem ähnlich glänzenden Abend, zum erstenmal aus
2095 4750 3016 4797 dem Meer auftauchen sehen. Ich kam aus Amerika
2095 4787 3015 4827 zurück, wo ich wie im Exil täglich die Zeitungen ge¬
2095 4815 3016 4874 lesen, die Radionachrichten gehört hatte. Neuigkeiten
2093 4857 3015 4909 von immer neuen Brandherden, zerstörten Städten,
2093 4883 3015 4941 Flüchtlingsstraßen, besiegten Armeen, versenkten Schif¬
2095 4919 3016 4968 fen, Heeren von Gefangenen. Geschlagenen. Dann lan¬
2095 4961 3016 4999 dete ich, am 10. Februar, in Lissabon, im goldgetränk¬
2095 4989 3015 5038 ten, zwischen Meer und Himmel sich brechenden Licht
2095 5034 3016 5073 tauchte die Küste smaragdgrün empor, mit weißen
2093 5062 3015 5112 Dünen und Wolkenstrichen und safranfarbigen Fel¬
2093 5097 3015 5147 dern, rostroten Felsen, dem Olivengrau windgeneigter
2095 5129 3016 5177 Haine, der Fluß öffnete sich still zwischen seinen ent¬
2095 5166 3016 5214 zückenden Ufern, im Osten senkte der Himmel sich
2095 5199 3016 5246 schwerer über Hügelland, Wäldern und Reben, die
2100 5233 3016 5275 man nicht sehen, nur erraten konnte, und wie be¬
2095 5264 3015 5313 ruhigend war es, mit dem Blick einer ins Innere
2095 5299 3015 5344 ansteigenden Straße zu folgen! — Plötzlich lag da
2095 5333 3015 5375 Lissabon, so schön, so herrlich erleuchtet, daß es die
2100 5364 3016 5420 vision einer Stadt schien. Die Dächer schichteten sich
2093 5394 3015 5452 über weißen Mauern zwischen steilen Gassen, Kirch¬
2095 5439 3016 5483 türme überragten sie, barocke Fassaden weiteten sich
2095 5472 3016 5514 am Rand von Plätzen, zu denen hundert Treppenstufen
2093 5502 3015 5561 hinaufführten, Hügel umrahmten im Halbkreis den
2095 5540 3015 5585 die Bucht sprengenden Stadtkern, den höchsten krön¬
2095 5576 3016 5619 ten die Ockermauern der alten Festung Saint-George,
2095 5605 3015 5661 aber unten am Hafen löste sich das streng geformte
2093 5640 3000 5696 Gefüge auf in Segeln und Barken, Masten, Schorn¬
2093 5674 3015 5743 steinen großer Dampfer, einem in den Meerwind ge¬
2095 5712 2484 5757 worfenen Fahnenspiel!\:p\
2141 5743 3016 5796 \p\Ein so schönes Land, dessen Boden ich wirklich
2095 5768 2995 5821 mit überschwenglicher Freude betrat, — als ich es
2095 5813 3015 5856 jetzt vor einer Woche, verlassen mußte, war mir wäh¬
2095 5852 3003 5899 rend der grausam langsamen Ausfahrt zumute, als
2093 5878 3015 5934 hinge mein Blick in der Stunde der Trennung an den
2093 5914 3015 5978 Zügen eines geliebten Wesens, dessen Hand ich schon
2095 5953 2534 5993 nicht mehr erreichen kann.\:p\
2140 5977 3015 6028 \p\Ueber der Stadt, die mir nun ganz anders ver¬
2095 6018 3003 6066 traut war, lag ein verklärendes Licht, das stärker war
2095 6052 3016 6111 als aller Glanz von Frühjahr und Sommer, gesättig¬
2095 6087 3016 6131 ter als die goldwarme Färbung des Herbstes, klarer
2095 6124 3000 6172 als die kalte Schärfe der Morgendämmerung, reicher
2095 6157 3016 6220 und trauervoller als jene Melancholie der sich aus¬
3023 4422 3944 4469 breitenden Abendschatten, welche die Ueberreife eines
3038 4453 3941 4504 heißen Tages hinüberführt in die den Atem besänf¬
3022 4498 3947 4539 tigende liebende Nachtstille. Dieses Licht der Abschieds¬
3023 4537 3952 4576 stunde schien wirklich nur noch vom Himmel genährt,
3022 4557 3952 4617 und senkte sich einem goldenen Schild ähnlich lang¬
3023 4589 3947 4641 sam, von ehernen Klängen begleitet, über Stadt, milde
3023 4635 3949 4682 Ufer, Flußweite und Meer, sein Leuchten säumte die
3047 4664 3947 4709 Hügel mit Flammenkronen und tauchte den Ozean¬
3023 4692 3950 4745 horizont in stählerne Feuer, aber über den grünen
3023 4742 3952 4780 Rändern des Tejos wurde es weich wie Sammet und
3022 4768 3949 4819 schien Taufrische auszugießen, welche die Wiesen auf¬
3023 4803 3943 4842 schwellen ließ und die Sanddünen in Perlenfelder ver¬
3023 4831 3954 4889 wandelte. Die Stadt war greifbar nahe, jede Haus¬
3022 4863 3952 4920 mauer trat von Schatten begrenzt deutlich hervor, in
3023 4906 3949 4946 den Fenstern ballte sich die Sonne wie in Glas¬
3023 4938 3952 4981 kugeln, die Gassen waren tiefe Rinnen voll lärmen¬
3023 4981 3947 5016 den Lebens, und weiteten sich, um in die entfernten
3022 5020 3951 5063 rötlichen Anhöhen zu schießen, die Glockentürme er¬
3022 5046 3948 5090 höhten sich, bis sie über den Ziegeldächern schwebten,
3021 5086 3949 5127 und ihre Glocken mächtig und gelassen durch die von
3022 5115 3954 5152 Goldstaub zitternde und gleißende Luft schwangen. Im
3022 5147 3940 5186 brausenden Abendgeläut sah ich also Lissabon noch
3022 5184 3949 5224 einmal, unten auf dem Hafenquai drängte sich die
3022 5213 3941 5262 Menge, als ich mich abwandte, war drüben das Ufer
3022 5249 3940 5295 schon schattig, und auf dem nun tiefblauen, beruhigten
3022 5288 3943 5327 Wasser standen die Schwingen der Segler, ich wollte
3022 5318 3947 5362 den Atem anhalten. Die Zeit verrann trotzdem, die
3022 5353 3943 5397 Taue lösten sich, die Schiffswand, die mir mächtig an¬
3022 5390 3943 5429 zuwachsen schien, trennte sich vom Ufer, — und die
3022 5416 3943 5462 Menge der Abschiednehmenden schrie, schrie jubelnd
3021 5463 3948 5497 von herzzerreißenden Tränen unterbrochen. Und nichts
3022 5490 3940 5529 vermochte mehr das steinerne Schweigen zu übertönen
3022 5525 3947 5569 die Glocken schwangen wie hinter gläsernen Mauern,
3021 5554 3943 5605 durch die ich Lissabon und die weiße Straße dem Ufer
3021 5591 3943 5652 entlang nach Estoril noch in gleicher Nähe und ganz
3021 5622 3892 5673 deutlich erblickte, aber nicht mehr erreichen konnte.\:p\
3079 5656 3943 5720 \p\Ich weiß wohl, daß ich ein überschwängliches Maß
3021 5703 3943 5752 anlege, — es war ja kein Abschied fürs Leben. Aber
3021 5745 3947 5782 er ist unwiderruflich, und ich bin nicht sicher, ob mein
3036 5772 3944 5820 Heimweh genügen wird, um noch einmal zurückkehren
3038 5811 3943 5852 zu dürfen, sogar wenn es mich verzehrt. Auch sind
3021 5842 3943 5884 viele meiner Mitreisenden, und ich selbst, keine Flücht¬
3019 5880 3943 5927 linge, sondern gehen an Schauplätze, wo ein Abschnitt
3036 5912 3947 5954 der europäischen Zukunft vorbereitet wird. Aber wir
3021 5939 3944 5992 haben doch die Küste Europas, und alles Geliebte
3032 5982 3943 6024 zurücklassen müssen. Und keiner, der jetzt für sich allein
3021 6009 3948 6066 ist, hat ein genügendes Maß, um jenen Schmerz ganz
3021 6054 3937 6091 zu ermessen. Am gleichen Abend kam dann die
3035 6082 3940 6140 Dunkelheit doch rechtzeitig, und löschte das Bild der
3021 6109 3824 6171 im nächtlichen Meer versinkenden Hügel aus.\:p\
3353 6155 3604 6229 (Schluß folgt.)
