3771 5669
490 733 2824 892 BEI DEN "VEREINIGTEN BERGARBEITERN AMERIKAS"
1387 909 1958 990 VON ANNEMARIE CLARK
143 1004 890 1075 JOHN L. LEWIS' ÄLTESTE ORGANISATION
178 1070 890 1132 \p\Am 3. November 1936 hat eine halbe Million ame¬
133 1130 887 1170 rikanischer Grubenarbeiter ihre Stimmen geschlossen
136 1170 887 1213 für die Wiederwahl Roosevelts zum Präsidenten der
143 1206 880 1249 Vereinigten Staaten abgegeben. Obwohl angesichts
138 1246 887 1285 von Roosevelts gewaltigem Wahlsieg diese 500 000
143 1285 885 1330 Stimmen und die gleiche Anzahl Stimmen einiger
131 1327 890 1365 anderer geschlossen für den demokratischen Kandi¬
133 1361 887 1408 daten stimmenden Arbeitergewerkschaften nicht aus¬
138 1403 887 1449 schlaggebend waren, handelte es sich doch hier um
131 1444 880 1484 ein Ereignis von außerordentlicher Bedeutung: zum
131 1477 878 1520 erstenmal in der Geschichte der amerikanischen Ar¬
131 1508 878 1560 beiterbewegung haben Gewerkschaften, also organi¬
133 1556 883 1599 sierte Gruppen von Arbeitern, als politische Einheit
143 1596 883 1637 gehandelt und damit das alte Prinzip der » American
136 1629 887 1675 Federation of Labour« durchbrochen, nach welchem
133 1672 887 1715 jeder Amerikaner frei sein sollte, zu wählen, wen er
131 1710 885 1751 wollte, und die Unions oder Gewerkschaften politisch
131 1746 659 1801 nicht in Erscheinung treten konnten.\:p\
176 1765 887 1848 \p\Die Bergarbeiter, die bei der Präsidentschaftswahl
133 1810 887 1884 ihren einheitlichen Willen kundgetan haben, gehörten
131 1877 890 1924 zu den »United Mine Workers of America«, der
131 1915 878 1960 stärksten und erfolgreichsten Gewerkschaft der Ver¬
133 1948 880 2001 einigten Staaten – der ersten vom Arbeiterführer
136 1993 878 2043 John L. Lewis organisierten Union. Die Prinzipien,
128 2031 871 2077 die der ehemalige Bergmann innerhalb dieser Or¬
131 2067 878 2115 ganisation verfochten und durchgesetzt hat, sind die
131 2110 890 2153 gleichen, die er innerhalb der Stahlindustrie erreichen
131 2143 890 2188 will und um derentwillen im wesentlichen der »General–
128 2184 875 2236 Motors«–Streik durchgeführt worden ist: das Recht für
128 2222 871 2265 die Arbeiter, sich in Industrie–Unions zu organisieren,
126 2260 887 2307 die sich sowohl von den alten Fachgewerkschaften
131 2300 871 2345 wie von den innerhalb der Betriebe eingerichteten,
131 2338 880 2391 meist völlig wirkungslosen »Company–Unions« grund¬
131 2374 457 2431 sätzlich unterscheiden.\:p\
162 2422 887 2479 \p\Es ist selbstverständlich, daß die alten Fach¬
133 2457 887 2517 gewerkschaften, wie die »American Federation of
128 2502 887 2550 Labour« sie vertreten hat, heute, im Zeitalter der
128 2545 887 2593 Massenproduktions–Industrien, ihrer Wirksamkeit be¬
128 2588 887 2633 raubt sind. Nach ihrem Schema sollten noch 1918 zum
128 2624 887 2669 Beispiel die Arbeiter und Angestellten der Stahl¬
128 2662 887 2712 industrie in 22 verschiedene Berufsgruppen und ent¬
128 2700 871 2743 sprechende Fachgewerkschaften aufgeteilt werden.
128 2733 887 2781 Die gemeinsamen, \g\alle\:g\ Arbeiter der Stahlindustrie
128 2776 887 2816 betreffenden Interessen hätten so keine wirksame
128 2814 887 2857 Vertretung gefunden, und die Arbeitgeber ihrerseits
131 2852 871 2900 hätten mit 22 Gruppen verhandeln müssen, um zu Ab¬
128 2888 887 2935 schlüssen über Lohnfragen, Arbeitszeit usw. zu kom¬
128 2931 887 2971 men. Die »Company–Union« wiederum, die Arbeiter¬
128 2971 887 3009 vertretung innerhalb eines Betriebes, hat überhaupt
128 3007 887 3047 keine Macht, sogar wenn die Repräsentanten von den
128 3047 887 3088 Arbeitern selbst gewählt werden dürfen – sie sind
128 3083 887 3133 Angestellte der Gesellschaft und also von dieser ab¬
128 3121 887 3166 hängig wie ihre Kameraden, deren Interessen sie an¬
128 3161 887 3202 geblich vertreten sollen. Werden sie unbequem, so
128 3199 887 3247 kann die Gesellschaft sie unter irgendeinem Vorwand
128 3237 259 3285 entlassen.\:p\
159 3254 887 3330 \p\Lewis fordert nun für seine »Industriegewerk¬
128 3299 887 3368 schaften«, daß sie alleinige Vertreter für alle inner¬
128 3359 887 3404 halb einer Industrie beschäftigten Leute sein sollen
128 3402 887 3454 und daß die Gesellschaften mit ihren Arbeitern durch
902 994 1668 1066 die »Industrial Union« kollektiv verhandeln solle –
911 1063 1670 1120 ein Grundsatz, den Roosevelt selbst wiederholt als
902 1097 1668 1154 Lösung der Streikfrage empfohlen hat. Das von ihm
902 1139 1668 1194 geschaffene »National Labour Relation Board« ist eine
902 1182 1660 1223 schiedsrichterliche Instanz, die schon durch ihr Be¬
916 1218 1670 1275 stehen den Grundsatz des »kollektiven Verhandelns«
902 1256 1413 1313 (Collective Bargaining) anerkennt.\:p\
947 1268 1670 1346 \p\Der General–Motors–Streik hat seine Ziele teilweise
899 1327 1668 1389 erreicht (vgl. ABC, Nr. 2, vom 25. Februar 1937). Die
902 1380 1668 1420 Organisation der Stahlindustrie durch das ClO. (Ko¬
902 1422 1668 1463 mitee für Industriegewerkschaftliche Organisation) ist
909 1456 1668 1496 in vollem Gang. Für beide Industrien war die Or¬
909 1489 1668 1541 ganisation der »Vereinigten Bergarbeiter« Ansporn
911 1527 1101 1587 und Vorbild.\:p\
902 1606 1625 1694 EIN FEST DER ARBEIT IN ISABELLA
902 1656 1009 1739 MINE
952 1734 1656 1791 \p\Als ich an einem nebligen Januartag in Pittsburgh
902 1765 1668 1822 in den Büros der ClO. Instruktionen und Briefe für
902 1815 1668 1870 meine Reise durch die Kohlengebiete abholte, war
902 1860 1658 1905 die Person von John L. Lewis durch den General–
902 1896 1668 1946 Motors–Streik in den Mittelpunkt des öffentlichen
906 1936 1668 1977 Interesses gerückt – Pittsburgh, die Zentrale seines
909 1974 1668 2031 Generalstabes, war wichtiger als Neuyork und
906 2010 1087 2060 Washington.\:p\
942 2024 1668 2103 \p\Ich verließ die Stadt gegen Abend. Kaum hatte
909 2084 1658 2131 ich die vom gewaltigen Flammengürtel der Hochöfen
902 2124 1648 2169 erhellten Industriequartiere Pittsburghs hinter mir ge¬
902 2165 1668 2212 lassen, erblickte ich von einer Anhöhe aus neuen
911 2205 1653 2241 Feuerschein, einen Kranz kleiner Flammen, darüber
906 2241 1668 2291 schwelenden gelben Dampf: es waren Koksöfen, die
902 2279 1668 2345 wie Wall und Mauer die Grubenstadt Uniontown um¬
909 2319 1009 2374 gaben.\:p\
940 2334 1658 2403 \p\Man hatte mich hier an einen Gewerkschafter und
906 2391 1653 2441 Organisator der » United Mine Workers« gewiesen –
902 2431 1668 2474 dessen Adresse, ironisch genug, »Park Avenue« lau¬
902 2474 1663 2519 tete. Park Avenue ist die feinste und teuerste Straße
902 2507 1668 2557 Neuyorks – in Uniontown nahm sie sich etwas anders
902 2552 1668 2588 aus. Ich fand das Häuschen der Familie Held am Ende
902 2588 1668 2638 eines lehmigen, unbeleuchteten Weges auf einem
902 2621 1668 2671 Hügel am Rande der Stadt. Der Mann war ausge¬
902 2659 1368 2709 gangen, an eine Versammlung.\:p\
942 2674 1668 2750 \p\»Samstag und Sonntag sind für ihn immer die an¬
902 2740 1668 2788 strengendsten Tage der Woche«, erzählte mir seine
902 2776 1668 2824 Frau, die gerade damit beschäftigt war, ihren kleinen
902 2816 1668 2864 Sohn in der Küche in einer Blechwanne zu waschen.\:p\
944 2857 1668 2909 \p\Am folgenden Tag – einem Sonntag – nahm
902 2895 1668 2945 mich Mr. Held nach dem etwa 20 Meilen entfernten
902 2940 1668 2981 Ort Isabella Mine mit, wo ein Versammlungs– und
902 2978 1668 3023 Festlokal eingeweiht wurde, welches aus Mitteln der
902 3014 1668 3057 Gewerkschaft errichtet worden war. Das Bild der Ver¬
902 3050 1668 3097 sammlung war höchst eindrucksvoll. Zum erstenmal
902 3092 1668 3138 in den Vereinigten Staaten sah ich alle Widerstände
902 3130 1668 3168 überwunden, welche sonst dem Fortschritt der Ar¬
902 3168 1668 3218 beiterbewegung und jedem sozialen Fortschritt in
902 3209 1668 3249 Amerika so gefährlich sind: Schotten und lren saßen
902 3245 1668 3287 neben Slawen und »Hunkies« (Ungarn) auf den schma¬
902 3285 1668 3330 len Bänken, ein blonder Bergmannssohn saß um¬
902 3325 1648 3366 schlungen mit seinem Freund, einem kleinen, kraus¬
902 3361 1668 3404 haarigen Negerjungen. Die Stimmung war festlich,
902 3399 1668 3454 dabei gehalten, ernst – mit vorzüglicher Disziplin
1687 1001 2452 1085 hörte man ohne Zeichen von Ungeduld drei Stunden
1687 1070 2452 1120 den Ausführungen der Redner zu, die ihrerseits klar,
1687 1113 2452 1166 sachlich, undemagogisch, gleichzeitig entschlossen
1687 1144 2091 1211 und optimistisch sprachen.\:p\
1732 1182 2455 1239 \p\Ein Versammlungslokal – ein einfaches Gebäude,
1687 1225 2452 1270 die Tribüne geschmückt mit den amerikanischen Far¬
1687 1270 2452 1313 ben und den Photographien Roosevelts und John
1687 1306 2452 1351 L. Lewis' – und eine Festversammlung, wo man an
1687 1351 2452 1392 die Zeiten der Verfolgung und Verfemung »organi¬
1687 1387 2452 1434 sierter« Arbeiter erinnerte, an die Jahre bis 1933, als
1687 1420 2436 1468 bewaffnete Polizei jede Ansammlung von Arbeitern
1687 1461 2452 1501 sprengte, als jeder Streikversuch mit Maschinen¬
1687 1499 2452 1541 gewehren beantwortet wurde, als friedliche Demon¬
1687 1539 2452 1584 strationen von Frauen und Kindern blutig ausein¬
1684 1579 2433 1618 andergetrieben, ihre Männer entlassen, ganze Gruben
1687 1615 2452 1665 geschlossen, die Arbeiterschaft dem nackten Elend
1687 1653 2452 1694 überlassen wurden. Man pries das Erreichte: eine
1687 1687 2452 1736 starke, geeinte Gewerkschaft, mit fähigen Vertretern,
1687 1729 2452 1784 die das Vertrauen der Arbeiter genossen und mit
1687 1763 2452 1805 den Arbeitgebern sachlich und intelligent zu unter¬
1687 1805 2452 1858 handeln verstanden. Man sprach die Hoffnung aus,
1687 1839 2438 1889 daß in der Automobilindustrie, in der Stahlindustrie
1687 1877 2452 1929 bald etwas Aehnliches erreicht sein würde, und daß
1687 1922 2455 1960 man besseren Zeiten entgegengehe, daß der Arbeiter
1687 1958 2452 2003 ein Recht auf seine Arbeit, ein Heim »mit Teppichen,
1687 1991 2452 2050 Bildern an den Wänden, Blumen vor den Fenstern«
1687 2034 2452 2081 haben würde ... und man schloß mit einem Hoch auf
1687 2072 2100 2129 den Präsidenten Roosevelt.\:p\
1725 2103 2452 2160 \p\Eine solche Versammlung, schien mir, sei das
1687 2141 2433 2198 Selbstverständlichste auf der Welt – die Männer und
1687 2193 2452 2243 Frauen hier aber empfanden die Freiheit, sich zu ver¬
1687 2234 2452 2288 sammeln, das Recht, ein eigenes Lokal zu haben, als
1684 2267 2433 2317 einen ungeheuren Fortschritt, als ein Zeichen der Be¬
1687 2303 1805 2364 freiung!\:p\
1687 2384 2246 2472 „AMERIKANISCHE FREIHEIT“
1725 2457 2452 2521 \p\Während der nächsten Tage konnte ich feststellen,
1687 2498 2452 2557 daß Uniontown und Isabella Mine, »organisierte«
1687 2552 2436 2605 Grubenorte, wo gearbeitet und verdient wurde, wo
1687 2590 2452 2638 der Arbeiter in Frieden und Selbstachtung leben
1687 2629 2436 2671 konnte, durchaus keine Selbstverständlichkeit sind.
1689 2667 2452 2714 Tagelang fuhr ich durch die dramatische Kohlenland¬
1687 2709 2436 2752 schaft Amerikas, wo die Erde schwarz ist und der
1687 2743 2452 2786 Horizont beherrscht von den schwarzen Schlacken¬
1687 2781 2452 2824 hügeln. Und immer das gleiche Bild trostloser »Com¬
1687 2824 2452 2866 pany Towns“ – Grubenstädte, die man hastig errichtet
1687 2859 2424 2902 hatte, wo eine Kohlengrube Gewinn versprach –
1687 2897 2452 2945 reihenweise winzige, armselige, hölzerne Häuser, ohne
1687 2935 2452 2985 Gärten, auf schwarzem Boden, provisorische Baracken
1687 2973 2452 3019 für Menschen, die hier nur des kargen Lohnes wegen
1687 3011 2452 3052 arbeiteten, und die keine Aussicht hatten, je ihr Los
1687 3052 2452 3097 und das ihrer Kinder zu verbessern. »In Amerika ist
1687 3090 2452 3128 jeder frei, sich sein Schicksal aufzubauen und sein
1687 3128 2452 3168 Glück zu machen, wenn er nur ein paar tüchtige Arme
1687 3164 2452 3226 besitzt« – das ist die alte Rechtfertigung reaktionärer
1687 3204 2452 3252 Kreise für den Mangel sozialer Gesetzgebung, an
1687 3242 2429 3287 Versicherungs– und Fürsorgemaßnahmen. Aber wie
1687 3276 2452 3335 nimmt sich heute diese »amerikanische Freiheit« aus?\:p\
1725 3318 2429 3366 \p\In \g\Scottsrun\:g\, einer »verlassenen Grubenstadt«,
1687 3361 2438 3406 fand ich die Arbeitslosen, jung und alt, Weiße und
1687 3402 2452 3461 Neger, reihenweise an der besonnten Wand des ein¬
2457 1001 3216 1080 zigen Drugstores sitzen, wartend – auf was? Es han¬
2457 1073 3218 1111 delte sich um ein »Kriegskind«, um eine Grube, die
2457 1108 3216 1151 während der Hausse der Weltkriegszeit rasch eröffnet,
2462 1154 3209 1194 ohne Sorgfalt ausgebeutet worden war – jetzt hat
2457 1187 3216 1235 eine der Gesellschaften Bankrott gemacht, die Grube
2457 1227 3216 1275 ist geschlossen, die Männer, die man zur Arbeit her¬
2457 1268 3211 1315 angezogen hatte, bleiben mit ihren Frauen und Kin¬
2457 1301 3209 1349 dern in ihren elenden Behausungen zurück. Die auf
2457 1342 3211 1384 dem Gebiet der Wohltätigkeit überaus aktiven Quäker
2457 1375 3173 1432 hatten in Scottsrun eine Suppenküche errichtet ...\:p\
2500 1418 3223 1470 \p\Das Gegenstück zu diesem trostlosen Ort bildet
2457 1439 3221 1501 \g\Westmoreland\:g\, eines der von Roosevelt ins
2457 1496 3218 1546 Leben gerufenen Regierungsprojekte, wo arbeitslosen,
2455 1537 3221 1582 gestrandeten Bergleuten eine neue Existenz geboten
2464 1570 3223 1625 wird. Die »Heimstätten« befinden sich mitten im
2457 1606 3211 1653 Kohlengebiet der Frick Company – viele der dor¬
2457 1651 3211 1689 tigen Gruben wurden während der Krisenjahre ge¬
2457 1684 3211 1732 schlossen, andere später aufgegeben, als die Gesell¬
2457 1720 3211 1770 schaft im Westen neue, leichter auszubeutende Gru¬
2457 1760 3221 1808 ben eröffnete. Viele der Siedler von Westmoreland
2457 1801 3211 1841 waren seit Jahren arbeitslos, aller Existenzmittel be¬
2457 1839 3211 1884 raubt. Statt das Geld für Unterstützungen und un¬
2457 1877 3221 1920 fruchtbare Wohltätigkeit auszugeben, hat die von der
2457 1913 3221 1958 Regierung beauftragte »Resettlement Administration«
2457 1955 3221 1996 (Behörde für Umsiedlung) ein Stück fruchtbares Land
2457 1989 3221 2039 angekauft, Häuser errichtet, eine kooperative Form
2457 2029 3221 2079 mit großer Hühnerzucht ist entstanden – aus den
2462 2067 3223 2110 früheren Bergwerksarbeitern werden tüchtige Farmer,
2457 2105 3221 2155 aus den willenlosen Bewohnern von Baracken, die
2462 2148 3216 2188 der Grubengesellschaft gehören und von einem »Boß«
2457 2188 3216 2229 diktatorisch beherrscht wurden, erzieht man in West¬
2457 2222 3211 2269 moreland selbständig denkende Menschen, die nicht
2462 2260 3216 2303 nur ein Haus, Gartenland und Arbeit erhalten, sondern
2462 2295 3211 2348 als verantwortliche Glieder einer kollektiven Siedlung
2457 2334 3221 2388 zum erstenmal ein Leben der Selbstachtung führen
2457 2374 2579 2419 können.\:p\
2457 2431 2824 2507 MENSCHENRECHTE
2457 2491 2950 2574 GEGEN BESITZESRECHTE
2500 2548 3211 2617 \p\Westmoreland mag als ein Beispiel »produktiver
2457 2586 3214 2655 Unterstützung« dienen – aber unter großem Kosten¬
2464 2650 3216 2698 aufwand sind dort nicht mehr als einige tausend ge¬
2457 2695 3211 2743 strandete Opfer der amerikanischen Industrie unter¬
2474 2731 3211 2776 gebracht worden ... Wichtiger, viel wichtiger scheint
2457 2766 3209 2807 es doch, früher und gründlicher einzugreifen und
2457 2805 3211 2850 dafür zu kämpfen, daß das Element »Arbeit« nicht
2457 2843 3211 2883 mehr unter dem Schlagwort der »Freiheit« rechtlos
2457 2881 3211 2926 den Mächten der Konjunktur, des Profitsystems und
2455 2921 3216 2962 der Willkür der Unternehmerschaft ausgeliefert sei.
2457 2957 3211 3000 Solange diese Mächte darauf rechnen können, die
2457 2992 3216 3045 Stärkeren zu sein, wenn man es auf brutalen Gewalt¬
2457 3031 3216 3076 kampf ankommen läßt, so lange werden sie dem Ar¬
2457 3069 3216 3119 beiter das Recht zur Organisation und einer kollek¬
2457 3107 3211 3147 tiven Vertretung verweigern. John L. Lewis hat es
2457 3142 3216 3190 verstanden, die zersplitterten Kräfte der Arbeiterschaft
2457 3183 3211 3223 zu einer Macht zu einigen, die man fürchtet und die
2457 3218 3211 3271 sich Respekt verschafft. Das scheint der einzige heute
2457 3257 3061 3314 beschreitbare Weg zu sein, um den Satz:
2550 3302 3121 3361 »Human right's against property rights«
2541 3345 3173 3411 »Menschliche Rechte gegen Besitzesrechte«
2455 3399 3152 3466 in Amerika zur praktischen Geltung zu bringen.\:p\
