3760 5456
2079 3055 2475 3112 „Der große Kamerad“
1980 3106 2576 3157 Roman von Alain-Fournier
1898 3158 2696 3204 \p\Wenige Bücher sind der Uebersetzung so wert
1848 3195 2693 3236 wie dasjenige des jungen Franzosen Alain-Four¬
1849 3233 2696 3271 nier, „Le grand Meaulnes“. Man könnte es ein
1847 3266 2696 3306 modernes Märchen nennen, doch würde man
1860 3293 2698 3339 damit erst einen Teil seiner zauberhaften Atmo¬
1851 3335 2696 3372 sphäre erklären. Denn wenn der junge Held des
1847 3366 2696 3406 Buches ein Weltfremder und Träumer ist, so ist
1847 3399 2695 3439 er doch auch der große Kamerad, der unerschüt¬
1847 3436 2695 3474 terlich treue Gefährte, welcher Wildheit, Kraft
1849 3473 2696 3506 und gebändigten Stolz mit der scheu verborgenen
1845 3504 2700 3552 Sehnsucht nach einer phantastischen, an Geheim¬
1847 3540 2379 3578 nissen reichen Welt verbindet.\:p\
1897 3557 2696 3607 \p\Meaulnes hat ein großes Erlebnis gehabt, in
1843 3605 2702 3643 einer halb traumhaften Festnacht hat er ein
1844 3638 2699 3674 Mädchen getroffen, das er liebt und dessen Namen
1846 3672 2702 3711 er nicht kennt. Sie wieder zu finden ist sein ein¬
1849 3706 2697 3753 ziger Wunsch, aber obwohl ihm das Schicksal
1850 3741 2697 3776 wohlgesinnt ist, und seltsame Zufälle seinem
1844 3773 2696 3810 Glück zu Hilfe kommen, wird der große Kamerad
1846 3809 2699 3846 doch sehr unglücklich werden: er scheitert mehr
1844 3843 2702 3889 an seinem Traum als an der Realität seines jun¬
1848 3876 2696 3918 gen Daseins. — Man kann sich dem Zauber dieses
1843 3908 2698 3952 schwermütigen Jugendromans nicht entziehen,
2736 111 3586 169 und man wird in seltsam tiefer Weise berührt
2732 156 3586 203 von seiner reinen und anspruchslosen Sprache.
2733 196 3592 234 Fügen wir noch einen Satz Alfred Neumanns
2745 230 3594 268 hinzu, welcher das Vorwort zu der sehr fein¬
2733 264 3594 301 fühligen Uebersetzung A. Seiffharts geschrieben
2733 302 3593 347 hat: „Seltsamstes Buch einer zugleich sehr alten
2738 330 3591 373 und neuen Romantik, großzügig, mutig im Geist
2732 365 3568 404 und voller menschlicher Wunder."\:p\ A. Schw.
