3593 4502
486 322 1573 425 Dr. Annemarie Schwarzenbach:
1185 531 2391 637 Junge Portugiesinnen in Uniform
665 826 3295 935 \p\Schon in den Jahren, die den Krieg vorbereiteten, aber ganz besonders
468 975 3173 1078 seit dem Beginn des Krieges, haben wir uns daran gewöhnt, die weibliche
459 1114 3337 1225 Jugend vieler Länder in Uniform zu sehen. Es gibt die Uniformen der Jugend¬
468 1257 3334 1362 organisationen in Deutschland, Italien, Japan, Russland, der Türkei und neuer
471 1395 3248 1504 dings auch in Frankreich, – die Uniformen der Krankenpflegerinnen, die, zum
546 1542 3397 1657 Beispiel im Belgischen Kongo, Khaki tragen und militärisch organisiert sind,
504 1683 3403 1807 und in England wo jedes junge Mädchen und jede junge Frau mobilisiert ist,
474 1826 3316 1938 tragen sie die Uniform von Fliegerinnen, Camionchauffeusen, sozialen Hilfs¬
462 1973 3263 2084 arbeiterinnen, und sogar das Overall der Arbeiterin in kriegstechnischen
465 2116 3131 2228 Fabriken und die weisse Schürze der Laborantinnen gilt als "Uniform", näm¬
480 2265 3269 2371 lich im Sinne eines Ehrenkleides der Nation. Mädchen in Uniform im Dienst
465 2408 3137 2520 des Vaterlandes kennen wir in dieser Kriegszeit auch in der Schweiz.\:p\
1752 2555 3298 2670 \p\[space] Alle diese Uniformen verschiedener Orga
471 2686 3140 2807 sozialer und militärischer Organisationen stehen also im Zeichen der
468 2835 3382 2953 Kriegsanstrengung, und haben mit den Zielen einer Jugendbewegung oder eines
480 2976 3343 3097 erzieherisenen Programms wenig, oder nur mittelbar zu tun. Sogar die Jugend¬
483 3127 3370 3251 organisationen der totalitären Staaten sind weniger dem Gedanken gewidmet,
480 3261 3409 3397 die Jugend in einem allgemein menschlichen Sinn heranzubilden, als dem Ziel,
477 3409 3224 3529 aus ihnen ihr brauchbare, nach ganz bestimmten Richtlinien organisierte
471 3555 1612 3667 Diener des Staates zu machen.\:p\
465 3698 3436 3828 \p\Die meisten dieser Uniformen werden wohl nach dem Krieg wieder verschwinden,
474 3836 3152 3959 und die jungen Madchen, die an den verschiedensten Posten eine oft so
471 3985 3289 4115 aufopferungsvolle Arbeit leisten, werden zu weiblicheren Beschäftigungen,
483 4131 2904 4255 und in ihren gewöhnlichen weiblichen Lebenskreis zurückkehren.\:p\
1561 137 1650 238 –2–
576 426 3367 540 \p\Man mag sich fragen, ob der gute Wille, die Bereitschaft, im patriotischen
582 575 3370 683 und sozialen Sinne, im Geist der Nächstenliebe und der Gemeinschaft sich
579 719 3233 824 einzusetzen, ob dieser "gute Wille", den die Jugend in der Gafehr des
573 865 3301 976 Krieges beweist, später brach liegen und in alle Winde zerfliegen soll,
582 1008 3212 1116 oder ob man ihn nicht zum Besten dieser Jugend und der menschlichen
579 1155 3328 1260 Gemeinschaft der sie angehört, sammeln, formen und auf ein weit über die
582 1298 3340 1406 schrecklichen Notwendigkeiten des Krieges hinausweisendes Ziel richten
582 1447 865 1552 könnte.\:p\
582 1587 3406 1692 \p\Der Staat, der sich um seine Jugend kümmert, kümmert sich um die "Hoffnung
591 1737 3337 1836 seiner Zukunft". Und seine Sorge sollte sich weniger auf praktische, und
582 1877 3409 1985 politisch-ideologische Programme beschränken, als der Heranbildung seiner
582 2020 3373 2125 Jugend zu fähigen, und glücklichen Menschen gelten. Jeder grosse Erzieher
603 2164 3382 2269 wird es als seine Aufgabe bezeichnen, den Charakter der ihm anvertrauten
594 2304 3385 2415 jungen Menschen zu bilden. Aber in den Programmen heutiger Jugendorgani¬
591 2450 3310 2552 sationen ist diese Sprache selten. Es ist daher eine Ueberraschung, und
609 2591 3343 2698 eine gute, hoffnungsvoll stimmende Ueberraschung, in den Schriften eines
606 2737 3269 2836 vom Staat beauftragten Jugenderziehers diese humane Sprache und Ziel¬
629 2877 3245 2985 etzung zu finden. Der nachfolgende Satz entstammt einem Artikel von
606 3020 3277 3134 Professor Marcelo Caetano, der als nationaler Kommissar an der Spitze
617 3167 3116 3272 der staatlichen portugiesischen Jugendorganisation, der "Mocidade
612 3313 1307 3421 Portuguesa" steht:\:p\
647 3459 3301 3567 "... Wir erklären, dass es zuerst und vor allem unser Ziel ist, die Tätig¬
603 3597 3394 3699 keit der Familie, der Schule, und der Kirche zu ergänzen, um \g\Menschen
612 3740 3307 3842 zu formen. Menschen von Charakter\:g\ in erster
612 3882 3137 3988 Linie, denn die Charakterbildung ist an der Basis jeder Erziehung."
612 4053 3245 4120 Und weiter: „Sie (die M.P.) will eine Bewegung zur integralen Bildung
603 4203 3307 4264 sein, nicht aber zur totalen[add above: itären] Erziehung. Die integrale Bildung ist jene,
1621 147 1713 255 –3–
609 440 3155 554 welche in den Jungen alle ihre Meigungen zum Guten entwickelt. Die
612 583 3325 700 totalitäre Erziehung ist jene, welche sich die Exklusivität der Jugend¬
614 728 3203 843 bildung anmasst, indem sie jeden anderen Einfluss vergisst oder gar
617 877 1003 983 bekämpft."
614 1022 3077 1136 \p\Dieses von dem jugendlichen Rechtsgelehrten und Jugendkommissar
609 1162 3286 1279 Professor Caetano ausgedrückte Ideal der Charakterbildung im humanen
606 1306 3439 1423 und christlichen Geist gilt auch für die parallel zur Knabenorganisatien
623 1453 3388 1576 bestehende "Mocidade Portuguesa Feminina" (M.P. F.), welche, wie die M.P.,
620 1593 3397 1711 vom Erziehungsministerium abhängt, und von einem nationalen Kommissariat
653 1745 3316 1853 geleitet wird. "Die Weibliche Portugiesische Jugend ist eine nationale
614 1883 3337 2007 Organisation, welche die portugiesische Gesellschaft zu erneuern sucht,
606 2023 3406 2144 indem sie das junge Mädchen für das Familienleben und das soziale Leben
620 2166 3358 2288 vorbereitet," schreibt eine der Leiterinnen der M.P.F. – Den jungen Mäd¬
623 2315 3388 2447 chen, welche das grüne Sportshemd und den braunen Rock der M.P.F. tragen,
647 2461 3227 2587 werden keine künstlichen Ideale eingeimpft, und keine unnatürlichen,
606 2606 3331 2726 ihrem Leben fremden Aufgaben zugemutet. Aber man lehrt sie, ihren Platz
609 2744 3409 2870 in der menschlichen Gesellschaft einzunehmen, und man erzieht sie dafür
635 2885 3394 3026 vor allem zu körperlicher und moralischer Gesundheit, zur Nächstenliebe,
629 3028 2958 3157 und zu ernster Verantwortlichkeit gegenüber den Mitmenschen.\:p\
612 3178 3206 3306 \p\Neben den praktischen Kursen, welche Sport, Musik, Handarbeit, Kochen,
620 3323 3292 3446 Wirtschaftslehre, Kinder und Krankenpflege umfassen, gibt es Kurse zur
617 3460 3242 3592 moralischen, religiösen, und staatsbürgerlichen Erziehung. Ferienlager
614 3600 3412 3732 eröffnen den früher so streng ans Haus gebundenen jungen Portugiesinnen
623 3748 3283 3877 ein neues Leben unter Kameraden aller sozialen Klassen und in freier
623 3894 3334 4026 Natur. Junge Frauen, die mit der seit 1936 bestehenden Organisation und
632 4046 3439 4172 in ihrem Geist herangebildet würden, sind die Leiter, Erzieher und Freunde
614 4190 1146 4298 der Jüngeren.\:p\
1498 243 1626 279 –4–
588 491 3051 590 \p\Der frohe Ernst, der unter den jungen Mädchen der M.P.F. herrscht,
594 640 3221 733 ist ein Zeichen, dass die Ziele, die von ihren Erzieherinnen angestrebt
623 786 3188 873 werden, ihren eigenen inneren Wünschen und ihrer der Sehnsucht ihres
573 933 1659 1023 guten Willens entgegenkommen.\:p\
1695 1100 3379 1154 \p\(Schluss des Begleittextes. Ergänzt durch die
1695 1172 2940 1232 detalllierten Bildunterschriften)\:p\
970 1291 1546 1378 Lissabon, 12. Mai
