3784 5440
243 109 915 194 Besuch in den Ufa-Ateliers [Schlagwörter: Film, Ästhetik, Romantik, Unterhaltungsindustrie]
322 180 847 246 Von Annemarie Schwarzenbach
205 241 1002 303 \p\Es gehört zu den Zeichen der Zeit, daß man
149 287 988 329 zur Romantik zurückkehrt, und dies in jeder Form
149 326 1003 367 und um jeden Preis, sei es, daß man wieder
152 353 1003 400 E. T. H. Hoffmann liest und romantische Opern
143 392 983 430 pomphaft inszeniert, oder daß man die romanti¬
149 421 1002 468 schen Möglichkeiten der Kamera entdeckt und so
152 461 1002 505 märchenhaft reizvolle und sentimentalische Filme
149 493 956 532 dreht, wie René Clair es unternommen hat —
146 531 1000 579 oder bereits seine Nachahmer — etwa im kürzlich
149 568 1001 604 gesehenen „Schloß im Mond“ —, oder endlich, daß
149 603 983 641 man ganz schlicht in den Phänomenen unserer
146 630 1001 676 Epoche die romantischen Elemente hervorhebt und
146 670 1001 712 rühmt. Ueber die „Romantik der Maschine“ hört
142 711 1001 755 man seit langem; das Programmatische der
143 737 1000 776 marxistischen Formeln stört dabei etwas, und auch
143 774 1000 808 die allzu offensichtliche realistische Härte, die un¬
138 809 1000 847 weigerlich oder noch unweigerlich mit dem Be¬
152 835 1000 887 griff der Maschine verbunden ist. Daß Auto¬
149 880 999 922 fahren ebenso romantisch ist, wie die alte Reise
142 908 999 963 in der Postkutsche, ist inzwischen anerkannt, aber
137 952 998 998 mit wie viel Ueberzeugung liest man doch wieder
146 981 998 1017 Hausers „Letzte Segelschiffe“ und ist traurig über
138 1013 998 1063 den Sieg der schnellen und stabilen Dampfer,
138 1057 974 1095 wobei derselbe Hauser wieder ein leidenschaftliches
138 1091 998 1136 Fliegerbuch geschrieben hat, dessen romantische
143 1122 998 1167 Großartigkeit doch allein unserer Zeit vorbehalten
137 1152 976 1206 ist. Dieses uns Vorbehaltene, noch nicht Da¬
140 1199 995 1229 gewesene, diese wirkungsvolle Mischung aus tech¬
138 1229 976 1268 nischen Möglichkeiten und Romantik, die den gan¬
143 1266 976 1306 zen Prozeß verklärt und erhebt, ist, noch nicht ganz
143 1300 976 1344 begriffen, in der Filmproduktion vorhanden. Noch
138 1335 994 1379 nicht ganz begriffen, weil bisher die technischen
138 1366 994 1403 Erwägungen zu sehr im Vordergrund standen und
131 1405 993 1440 eine fruchtbare Kombination noch immer selten
143 1440 993 1489 ist. Aber davon soll hier gar nicht die Rede sein,
138 1477 993 1511 sondern einmal von der Produktion an sich, von
131 1509 976 1554 der Welt der Ateliers, die ja dem Laien noch viel
138 1546 973 1586 unzugänglicher ist als das berühmte Gebiet „Hin¬
138 1581 993 1625 ter den Kulissen“ unserer Theater. Und hier eben
138 1610 991 1656 gibt es schon ein ungeheures Gebiet modernen
133 1651 500 1701 romantischen Alltags.\:p\
185 1687 991 1742 \p\Zunächst einmal: das Areal. Die Ateliers der
134 1723 991 1776 Ufa liegen weit draußen, von Berlin entfernt, in
138 1764 973 1808 Neubabelsberg. Die großen Gebäude, wie Flug¬
131 1800 971 1839 hallen anzusehen, erheben sich auf den kargen gelb¬
138 1833 981 1880 lichen Wiesen, das ganze Gebiet ist von hohen
138 1873 980 1908 Drahtgittern umschlossen, der Eingang wird be¬
131 1905 990 1943 wacht, eine breite Zufahrtsstraße führt zu den
140 1939 989 1987 Bureaus, dahinter gibt es Kantinen, Vorführungs¬
131 1976 988 2025 räume, niedere Garderobengebäude, Garagen. An
130 2013 988 2055 den Türen der Ateliers sieht man rote Lampen
138 2045 988 2084 brennen, das bedeutet „Tonaufnahme“ und ver¬
131 2076 987 2112 bietet jedes Geräusch. Dann das Innere dieser
138 2106 987 2153 Ateliers: die schalldichten Wände, die Röhren¬
124 2154 987 2195 anlagen für die kalte und warme Luftzufuhr, die
125 2184 958 2222 Tonfilmapparaturen auf lautlosen, gummibereif¬
131 2221 987 2255 ten Fahrgestellen, die breiten Tragbalken mit je
131 2256 964 2297 acht Lampen; in einem Atelier wird eine Szen¬
125 2292 968 2331 aus dem neuen Kriminalfilm gedreht; Zeisler,
128 2326 987 2365 der Produktionsleiter, ordnet an, in Hemds¬
124 2362 964 2402 ärmeln, einen grünen Schirm über den Augen;
125 2396 986 2435 im nächsten Atelier wird das berühmte U-Boot
125 2427 985 2476 demontiert; Forster hat in diesem Kriegsfilm die
134 2466 985 2504 Hauptrolle; in einem dritten, riesigen Atelier
131 2500 985 2541 finden wir Klagemann, den Produktionsleiter
131 2535 985 2574 Erich Pommers, mit einem Stab von Leuten da¬
127 2569 983 2618 mit beschäftigt, eine schwimmende Insel für
131 2602 964 2644 Zwischenlandungen inmitten eines Bassins mit
128 2642 958 2684 Sturm, Wellengang und violettem Horizont auf¬
125 2670 984 2722 zunehmen. Das Modell der Insel ist wie aus
125 2712 962 2752 einem Meccano-Baukasten zierlich zusammen
125 2743 984 2783 gebaut, man glaubt sich in der Weihnachtsaus¬
125 2783 981 2821 stellung. Der Film soll heißen „F.P.I. [recte: F.P.1.] antwortet
118 2821 961 2861 nicht", Albers spielt die deutsche Fassung, Konrad
128 2854 965 2892 Veidt die englische. Endlich, in einem von roten
125 2887 958 2928 Lampen streng bewachten Atelier, wird die Ope¬
125 2921 980 2954 rette „Ich und die Kaiserin“ gedreht, ein kleines
128 2957 961 2994 Orchester spielt wienerisch, die Harvey singt, die
128 2991 965 3033 breite Treppe des Schlosses Saint Cloud ist
128 3022 979 3066 irgendwo aufgebaut, ein Palmgarten, ein Mosaik¬
128 3062 979 3112 boden, eine Trommel dreht sich und läßt eine
128 3096 956 3145 sanfte pastellfarbene Landschaft an uns vorüber
125 3133 978 3173 gleiten, Schreiner und Maler arbeiten an der
119 3166 978 3205 Fassade eines säulengeschmückten Lusthäuschens;
123 3206 978 3241 Hollaender, der bisher die berühmten Revuen
128 3239 961 3288 gemacht hat, führt hier zum ersten Male die Regie
125 3272 353 3324 eines Films.\:p\
173 3312 978 3356 \p\Mit den Ateliers sind wir jetzt am Ende. Mehr
119 3353 976 3396 wird im Augenblick nicht gedreht. Draußen, auf
119 3389 976 3427 den gelben Wiesen, kann man noch die Reste der
119 3421 976 3460 berühmten alten Filme sehen: eine Straße aus
119 3458 975 3507 dem „Blonden Traum", nackte Häuserfassaden,
119 3495 952 3538 hinten durch Gerüste gestützt, ein Stück Asphalt
125 3526 975 3571 straße, eine gespenstisch sinnlose Hochbahn, leere
125 3557 974 3612 Fensterhöhlen, nicht weit davon jene kleine Brücke
113 3599 974 3634 aus „Der Kongreß tanzt“, und der Eingang zum
123 3634 974 3679 Friedhof aus dem Film von Werner Kraus
131 3666 974 3711 „Mensch ohne Namen“, irgendwo die Reste einer
123 3704 973 3745 Ritterburg, eine Fassade „Gasthof zum Lamm“,
125 3741 973 3780 die man aus vielen Filmen in kleinen deutschen
119 3774 974 3822 Städten zu kennen glaubt. Das Ganze ein recht
119 3813 952 3853 unheimliches Areal, von Schienensträngen durch¬
113 3845 973 3882 kreuzt, fragmentarisch bedeckt und immer neuen
112 3880 971 3922 Zwecken ohne Dauer dienend. Inzwischen wird
116 3918 972 3960 hier weiter produziert, wieder eine Operette,
113 3951 972 3993 wieder mit der Harvey, wieder ein Kriminalfilm
113 3988 972 4026 von Zeisler,[sic] wieder ein Zukunftsfilm mit Flug¬
1024 95 1868 155 zeugen, die den Ozean überfliegen, wieder Albers,
1015 147 1868 190 wieder ein Kriegsfilm, ein gewohntes Programm,
1015 181 1854 219 das in einigen Monaten die zivilisierte Welt über¬
1027 211 1870 255 schwemmen und eine ungeheure Zahl von Kino¬
1007 240 1472 310 besuchern befriedigen wird.\:p\
1059 286 1854 338 \p\Erst wenn man sich hierüber Rechenschaft gibt,
1007 329 1855 374 wird man in der Beurteilung der Produktion
1007 363 1858 405 nachsichtiger und begreift das Zwangsläufige des
1021 398 1859 434 Programms der großen Firmen. Sie würden ohne
1007 433 1868 476 die typische und für das künstlerische Niveau sicher
1007 470 1855 506 nachteilige Arbeitsteilung nicht auskommen; jeder
1021 500 1843 545 Produktionsleiter hat sein Spezialgebiet. Diese
1007 535 1858 572 Verteilung ist sicher richtig und notwendig, ver¬
1007 575 1851 612 hängnisvoller ist aber die Einbeziehung der großen
1018 605 1851 654 Schauspieler in diesen Prozeß der Aufteilung,
1007 647 1846 690 Mechanisierung und Typisierung; man weist näm¬
1007 677 1848 714 lich dem lebendigen, spielenden Menschen eine
1007 713 1858 754 Rolle, einen „Typ“ zu, dem man ihn anpaßt wie
1006 749 1848 796 einen gutsitzenden Anzug. Und er wird ihn nie
1007 777 1848 819 wieder los. Unter „Harvey“ oder „Albers“ — um
1007 812 1848 852 das ausgeprägteste Beispiel zu nennen — stellt
1007 844 1848 897 sich das Publikum etwas eindeutig Bestimmtes
1007 887 1859 927 vor, man erlaubt den Akteuren gar nicht mehr,
1007 922 1849 958 eine andere Rolle als sich selbst zu spielen. Dieses
1006 961 1848 1002 Star-Unwesen hat natürlich mit den künstlerischen
1007 994 1851 1028 Qualitäten der Schauspieler viel weniger zu tun
1007 1027 1858 1071 als mit ihrem sex appeal, wie die Menge sich das
1009 1057 1848 1096 nun einmal denkt. Man macht schließlich Filme
1007 1095 1857 1151 als Rahmen, um dem Publikum seine Lieblinge
1007 1127 1511 1185 jede Saison neu vorzuführen.\:p\
1062 1151 1816 1210 \p\Aber alle diese — von Amerika importierten —
1007 1207 1846 1244 Mißstände sind nicht zu umgehen, solange der
1024 1237 1858 1281 Film in erster Linie eine Angelegenheit der großen
1024 1272 1848 1315 Industrie bleibt. Denn diese muß ja mit sicheren
1024 1314 1848 1352 Faktoren rechnen; sie kann sich nicht auf die Zu¬
1007 1349 1861 1390 fälle künstlerischer Eingebungen, Begabungen,
1007 1382 1846 1418 langsamer, unterbrochener Schaffensprozesse ver¬
1007 1417 1846 1458 lassen. Sie stellen einen Produktionsplan auf, und
1007 1452 1848 1494 jedem Schauspieler wird eine Aufgabe zugewiesen.
1007 1491 1848 1533 Wir haben uns von der anfänglich gerühmten
1009 1523 1847 1560 „Romantik“ des Films entfernt: Die zuletzt an¬
1008 1558 1847 1597 gedeuteten Tatsachen sind aber — das sei doch
1007 1586 1848 1626 noch hinzugefügt — keine zwangsläufigen Erschei¬
1007 1631 1851 1672 nungen des Films, sie sind nur so lange zwangs¬
1009 1662 1852 1703 läufig, als der Film nicht eine primär künstlerische,
1007 1696 1851 1737 vielleicht auch pädagogische, auf jeden Fall aber
1007 1734 1760 1783 ideellen Zielen gewidmete Institution wird.\:p\
