3602 4547
662 312 1892 429 Annemarie Clarac-Schwarzenbach:
1053 527 2301 653 San Thomé, die Insel am Aequator.
629 750 3266 882 Von dieser Insel haben viele Passagiere unseres Dampfers nie gehört,
623 881 3212 1017 und viele weigerten sich, an Land zu gehen, als wir in der Nacht des
615 1025 3167 1169 29. Mai dort anlegten. Die Portugiesen an Bord hatten uns über ihre
615 1171 3197 1327 kleine westafrikanische Kolonie, die Inseln San Thomé und Principe,
618 1327 3239 1456 wenig Gutes berichtet. Der Aequator streift San Thomé, das Klima dort
615 1474 3167 1601 gehört zum schlechtesten von ganz Afrika. Es gibt viel Malaria und
618 1617 3173 1747 andere Tropenkrankheiten, die feuchte Hitze nimmt den Weissen alle
615 1764 3340 1902 Energie und Lebenslust. Uebrigens sind sie nicht zahlreich: Funktionäre,
606 1904 3206 2034 Angestellte portugiesischer Handelshäuser, einige Lehrer, Aerzte, und
603 2046 3370 2202 Missionare, eine Handvoll Plantagenbesitzer und Verwalter, neben sechzig¬
615 2190 3313 2342 tausend Schwarzen. Die Inseln sind fruchtbar, es gibt vor allem Kaffee,
609 2336 3272 2489 Kakao, Kokosnüsse, Bananen, die man ausführt, – daneben Mandarinen, Mango,
606 2476 3194 2632 Zuckerrohr. Man fabriziert Seife, Palmoel, Schnaps, ein wenig Keramik,
603 2616 3293 2763 importiert Stoffe, Wein, Reis, Bohnen, getrocknete Fische, landwirtschaft¬
606 2763 3305 2907 liche Maschinen. Es gibt im Inselgebiet von knapp tausend Quadratkilo¬
600 2909 3319 3050 metern 18 km Eisenbahn und 300 km Strassen, 2 Spitäler, mehrere Elemen'¬
612 3052 3299 3211 tarschulen. Wilde Tiere fehlen, dafür sieht man viele Affen, Papageien,
600 3196 3278 3348 kleine Adler, Schildkröten. Wegen der Haie und anderer Raubfische kann
606 3345 3230 3504 man im Meer nicht baden. Es gibt Maultiere, Ochsen, Schafe und Ziegen,
600 3485 3239 3635 Schweine, Hühner. Durch den Krieg sind die Inseln hart betroffen, denn
609 3629 3221 3790 wohin sollen sie ihre Produkte ausführen? – Riesige Stocks von Kakao,
597 3790 3293 3940 Kaffee und Kopra sammeln sich an, bald wird man sie, wie in Südamerika,
597 3933 3158 4077 ins Meer werfen oder als Brennmaterial verwenden. Glücklicherweise
1701 201 2209 321 –2– (San Thomé)
656 428 3358 536 ist der Lebensstandard der schwarzen Bevölkerung so niedrig, dass sie
650 579 3319 681 kaum noch ärmer werden könnte und nichts zu verlieren hat. Dieser Um¬
653 717 3403 828 stand wird vielen Kolonien eines Tages zum Vorteil gereichen, gegenüber
650 864 3445 975 reicheren Ländern, deren Völker sich an die Proletarisierung und Sklaven¬
650 1007 3173 1118 arbeit, wie man sie für die Nachkriegszeit erwarten muss, nicht so
647 1151 1630 1271 leicht gewöhnen werden ...
644 1300 3358 1414 [p] Soviel konnte ich etwa über San Thomé erfahren, – zu sehen gebe es dort
656 1450 3364 1559 nichts von Belang, sagte man mir, und nach den frühen Morgenstunden sei
653 1593 3388 1702 die Hitze so unerträglich, dass mir die Neugier ohnehin vergehen würde.
653 1743 3355 1857 Etwa um zehn Uhr abends befanden wir uns hielten unsere Maschinen an,
659 1877 3361 1997 und wir konnten durch die tiefschwarze Nacht in ziemlicher Entfernung
659 2016 3263 2139 eine dürftige Lichterreihe erblicken, die den Hafen bezeichnete. Ein
650 2163 3328 2286 Boot mit Negern in weissen Matrosenanzügen legte an unserer Bordwand
650 2311 3403 2431 an, ringsum kreisten ein paar gebrechliche, aus einem bis zu Rindendünne
656 2448 3439 2571 ausgehöhlten Baumstamm bestehende Kähne, worin die Schwarzen, von unseren
653 2599 3442 2718 Decklampen malerisch beschienen, zwischen grünen Stapeln von Bananen und
659 2745 3313 2877 Gemüsen kauerten. Am nächsten Tag war ich schon in der Dämmerung auf,
665 2886 3337 3013 und wartete mit einem meiner Freunde auf eine Gelegenheit, an Land zu
656 3031 3325 3160 gehen. Der Anblick der Insel war eine Ueberraschung. Sie war etwa drei
656 3175 3209 3310 Kilometer entfernt, und schien eine reich und anmutig gegliederte,
665 3309 3263 3447 smaragdene Fülle von Palmenwäldern, Wiesen, kleinen Anhöhen, die sich
662 3458 3394 3590 um das Hafenstädtchen in seiner ausgedehnten Bucht schlossen, – dahinter
659 3608 3299 3748 häuften sich die Wipfel, Schluchten und Hügel waren davon angefüllt,
653 3756 3448 3874 sodass sich alles rundete zu vollen, betörenden Formen, Die Hügel stuften
698 3984 3346 4098 sich übereinander, lauter sanfte, belaubte Kuppen, die immer höher wur¬
659 4127 3260 4241 den, immer entfernter, immer – bis die Berge im Inneren der
665 4273 3418 4384 Insel in bläulicher Höhe in hellen, wogenden Nebel- und Wolkenbetten ver¬
1513 297 2048 402 –3– (San Thomé)
606 515 3200 617 schwanden. Aber trotz der unerwarteten Schönheit dieses Inselbildes
609 655 3287 754 empfand man, im Anschauen versunken, kein Entzücken, wie ich es bei den
594 801 3322 900 Balearen, den Bermudas, auf Cypern, und erst kürzlich bei der Landung in
597 948 3445 1053 Funchal auf Madeira gekannt hatte. Dort hatte man Vertrautheiten entdeckt,
603 1091 3430 1190 sich an ähnliche Orte auf der Welt, oder auch an Traumbilder erinnert, und
606 1239 3376 1342 sich sofort unwillkürlich die F vorgestellt, ob man im wiedergefundenen,
609 1384 3325 1485 paradiesischen Erdenfleck vielleicht leben könnte. San Thomé, obwohl es
609 1524 3322 1623 nicht kahl und gross war wie gewisse urfremde Regionen von Wüsten und
609 1667 3257 1769 Hochebenen, sondern lieblich und schwelgerisch verhangen von üppigem
612 1807 3358 1912 Grün und mildernden Dunststreifen, – es erschreckte doch das Herz, wie es
609 1990 1997 2095 sich so darbot voller Verführungen.
609 2130 3328 2229 [p]Wir landeten bald im Hafen, und fanden ein Städtchen mit einigen alten
618 2273 3322 2378 Befestigungen am Rand, wo auf barocken Mauern bronzene Kanönchen aufge¬
618 2419 3296 2530 pflanzt waren, – um den Marktplatz in der Mitte ein paar breite Gassen
609 2563 3337 2665 mit Verkaufsbuden, rosa Häusern mit geschlossenen Läden, einer Apotheke,
623 2706 3290 2808 einem grossen, halbdunklen Restaurant mit kahlen Esstischen und einer
609 2843 3388 2951 mit Weinen und Schnapsflaschen überladenen Theke, – zwei zerlumpte Neger¬
615 2993 3430 3101 buben trugen Gläser und Speisen umher, der Besitzer des Lokals in flecki¬
615 3142 3299 3250 gem gelbem Anzug schlief, den Kopf auf der Marmorplatte. In den Läden
618 3288 3376 3393 wurden bunte Baumwollstoffe an Negerfrauen verkauft, die ihre Kinder in
632 3432 3409 3540 breite leuchtende Shawls gebunden auf dem Rücken trugen, – in einem Bazar
626 3569 3430 3692 gab es Tropenhelme, Stoffschuhe, kunstseidene Hemden, neben allerlei Schäl¬
618 3724 3173 3832 chen, Schachteln, Kannen und Tabletts aus grob ziseliertem Messing,
618 3867 3439 3978 in einer Warenhalle sah man Säcke mit Reis und Hülsenfrüchten, Konserven,
615 4040 3281 4110 Biscuits, daneben Flit[?], Moskitonetze, Bastmatten, Bürsten, Emailgeschirr,
615 4179 3358 4248 Stapel von Zigarettenschachteln. Die Verkäufer waren Portugiesen, [add above: oder] Misch[add below: linge.]
1367 153 1898 270 -4-(San Thomé)
570 380 3245 494 Gleich hinter dem Marktplatz, wo Hunderte von lustig bunt gekleideten
564 521 3251 647 Negerinnen Maiskörner, Mangofrüchte, Mandarinen, rosa Bananen, Hühner, ge¬
561 670 3385 781 trocknete fliegende Fische und fettes Backwerk verkauften, lag eine hell¬
567 816 3194 924 gelbe Kirche mit zwei Türmen, dahinter begann schon der Palmwald. Wir
555 960 3337 1067 haben dann den Tag damit verbracht, alten, gepflasterten, von Grün überwu¬
570 1103 3409 1220 cherten Strassen zu folgen bis zu hinter Bananenhainen verborgenen Neger¬
561 1246 3194 1363 dörfchen mit hellrosa Bretterbuden und Strohhütten, fanden auch eine
558 1401 3448 1515 primitive Stierkampf-Arena, die verlassen mitten im Dschungel lag. Der Küste
546 1542 3266 1662 folgend sahen wir ein kleines Festungsviereck das die Jahreszahl 1530
555 1682 3421 1802 trug, und San Jeronimo hiess, – am Ende einer von Palmen begleiteten Strasse
558 1825 3418 1951 eine barocke, Kapel altersgraue Kapelle. Im über die Hügel sich ausbreiten¬
549 1969 3313 2100 den Kokoswald strebten die Palmen wie die Pfeiler einer Kathedrale aus
558 2145 3466 2226 dem dämmernden Grün in[add inline: zum] weissen Himmel, am Rand einer breiten Wiesenlichtung
552 2287 3104 2378 neigten sich andere Palmen wie schlank [add above: im Bogen] emporschiessende Fontanen,
561 2396 3179 2524 unter den wunderbar glatten, silbergrauen Stämmen riesiger Bäume mit
552 2551 3281 2683 ihrem riesigen Rund aus Fächern fetter, saftiger Blätter weideten junge
546 2697 3113 2820 Ziegen. Und immer öffneten sich im Grün Durchblicke zu den fernen
549 2840 3152 2966 Bergen, die bis zu den in Wolken unsichtbaren Gipfeln von Wachstum
549 2978 3367 3122 strotzten. Auf dem farblosen Meer, weit hinter den sich brechenden Wellen,
543 3127 3146 3253 die wie Wände dem Sandufer entgegenwanderten, sah man schmale Boote
546 3264 3215 3396 dahinschnellen, mit zwischen im Wind sich biegenden Masten aus Bambus
546 3417 3191 3539 ausgespannten, rissigen Segeln, und erkannte die geschmeidigen Rücken
549 3563 2277 3683 und leuchtenden Gesichter schwarzer Fischer.
549 3719 3406 3831 [p]Es waren Märchenbilder, – während man in der bleichen, feuchten Umarmung[add above: Umklam[m]erung]
540 3847 3379 3981 der Luft schon vor Ermattung taumelte, sah man noch die jähe Pracht eines
540 3993 3409 4131 feuerfarbenen Blütenbaums, hörte in der feierlichen Mittagsstille der fast
1567 241 2074 359 –5–(San Thomé)
600 622 3000 730 gläsernen Palmstämme eine Kokosnuss fallen, erblickte in einer
603 751 3069 873 sumpfigen Niederung die gewaltigen Rücken, geneigten Häupter und
603 901 3042 1019 geschwungenen Hörner einer Herde träge badender Ochsen, und war
591 1050 3299 1161 vonm unwiderstehlich versucht, einem schmalen Pfad durch den Dschungel
591 1184 2952 1313 ins Innere zu folgen, das üppige Geheimnisse bergen musste...
591 1326 3155 1461 Statt dessen ertönte von fern die Sirene unseres Dampfers. Als wir
588 1469 3296 1610 auf einem kleinen Boot in ziemlich heftigem Wellengang zurückfuhren,
582 1617 3275 1756 begann schon der Abend, das blendende Licht war plötzlich ausgelöscht,
594 1764 3322 1891 eine kurze, stumpfe, lastende Dämmerung bereitete das Dunkel der Tropen¬
582 1907 3227 2031 nacht vor. Ich wandte mich nicht nach der Insel um, nach der ich kein
582 2053 3185 2177 Heimweh haben werde. Aber ihr zaubrisches Wachstum, ihre verführende
594 2197 3200 2335 Fieberhitze, die Fülle ihrer Anmut, diese uns durchaus fremde Pracht,
594 2337 3281 2476 ihr uns nur um einen hohen und gefährlichen Preis gegönnter Reichtum,
594 2483 3328 2610 ich spürte alles auf einmal so stark und ahnungsvoll wie man erwachend
594 2626 1809 2744 sich eines Traums bewusst wird.
1803 2859 2316 2977 (31. Mai 1941)
710 349 1907 419 Annemarie Clarac-Schwarzenbach
848 972 2767 1056 Beschriftung der Bilder von der Insel San Thomé.
1017 1146 2278 1225 (Annemarie Clarac-Schwarzenbach) [space]
627 1582 976 1649 \p\Bild 1 :\:p\
1034 1587 3110 1641 \p\Schwarze Matrosen bringen die wenigen Passagiere auf
1034 1651 3098 1705 den Portugiesischen Dampfer, der einmal monatlich vor
1034 1713 1714 1770 der Insel anlegt.\:p\ [space]
633 1832 959 1922 \p\Bild 2 :\:p\
1046 1852 3133 1915 \p\Einst führte ein Bähnchen durch diese Lichtung in das
1028 1933 3139 1979 gebirgige Innere der Insel, wo die reichen Kaffeeplan¬
1034 1997 3075 2049 tagen sind. Aber San Thomé hat sich weniger glänzend
1040 2064 2982 2127 entwickelt als die Portugiesen es gehofft hatten.\:p\ [space]
645 2187 959 2265 \p\Bild 3 :\:p\
1034 2187 2145 2265 \p\Kokosnüsse werden gesammelt.\:p\ [space]
639 2326 953 2405 \p\Bild 4 :\:p\
1046 2321 2709 2405 \p\Waschplatz wo sich alle Frauen versammeln.\:p\ [space]
639 2472 965 2550 \p\Bild 5 :\:p\
1023 2477 3098 2540 \p\Die kleinen Mädchen waschen schon so gut wie die er¬
1046 2547 1714 2603 wachsenen Frauen.\:p\ [space]
651 2675 959 2754 \p\Bild 6 : \:p\
1040 2686 3226 2755 \p\ Mitten im Palmenwald stösst man auf eine portugiesische
1040 2756 3185 2813 Barock-Kapelle, die wohl aus dem 10. Jahrhundert, der er¬
1023 2829 2145 2889 sten Kolonialperiode, stammt.\:p\ [space]
627 2949 959 3033 \p\Bild 7 :\:p\
1040 2964 3243 3028 \p\Fischerbarken von San Thomé. Sie bestehen aus ganz leich¬
1034 3035 3214 3092 ten, fast weichen ausgehöhlten Stämmen – und die Schwar¬
1028 3111 2802 3173 zen fahren damit durch die stärkste Brandung!\:p\ [space]
633 3227 959 3312 \p\Bild 8 :\:p\
1023 3233 1784 3312 \p\Markt in San Thomé.\:p\ [space]
639 3373 965 3457 \p\Bild 9 :\:p\
1040 3393 3267 3450 \p\Auch San Thomé hat seine Stierkampfarena! Die Inschriften
1028 3433 3267 3514 "Sol" und "Sombra" am Haus vor dem Eingang weisen zu den
1040 3514 3214 3573 billigen Plätzen auf der Sonnenseite und zur "Gallerie"
1028 3592 2336 3650 – den teuren Plätzen im Schatten!\:p\ [space]
645 4007 3063 4079 \p\Für alle Mitteilungen und Ueberweisungen an Frau Dr. Annemarie
633 4088 2621 4149 Clarac-Schwarzenbach zeichnet die Bevollmachtigte:\:p\
1924 4268 3063 4358 Marie-Louise Bodmer.
645 4368 1273 4422 Frau M.-L. Bodmer
633 4437 1401 4498 alte Landstrasse 95
633 4506 1273 4568 Zollikon-Zürich.
1154 673 1918 742 Die Insel San Thomé.
688 801 2647 882 Eine am Aequator liegende Portugiesische Kolonie.
641 1175 3043 1223 \p\Unsere Mitarbeiterin, Annemarie Clarac-Schwarzenbach befindet
641 1246 3236 1297 sich auf einer Reise nach Afrika. Sie verliess Europa von Lissabon
647 1309 2950 1363 aus am 17. Mai 1941 und ist nun in Belgisch-Kongo gelandet.
647 1375 3143 1432 Auf der Ueberfahrt legte das Schiff am 29. Mai auf der Aequator¬
647 1447 3137 1501 insel San Thomé an, von der man bis heute kaum etwas gehört hat.
641 1513 3038 1572 Die Portugiesischen Inseln: San Thome und Principe werden vom
641 1586 3125 1642 Aequator gestreift; das Klima gehört zum schlechtesten von ganz
647 1656 3195 1716 Alrika, es gibt viel Malaria und andere Tropenkrankheiten, weshalb
653 1720 3236 1775 neben 60.000 Schwarzen nur wenig Weisse dort leben, als Funktionä¬
641 1793 3253 1841 re, Angestellte Portugiesischer Handelshauser, Lehrer, Aerzte, Missio¬
647 1863 3148 1922 nare und Plantagenbesitzer. Die Inseln sind fruchtbar. Man expor¬
641 1939 3189 1991 tiert vor allem Kaffee, Kakao, Kokosnüsse, Bananen, Mandarinen, Mango
641 2009 1224 2055 und Zuckerrohr.\:p\
653 2073 3143 2126 \p\Die Insel San Thome hat einen Flächeninhalt von knapp 1000 km2.
647 2141 3119 2197 18 km. Eisenbahnstrecken und 300 km. Strassen sind ausgebaut. San
647 2211 3043 2273 Thomé besitzt zwei Spitäler und mehrere Elementarschulen. Die
641 2284 3236 2341 beiden Portugiesischen Kolonien San Thome und Principe sind durch
641 2355 3236 2405 den Krieg hart betroffen, durch den sie ihrer Ausfuhrmöglichkeiten
647 2419 3224 2475 fast gänzlich beraubt wurden. Die Ansprüche der schwarzen Bevölke¬
641 2493 3172 2539 rung sind jedoch so bescheiden, dass sie auch diese schwere Zeit
653 2562 1294 2619 ertragen werden.\:p\ [space]
647 2941 2694 2995 \p\Text zum Bildbericht über die Insel San Thomé von:
647 3017 1889 3071 Annemarie Clarac-Schwarzenbach.\:p\
647 3151 2484 3214 \p\Beilagen: 9 Bilder und Beschriftungen separat.\:p\
629 3539 3055 3609 \p\Für alle Mitteilungen und Ueberweisungen an Frau Dr. Annemarie
635 3621 2629 3673 Clarac-Schwarzenbach zeichnet die Bevollmächtigte:\:p\
1959 3787 3119 3879 Marie-Louise Bodmer.
647 3927 1259 3975 Frau M.-L.Bodmer
629 4003 1399 4057 alte Landstrasse 95
618 4071 1271 4128 Zollikon-Zurich.
