4260 7073
499 4413 874 4488 Regen in Tiflis
336 4473 1034 4531 Von \g\Annemarie Schwarzenbach\:g\
276 4525 1158 4581 \p\Es regnete, als ich in Tiflis ankam. Ich war den
223 4571 1158 4615 ganzen Tag unterwegs gewesen, und von Stunde zu
225 4607 1158 4642 Stunde war der Nebel gewachsen, er hatte allmählich
223 4642 1158 4682 die hohen Kaukasusgipfel verhüllt und die Täler mit
223 4672 1158 4713 weißlichem Nebel angefüllt. Am frühen Nachmittag
223 4709 1158 4745 drang die Sonne nur noch bleich durch die auf- und
225 4742 1158 4788 niederwogenden Wände, bald erlosch sie ganz, es
229 4781 1158 4814 wurde kalt, und wir näherten uns durch eine lange
231 4812 1159 4856 Dämmerung dem Abend. Auf Hügeln über der Straße
225 4852 1145 4892 erkannten wir die Mauern zerbrochener Festungen,
225 4885 1158 4928 manchmal tat sich unvermutet ein Blick auf in die
231 4919 1158 4955 Tiefe eines eingeengten Flußtals. Dann wurde die
235 4949 1158 4990 Luft weich, die Wolken hoben sich, und wir sahen
223 4984 1158 5030 im braunen Abendlicht die hügelige und fruchtbare
223 5023 1158 5055 Landschaft Georgiens. Es wurde dunkel, während
229 5057 1143 5099 wir dem Flusse Kura folgten, ein elektrisches Werk lag
229 5093 1143 5132 an der Straße, durch große Fenster erblickte man die
229 5127 1158 5166 schwarzen Turbinen, aus breiten Oeffnungen ergoß
229 5159 1158 5196 sich Wasser und stürzte über den weißen, breitgemauer¬
223 5194 1158 5234 ten, glatten Damm, starkes Licht lag darauf und ver¬
223 5230 1158 5268 wandelte es in einen Strom von Silber. Die nächsten
241 5263 1158 5298 Lichter, die wir vor uns erblickten, waren die der
231 5295 1158 5338 Stadt Tiflis. Sie füllten einen weiten Talkessel und
223 5334 1138 5373 erklommen vereinzelt, in auseinandergezogenen Reihen
225 5369 1158 5398 die seitlichen Hügelwände. Es begann zu regnen, und
223 5400 1158 5436 die Lichter flimmerten und brachen sich in den schweren,
229 5440 560 5481 langsamen Tropfen.\:p\
286 5462 1158 5514 \p\Wie in den großräumigen Städten des Orients,
229 5498 1143 5542 lief nun unsere Straße als breite Karawanenstraße
235 5541 1148 5580 zwischen den ersten zerstreuten Häusern hindurch,
225 5573 1139 5613 pflasterlos, mit tiefen, sandigen Rinnen, an manchen
229 5610 1158 5650 Stellen aufgerissen, auch zu großen, regellosen Plätzen
231 5645 1158 5686 sich weitend. Offene Höfe waren von schwankenden
241 5678 1158 5715 Lampen erhellt, am Straßenrand ruhten Büffel, und
235 5714 1158 5750 Esel warteten angebunden vor den offenen Galerien
229 5748 1158 5786 der Herbergen. Das waren die Vorquartiere von
235 5784 1143 5826 Tiflis, bald wurde der Anblick städtischer, die Häuser
235 5817 1158 5850 rückten zusammen und wuchsen in die Höhe, Schau¬
235 5848 1158 5893 fenster. Blumenkioske, Plakate reihten sich bunt anein¬
229 5886 1158 5924 ander. Nun gab es breite Fronten neuer amtlicher
235 5922 1158 5958 Gebäude, und Straßenbahnen nahmen die Mitte der
235 5953 1158 5991 Hauptstraße ein, Trottoire und Baumreihen begleiteten
235 5988 1158 6026 sie, glänzend von Regen. Wir befanden uns im Zen¬
235 6025 1158 6066 trum der neuen Stadt, der Hauptstadt mit Universität,
235 6058 1158 6105 Schulen und Instituten, mit Kinos und breiten Boule¬
1171 4404 2073 4456 vards und öffentlichen Anlagen, die noch jetzt, zu spä¬
1171 4440 2087 4479 ter Stunde, geöffnet und hell erleuchtet waren: Aus
1171 4471 2087 4526 den Toren strömten die Leute und füllten die Straße,
1171 4514 2087 4555 sie traten aus Läden und Weinhandlungen, standen,
1171 4548 2087 4585 vor der Nässe geschützt, in den Türöffnungen, und die
1171 4583 2087 4617 europäisch Eiligen, mit Regenschirm und Gummi¬
1171 4614 2087 4650 schuhen, mischten sich mit denen, die auf orientalische
1171 4649 2087 4686 Weise einher schlenderten, den kühlen Abend ge¬
1171 4682 2087 4726 nießend, die Frauen mit dunklen Tüchern um das
1171 4714 2087 4757 Haupt, die Männer in runden bestickten Mützen, bar¬
1169 4751 2073 4797 fuß oder in Sandalen. Des Regens nicht achtend, lär¬
1171 4788 2072 4826 mend, singend, schoben sie sich gemächlich heiter vor¬
1169 4820 1264 4868 wärts.\:p\
1215 4844 2089 4902 \p\Am nächsten Tag fuhr es fort zu regnen. Die Stadt
1171 4876 2072 4928 lag unter einem bleiernen Himmel, und die Wolken
1169 4926 2086 4968 sanken bis zu den Kämmen des Schachat und Sfololak
1171 4961 2087 4997 und bis zu der breiten Kuppe des Davidbergs. Die
1169 4994 2087 5041 Zahnradbahn fuhr klingelnd hinauf und verschwand
1169 5029 1930 5074 im Nebel mitsamt ihren gleißenden Schienen.\:p\
1207 5059 2087 5096 \p\Im Dunkel der ehrwürdigen Basilika Antschisschat
1171 5087 2087 5141 leuchtete, ungewisse Gnade spendend, das silbergeprägte
1171 5131 2087 5168 Antlitz ihres berühmten Heiligenbildes. Ueber dem
1171 5162 2072 5204 in wuchtiger Kreuzform errichteten Rumpf der Kathe¬
1171 5197 2087 5244 drale erhob sich ihre achtseitige Pyramide wie die
1171 5232 2087 5271 Kuppel einer Moschee. Die Kathedrale steht an dieser
1171 5269 2087 5309 Stelle seit dem siebenten Jahrhundert, ihre Name lau¬
1171 5299 1468 5340 tet: Ssion-Ssobor.\:p\
1213 5332 1991 5378 \p\Gegen Mittag hatte sich der Himmel erschöpft. Die
1171 5370 2087 5410 Wolken traten auseinander, und als ich zum Kuraufer
1171 5404 2087 5442 hinunterging, schien einen Augenblick die Sonne und
1171 5442 2087 5482 warf sich wie ein goldenes Netz über das braune
1171 5470 1289 5520 Wasser.\:p\
1213 5495 2087 5542 \p\Acht Brücken verbinden die Ufer, ich stand auf der
1171 5533 2087 5586 letzten, und sah flußaufwärts und -abwärts, wo überall
1171 5577 2087 5616 bescheidene Häuser sich zu Rudeln häufen, und von der
1171 5611 2087 5656 anwachsenden Stadt fast in den Fluß getrieben werden:
1171 5646 2089 5682 schon hingen sie mit blinden Fenstern und zerbrech¬
1171 5682 2087 5722 lichen Galerien über den absinkenden Uferhalden. Ihre
1171 5716 2087 5764 Mauern waren bräunlich und lehnfarbig, und die
1171 5750 1984 5796 Dächer flach, gesenkt unter der Last ihres Alters.\:p\
1211 5780 2089 5829 \p\Ich verließ die Brücke und geriet in die dunklen,
1171 5815 2087 5863 gekrümmten, von Feuchtigkeit und vielen Gerüchen er¬
1171 5855 2087 5896 füllten Gassen. Dies war die asiatische Stadt, die
1171 5889 2087 5925 von Hunnen und Seldschuken, Mongolen, Persern und
1171 5924 2087 5964 Byzantinern mehrmals verbrannte, ausgeraubte und
1171 5955 2087 6003 immer wiedererstandene: nun wie zusammengekrümmt
1171 5994 2087 6029 zwischen Fluß und Berghang, von düsteren Burgrui¬
1169 6024 2087 6082 nen auf vorspringendem Kamm überragt, entfremdete
1171 6062 1820 6114 Nachbarin der modernen Stadt Tiflis.\:p\
2150 4413 3028 4457 \p\Man sah, an die Eisenstäbe der Gitter gepreßt,
2107 4444 3028 4504 Kindergesichter, flache und schlitzäugige der kleinen
2109 4482 3028 4529 Mongolen, und die blaßbraunen der Georgier, mit
2109 4517 3029 4558 schönen, dunklen, mandelförmigen Augen. In den
2107 4555 3027 4600 Höfen standen Pferde angeschirrt vor altmodischen
2107 4585 3028 4640 Droschen, Handwerker arbeiteten in dunklen Nischen,
2109 4619 3002 4673 durch Rauch und rote Funken erblickte man Kupfer¬
2107 4655 3002 4706 schmiede, die an Samowaren hämmerten wie die be¬
2107 4693 3008 4751 rühmten Schmiede von Isfahan. Der Marktplatz war
2107 4725 2615 4784 still und leer nach dem Regen.\:p\
2144 4755 3027 4806 \p\Unter dem Dach der länglichen Halle spielten Kin¬
2109 4784 3028 4846 der und verjagten die Hunde mit Steinwürfen von den
2109 4826 3026 4870 Fleischbänken. Sie verschwanden lautlos hinter den
2107 4864 3026 4904 Häusern, wo Schutt und Abfall zum Fluß hinabrieselt.
2144 4901 3026 4939 Ansteigende Gassen endeten beim Bazar der sechzig
2109 4910 3026 4976 Völker, die in sechzig Sprachen des Orients und Okzi¬
2109 4965 3026 5015 dents feilschen und Handel treiben. Gleichmäßiges
2109 4998 3026 5049 Brausen von vielen Stimmen wurde unterbrochen
2109 5033 3026 5087 durch die Rufe der Melonenhändler und durch den
2109 5068 3005 5115 sonderbar trostlosen Gesang von Knaben, die Zigaret¬
2109 5104 3027 5154 ten verkauften und ihre Dienste anboten als Schuh¬
2109 5134 2469 5188 putzer und Lastträger.\:p\
2150 5168 3026 5217 \p\Es wurde früh dunkel. Durch die bläuliche Dämme¬
2107 5199 3026 5258 rung fiel neuer, dünner Regen, Qualm stieg aus den
2109 5240 3004 5284 Gläsern der Petrollampen und über die Kuppeln eines
2109 5276 3024 5324 alten Bades floß eine Fahne aus weißem Rauch.
2109 5312 3024 5356 „Tpili“ ist das georgische Wort für „warm", welches,
2109 5345 3000 5390 der heißen Schwefelquellen wegen, der Stadt den
2109 5380 3005 5422 Namen gegeben hat. Im alten Tiflis liegen die Bäder
2109 5410 3024 5466 des alten Orients, wo in Kuppelräumen das heiße
2109 5447 3002 5495 Wasser in sechseckige Becken fließt, und man, in Tücher
2109 5486 3008 5532 gewickelt, feuchten Dampf einatmet. Vor dem Eingang
2107 5521 3000 5570 eines solchen Bades standen Frauen in gestreiften Um¬
2107 5553 3023 5600 hängen, das Gesicht halbverdeckt, Tonkrüge in den Hän¬
2109 5581 3024 5636 den. Junge Männer liefen unter dem rieselnden
2109 5618 3024 5662 Regen, überquerten die Straße und verschwanden im
2109 5653 3023 5703 Inneren des Badehauses. Im Bazar wurden jetzt die
2109 5689 3023 5742 Werkstätten und Buden geschlossen. Die armenischen,
2109 5729 3022 5764 georgischen und jüdischen Händler machten sich auf den
2109 5760 2996 5803 Heimweg. Auf einem glühenden Rost drehte ein junger
2109 5793 3022 5832 Kaukasier Schaschlikstücke und verkaufte sie an Türken
2109 5830 3023 5880 und Perser. Wo die neue Stadt liegt, war der Himmel
2109 5865 3022 5896 gelblich erhellt, man konnte plötzlich das Läuten der
2109 5895 3022 5941 Straßenbahnen, Hupen von Autos, mannigfachen
2109 5934 3022 5978 abendlichen Lärm vernehmen, abgerissene Töne drangen
2109 5967 3022 6012 von einer Radioanlage herüber und legten sich über
2109 5997 3023 6049 die einförmigen Singstimmen der Gasse. In einem
2109 6031 3021 6075 Kaffeehaus wurden die Lampen angezündet, und die
2107 6071 3022 6129 nassen Männer drängten herein und erfüllten den
3035 4424 3954 4471 Raum mit Dampf, Rauch und Stimmengemisch. Auf
3035 4462 3951 4501 der Gasse blieben die Knaben zurück. Die Tataren,
3035 4496 3951 4537 die in Planwagen außerhalb der Stadt wohnten, mach¬
3034 4532 3951 4572 ten sich auf den Weg. Sie trugen Hühner in Bündeln
3035 4561 3951 4606 über der Schulter. Der Regen floß vom Rand ihrer
3034 4591 3498 4650 hohen zottigen Pelzmützen.\:p\
