4260 7073
398 4462 1012 4531 Georgiens alte Hauptstadt
367 4515 1058 4589 Von \g\Annemarie Schwarzenbach\:g\
300 4579 1180 4644 \p\Auf einer breit sich vordrängenden Landzunge,
252 4623 1181 4671 zwischen den Flüssen Kura und Aragwa, die sich an
246 4656 1181 4696 dieser Stelle zu einem einzigen Strom vereinigen,
249 4695 1183 4737 liegt das georgische Dorf \g\Mzchet\:g\, von Bauern, Blu¬
246 4726 1181 4772 menzüchtern und einigen Nonnen bewohnt, ein wenig
252 4763 1181 4805 belebt durch ein elektrisches Kraftwerk, welches nicht
249 4796 1182 4838 weit davon errichtet wurde, und durch die Autobusse,
255 4833 1183 4884 die auf der uralten grusinischen Heerstraße [siehe gleichnamiger Artikel] von Norden
246 4867 1181 4930 kommend das Dorf durchqueren und nach Tiflis wei¬
249 4907 411 4953 terfahren.\:p\
300 4919 1148 4978 \p\Sonst ist Mzchet ein stiller Ort, dem Bereich der
249 4972 1182 5009 Geschichte entrückt, in einer milden und fruchtbaren
252 5004 1181 5050 Gegend gelegen, zwischen Reben, Maisfeldern und
259 5038 1181 5098 Obstbäumen, und von ihren Erträgnissen lebend wie
246 5077 998 5118 die Nachbardörfer Schaschabur oder Ziklany.\:p\
294 5103 1145 5145 \p\Ich sah Mzchet zum ersten Mal an einem regner¬
259 5145 1145 5186 schen und kalten Abend, ich war über das Gebirge ge¬
252 5179 1181 5228 kommen, die Dunkelheit begann schon und mischte sich
246 5212 1181 5259 mit den Regenschleiern und den Wolken von Dunst,
252 5245 1181 5290 die vom Fluß aufstiegen. Rechterhand erblickte ich,
249 5280 1182 5317 dramatisch erhellt, eine große Kirche auf der Spitze
252 5314 1182 5355 eines Berges, und erfuhr von dem russischen Chauf¬
257 5351 1181 5396 feur, daß es die Kirche Dschawari sei, an Stelle eines
245 5384 1181 5430 Idols des persischen Gottes Ormudz um 600 errichtet,
249 5421 1148 5457 und „fast die älteste Kirche in Georgien.“ Gleich dar¬
249 5447 1182 5500 auf fuhren wir an einem Hügel vorbei, der die Ruine
252 5486 1181 5529 einer Festung trug und wie eine Talsperre in unseren
255 5525 1183 5575 Weg sprang, und hinter ihr lag das Dorf, beherrscht
252 5560 1181 5617 von mächtigen Kirchen und halbzerfallenen Türmen,
255 5594 1183 5638 Bauwerken, die in keinerlei Verhältnis zu den ein¬
252 5625 1181 5668 fachen Bauernhäusern, den niedrigen hölzernen Gale¬
255 5665 954 5703 rien und primitiven Hofmauern standen.\:p\
300 5689 1181 5731 \p\„Mzcheti“, sagte der Chauffeur, „hier liegen die
252 5731 1181 5780 Zaren von Grusien.“ Wir fuhren weiter, ohne uns
246 5765 445 5819 aufzuhalten[.]\:p\
300 5774 1181 5845 \p\Als ich nach Mzchet zurückkehrte, hatte ich wieder
259 5832 1181 5873 den Eindruck einer groß und stark geplanten Stadt,
255 5866 1183 5916 deren Kirchen wie Festungen waren, deren Anhöhen
255 5896 1182 5947 von Kirchen und Talsperren beherrscht wurden, deren
261 5930 1182 5977 Kraft dann plötzlich erlahmte — und das Dorf war
259 5968 975 6015 übriggeblieben, die Weinberge, die Gärten.\:p\
310 5989 1152 6046 \p\So stand es mit Mzchet seit dem fünften Jahr¬
261 6042 1182 6081 hundert unserer Zeitrechnung. In seiner unmittel¬
255 6070 1182 6115 baren Nähe, neben der „Festung des Greises", hat
1182 4448 2106 4495 man kürzlich ein Feld von steinernen Gräbern entdeckt,
1185 4486 2107 4527 in denen sich römische Münzen fanden. Man schrieb
1180 4520 2107 4564 die Nekropole den aus Palästina eingewanderten
1189 4556 2106 4596 Bergjuden, oder auch den Osseten zu. Jedenfalls sind
1177 4590 2106 4634 sie jünger als die Stadt Mzchet, die ein georgischer
1177 4628 2106 4667 Fürst, unbekannt wann, gegründet und nach seinem
1177 4658 2106 4697 Sohn benannt hat. Man errichtete die erste Kathedrale,
1177 4694 2093 4738 einen Holzbau, im dritten Jahrhundert, sie brannte
1177 4726 2106 4776 nieder, und wurde im fünften Jahrhundert durch ein
1177 4762 2106 4805 steinernes Gotteshaus ersetzt. Der grusinische Zar
1177 4798 2106 4842 Mirian und dessen fromme Gattin gründeten im
1177 4833 2106 4874 vierten Jahrhundert das der heiligen Nina geweihte
1177 4871 2106 4916 Frauenkloster, welches noch heute von frommen,
1180 4897 2107 4945 armen und fast vergessenen Nonnen bewohnt wird.
1192 4935 2107 4978 Sie weben auf primitiven Hauswebstühlen Stoffe, die
1177 4970 2106 5018 sie in Tiflis verkaufen. In Mzchet residierte der Zar
1177 5006 2106 5049 von Georgien, und der Patriarch, der zu den ersten
1177 5037 2106 5078 Patriarchen der Christenheit gehörte. Mzchet schien eine
1186 5073 2107 5116 große Zukunft zu erwarten. Aber — man weiß nicht,
1186 5104 2107 5150 was dazu die Veranlassung war — schon im fünften
1186 5140 2093 5180 Jahrhundert wurde die alte Hauptstadt verlassen, die
1177 5174 2106 5218 Residenz nach Tiflis verlegt. Es blieb das religiöse
1177 5212 2095 5247 Ansehen, es blieben Klöster und Kathedrale, und in
1177 5239 2106 5288 der Kathedrale wurden bis zum Jahre 1800 alle
1176 5274 2106 5336 georgischen Fürsten beigesetzt. So wurde Mzchet eine
1177 5315 2093 5357 Residenz der toten Zaren, ein religiöses Zentrum
1177 5347 2106 5399 ohne Patriarch, eine Stadt der befestigten Kirchen
1177 5378 2008 5425 ohne Bevölkerung. Still lebte nebenan das Dorf.\:p\
1231 5410 2106 5464 \p\Und so bis heute. Als Georgien von Rußland
1177 5447 2106 5489 annektiert wurde, setzte man den georgischen Patriar¬
1177 5487 2106 5523 chen ab und ersetzte ihn durch den russischen. Aber
1177 5525 2086 5564 1918, nach der großen Revolution, wurde Georgien
1177 5558 2086 5598 eine autonome Republik, und seither hat es wieder
1177 5589 2089 5631 einen eigenen Patriarchen. Dies erzählte mir der
1177 5623 2080 5665 Wächter der Kathedrale Ssweti-Zchaweli, das heißt:
1192 5662 2086 5703 zwölf Apostel — ein alter Priester, der das weiße
1177 5695 2089 5739 Haar in ein dürftiges Zöpfchen geflochten trug, und
1177 5730 2106 5768 mir mit Hilfe eines enormen Schlüssels das Tor der
1183 5765 2106 5805 Festungsmauer öffnete. Wir betraten einen großen,
1177 5799 2106 5851 grasbewachsenen Hof, der ringsum von der turm-
1177 5831 2106 5872 und schießschartenbewehrten Mauer umschlossen wurde.
1177 5867 2106 5915 Und mitten darin erhob sich die Kathedrale. Sie ist,
1177 5901 2106 5940 seit dem fünften Jahrhundert, mehrmals von durch¬
1177 5935 2106 5986 ziehenden Völkern zerstört worden, am gründlichsten
1177 5972 2106 6017 durch den Mongolen Tamerlan, sie hat oft, wie eine
1191 6010 2026 6054 Burg, Frauen und Kindern Zuflucht geboten,
1177 6032 2106 6075 wurde in ihrer jetzigen Form im fünfzehnten Jahr¬
1177 6070 2106 6122 hundert wieder aufgebaut und ist heute ein wahrhaft
2102 4447 3049 4490 klassisches Beispiel georgischen Kirchenbaus, mit vier¬
2102 4482 3049 4527 stufig emporwachsendem Längsschiff, einem in der
2102 4520 3017 4560 Mitte ansetzenden, kurzen Querschiff, und einem zen¬
2102 4543 3049 4610 tralen Turm, der, rund, breit und zur Kuppel ge¬
2102 4594 3050 4640 weitet, Verwandtschaft mit den Moscheekuppeln Stam¬
2102 4623 2296 4677 buls zeigt. –\:p\
2163 4633 3049 4698 \p\Bescheidener, nur durch einen alleinstehenden Turm
2102 4672 3030 4740 geschützt, liegt das Kloster der heiligen Nina zwischen
2102 4715 3049 4777 Obstbäumen und Tomatenbeeten. Eine einstöckige höl¬
2102 4762 3049 4804 zerne Galerie läuft dem bäuerlichen Wohngebäude
2102 4797 3017 4834 entlang, in einem Nebenhaus sitzen die Nonnen als
2102 4826 3049 4874 fleißige Arbeiterinnen hinter ihren Webstühlen, die
2102 4857 3049 4902 Alten aber sitzen im Hof in der Sonne, schläfrig
2102 4897 3049 4951 betend. Früher lebte das Kloster von den Gaben der
2102 4935 3049 4984 Gläubigen und von der Unterstützung des Staates.
2102 4968 3049 5021 Heute hat sich der Staat von der Kirche losgesagt und
2102 5006 3049 5050 überläßt die Klosterinsassen ihrem Schicksal, und die
2102 5039 3030 5082 Gaben der Gläubigen nehmen nicht zu. Es blieb den
2102 5073 3030 5117 georgischen Nonnen nichts übrig, als sich durch eigene
2102 5099 2903 5150 Arbeit zu unterhalten, und sie lernten weben.\:p\
2163 5134 3049 5186 \p\Ein junger Bauer begleitet mich durch das Dorf
2102 5158 2222 5231 zurück.\:p\
2168 5185 3049 5258 \p\„Mzchet ist älter als Tiflis", sagt er, „es war ein¬
2102 5241 3049 5293 mal größer. Jetzt kommen die Leute hierher wie in
2102 5275 2347 5327 ein Museum."\:p\
2165 5307 3050 5362 \p\„Und die Leute von Mzchet", frage ich, „was hal¬
2101 5332 2390 5396 ten Sie davon?"\:p\
2165 5356 3050 5422 \p\„Mzchet hat 1500 Einwohner", sagt er. „Mein Vater
2102 5408 3017 5458 ist Hirt. Ich bin auf der Blumenzüchter-Kolchose. Es
2102 5446 3049 5504 ist die beste Blumengärtnerei von Georgien. Das hät¬
2102 5493 2881 5536 ten Sie sich auch einmal ansehen sollen ...\:p\
