4322 7078
477 4629 1250 4686 Bis zur russisch-persischen Grenze
572 4685 1158 4744 Von Dr. \g\Annemarie Clark\:g\
453 4729 1333 4783 \p\Wir sind von Mossul herübergekommen: durch
402 4770 1331 4827 ganz \g\Kurdistan\:g\. Das hieß, das Gebiet der Wüsten
404 4812 1331 4853 und Ebenen verlassen und den Gebirgsweg nehmen,
399 4845 1331 4885 den die Iraker und Perser soeben erst ausgebaut
402 4881 1331 4926 haben, die „Straße von Ravandouz“. Vorher war es
399 4917 1211 4962 ein Weg für Pferde, Maultiere, Karawanen, – es
404 4950 1331 4993 fehlen immer noch Brücken, und einige Abstiege sind
399 4983 1310 5026 unwahrscheinlich steil, die Kurven dicht in die Schlucht¬
404 5014 1331 5065 ten geschmiegt, eng, bei Regenwetter unsicher. Aber
401 5059 1331 5099 was für eine herrliche Landschaft! Man fährt über
399 5091 1331 5129 mehrere Pässe, und der Charakter der Täler verän¬
408 5125 1331 5168 dert sich. Zuerst die Reben an den Abhängen, die
399 5159 1331 5197 kleinen Getreidefelder, — dann der Bergwald. Ueber
404 5195 1331 5234 der Baumgrenze hören auch die Siedlungen auf, und
404 5229 1331 5269 es beginnt das Gebiet der kurdischen Nomaden, der
410 5266 1308 5300 Pferdeweiden, der Schafherden. Und hier oben, — in
404 5300 1331 5333 wahrhaft majestätischer Abgeschiedenheit, befindet sich
402 5334 1311 5373 die Grenze zwischen dem Königreich Irak und Persien
410 5365 1331 5409 oder [Iran, wie es seit kurzem offiziell genannt wird[historische Kommentierung].
414 5405 1331 5451 Man erblickt nun schon die gewellte Ebene, das Becken
404 5435 780 5490 des Urumiah-Sees ...\:p\
453 5457 1333 5514 \p\Wir erreichten sein Ufer in einer langen Nacht¬
408 5501 1331 5549 fahrt. Der Seespiegel war so schwarz und reglos, daß
402 5544 1331 5578 wir ihn mit der Linie des nächtlichen Horizonts ver¬
399 5579 1331 5622 wechselten. Aber auch am nächsten Morgen blieb der
414 5613 1331 5655 See schwarz, wie erstarrt, kein Wind schien ihn be¬
408 5648 1331 5685 wegen zu können. Es ist ein toter See, in seinem mit
408 5684 1331 5720 Salz gesättigten Wasser können keine Fische leben,
404 5708 1331 5756 und wer darin badet, muß riskieren, daß seine Haut
404 5752 1331 5791 sich in Fetzen ablöst, als sei sie verbrannt. Mitten auf
408 5788 1331 5833 dem schwarzen Spiegel schwimmt wie ein Schiff eine
410 5818 1331 5869 Insel, die Segel sind ihr phantastisch aufragendes
404 5858 1331 5903 Felsengebirge. Man erkennt es später immer wieder,
404 5891 1331 5928 von weit her, wenn es nur noch wie ein Schatten am
408 5927 1331 5973 Horizont ist. — Um den See liegen weiße Salzbänke,
399 5960 1331 6007 auch sie sind von allem Leben verlassen. Dahinter er¬
408 5995 1331 6037 blickt man die tröstlichen Schneeketten von Kurdistan
410 6031 1331 6075 und die des Kaukasus, die Vierländer-Grenzen der
410 6063 1110 6112 Türkei und Iraks, Irans und Rußlands.\:p\
1391 4605 2270 4648 \p\Was dazwischen liegt, sieht man nicht: den breiten
1346 4647 2270 4680 Gürtel fruchtbaren Landes, und die Stadt Urumiah
1342 4676 2163 4722 inmitten von Weinbergen, Gärten und Feldern.\:p\
1397 4708 2270 4751 \p\Wir waren in Urumiah Gäste der Lazaristen, die
1328 4744 2270 4794 dort schon vor dem Weltkrieg [eine Mission eingerichtet
1328 4784 2270 4819 haben[Verweis auf 'die Mission'] und sie bis heute unter erschwerten Bedingun¬
1328 4820 2270 4853 gen fortführen. Es gab doch hier nicht viel zu bekeh¬
1328 4851 2270 4903 ren — das ganze Land um Urumiah ist schon lange
1328 4879 2270 4933 von einer größtenteils christlichen Bevölkerung be¬
1342 4919 2270 4966 wohnt. In grauen Vorzeiten sind aus den Kaukasus¬
1327 4943 2270 4994 pässen arische Heerscharen in das Becken eingeströmt,
1348 4994 2270 5030 Mannäer und Kalden haben hier gehaust, später ent¬
1328 5023 2244 5067 stand hier das sagenumwobene Skythenreich — dazwi¬
1328 5056 2270 5105 schen liegen viele Jahrhunderte. Aber die Christen
1328 5087 2270 5137 des Landes heißen immer noch Kaldäer — als könn¬
1328 5127 2270 5165 ten sie sich von jenen kaldischen Felsenbauern Klein¬
1328 5159 2270 5210 asiens herleiten. Es gibt römisch-katholische Kaldäer,
1328 5203 2270 5240 und schismatische, die einen eigenen Patriarchen
1328 5237 2270 5280 haben. Diese letzteren heißen auch Assyrer: man hat,
1348 5269 2270 5314 nachdem die Kurden einen Teil von ihnen niederge¬
1328 5306 2164 5340 metzelt hatten, in Europa von ihnen gesprochen.\:p\
1393 5339 2270 5391 \p\Aber in unseren Zeitungsberichten hörte sich's an,
1328 5373 2247 5426 als handle es sich um ein einmaliges, schreckliches Er¬
1328 5405 2270 5449 eignis. Erst, als wir die Augenzeugen-Berichte der
1352 5443 2270 5490 Missionare kannten, machten wir uns von den fortge¬
1328 5469 2270 5515 setzten Schrecknissen, den Verfolgungen, Gemetzeln und
1328 5509 2270 5548 Blutbädern ein schwaches Bild. Besetzungen halb¬
1328 5546 2272 5597 oder ganz irregulärer Armeen, Wiedereroberung durch
1328 5579 2270 5628 einen gegnerischen Haufen, Bestrafung der unglück¬
1328 5616 2270 5664 lichen Einwohner, nachher die Rache — so ging das
1328 5650 2270 5693 jahrelang zu, bis der kaldäische Abenteurer Agha Pe¬
1328 5682 2270 5727 trus wegen Munitionsmangel die Stadt mit seinen
1328 5723 2270 5764 Reitern verließ. Drei Tage darauf erfolgte das furcht¬
1328 5755 2270 5791 bare und endgültige Blutbad unter den zurückgeblie¬
1328 5788 2270 5837 benen Christen, wobei auch die Missionen, in deren
1328 5824 2270 5870 Höfen und Kirchen die Unglücklichen sich geflüchtet
1328 5862 2270 5898 hatten, niedergebrannt und zerstört wurden. Wir
1328 5891 2270 5928 sahen die Ruinen, die noch voll von frischen Erinne¬
1328 5924 2270 5968 rungen sind. — Aber in den fünfzehn, bald zwanzig
1328 5957 2247 6008 Jahren haben die tapferen Väter und frommen
1328 6000 2272 6050 Schwestern doch Zeit gefunden, neue Häuser einzu¬
1328 6032 2270 6072 richten, — es gibt wieder Schul- und Klosterhof, eine
1330 6067 2270 6115 Kapelle, eine Glocke, ein paar Schulräume. Kleine,
2267 4609 3208 4658 schwarzäugige Kaldäer und Armenier bevölkern wie¬
2267 4646 3208 4689 der als Seminaristen das bescheidene Internat. Drau¬
2280 4682 3208 4724 ßen vor der Stadt besitzt die Mission einen Obstgar¬
2267 4716 3208 4763 ten, — in einer Mühle am Stadttor wird eigenes
2267 4750 3208 4789 Korn gemahlen, bei Tisch trinkt man den Wein von
2267 4786 3208 4838 eigenen Reben. Idyllisch und christlich ist dieses Da¬
2267 4823 3208 4875 sein — wir dachten uns, so ähnlich müsse es früher in
2267 4859 3208 4897 unseren Klöstern zugegangen sein, — nicht gerade in
2267 4891 3208 4930 der reichen Abtei von St. Gallen, aber in den Klö¬
2266 4929 3208 4976 stern der Kleinstädte, wo man auch an Feiertagen
2267 4959 3208 5010 aus den Toren strömte, und draußen seine Obst- und
2266 4998 2677 5053 Gemüsegärten besaß ...\:p\
2327 5030 3208 5069 \p\„Wäre nur die Furcht nicht", sagten uns die
2267 5063 3208 5108 [Väter[im Sinne von: Patres], „sie sitzt den Leuten noch in den Knochen, sie
2267 5094 3208 5147 fühlen sich in ihren Häusern nicht sicher, jeden Augen¬
2267 5138 3208 5192 blick, glauben sie, können Türken oder Kurden oder
2267 5169 3208 5224 andere Mörder wieder erscheinen. Sie verlassen
2266 5197 3208 5261 scharenweise ihre Dörfer und wandern aus, in die
2267 5242 3141 5282 Städte, ins Ausland: [ein neuartiges Proletariat[Flüchtlingsthematik, siehe auch Erzählung 'Der Auswander'].“ –
2267 5283 3208 5315 Als wir nach drei Tagen das gastliche Dach der Laza¬
2280 5307 3208 5354 risten verließen, trafen wir auf unserem Weg leere
2267 5341 2877 5387 Dörfer, Ruinen, unbestelltes Land.\:p\
2331 5372 3208 5426 \p\Wir fuhren nordostwärts wieder ins Gebirge, die
2267 5415 3208 5461 schöne, fruchtbare Landschaft blieb hinter uns. End¬
2267 5449 3189 5502 lich öffnete sich die Straße, und führte, als sei sie
2267 5481 3194 5536 gerade durch alle Hügel geschnitten worden, unent¬
2267 5521 3208 5558 wegt nordwärts, den fernen, weißen, wolkenähnlichen
2267 5555 3182 5597 Schneeketten entgegen. Das war der Kaukasus, Ruß¬
2267 5588 3208 5622 land. Der Ort, den wir erreichten, war Julfa und
2267 5623 3208 5664 lag am Fluß Araxes, dessen Name die Erinnerung
2267 5658 3208 5697 an [Reiterschlachten und Alexander[vgl. 'Schlacht an den persischen Toren'] beschwor. Auch von
2267 5685 3149 5736 Julfa hatte man sich irgend etwas versprochen –
2267 5726 3208 5765 denn es gab unten bei Isfahan ein zweites Julfa,
2266 5764 3208 5806 von Schah Abbas dem Großen gegründet, — er ver¬
2267 5798 3208 5831 pflanzte armenische Handwerker dorthin, damit ihr
2267 5834 3208 5877 Kunstfleiß der Hauptstadt zugute käme. Nach diesem
2267 5870 3208 5909 Julfa also war jene Siedlung benannt worden! An
2267 5901 3208 5944 eine solche Heimat erinnerten sich die Armenier vor
2267 5942 3208 5978 den Toren und herrlichen Moscheen von Isfahan!
2333 5973 3208 6013 – Die Bahn berührte Julfa, die nach Erivan und
2267 6005 3208 6045 Tiflis führte. Man sah zum erstenmal wieder Schie¬
2267 6044 3208 6080 nen, es war eine Ueberraschung, sie zwischen dem
2267 6065 3167 6118 Steppengras auftauchen zu sehen, aus der unen¬
3205 4616 4126 4657 lichen Einöde kommend. — Ein paar Baracken und
3205 4654 4128 4697 Schuppen, der Bahnhof, — Karawanentiere warteten
3205 4687 4132 4730 dort in der Mittagshitze, Gruppen von Maultieren,
3205 4722 4128 4763 und im Kreis gelagert Kamele. Man hatte ihnen die
3205 4760 4128 4801 Lasten abgenommen, die nun in einem wüsten Haufen
3205 4793 4128 4829 neben den Güterwagen lagen, die sie weiterbefördern
3205 4828 4128 4870 sollten, hinüber nach Rußland. Wie viele Flüchtlinge
3205 4862 4128 4907 mochten unter Warenballen versteckt, den umgekehr¬
3205 4897 4128 4939 ten Weg gekommen sein! Junge Georgier, viele von
3205 4929 4126 4974 ihnen waren jetzt Chauffeure in Teheran, Rescht,
3205 4966 4128 5004 Sultanabad, und fuhren mit ihren gewaltigen Last¬
3218 5002 4128 5039 wagen des Nachts über die persischen Paßstraßen und
3205 5036 4126 5075 über die breiten, staubigen, tödlich einförmigen Kara¬
3205 5071 4132 5119 wanenstraßen der Hochebene, — andere waren nach
3205 5108 4126 5147 dem Westen entkommen, und spielten ihre Rolle als
3205 5138 4126 5188 kaukasische Prinzen im Zwielicht der Pariser Nacht¬
3205 5173 4128 5217 lokale, der Salons großer Schneider, der Filmateliers
3205 5198 4128 5250 in Hollywood[....[corr.: ...] Ob sie sich manchmal an dies hier
3218 5244 4128 5286 erinnerten? An dieses Land, diese Grenze, und den
3205 5275 4128 5318 trägen Lauf des lehmgelben Araxes? Drüben lag das
3205 5315 4126 5357 fruchtbare Georgien mit seinen Rebenhügeln, seinen
3220 5352 4129 5389 Klosterkirchen und Burgen auf Bergspitzen, — nicht
3205 5378 4128 5418 weit, und man würde den Riesen Ararat im dun¬
3205 5419 4129 5468 stigen Himmel auftauchen sehen —, hier aber war
3205 5451 3741 5505 ärmstes Land. Niemandsland.\:p\
3271 5487 4125 5531 \p\Wir fuhren vom Bahnhof in einem Halbkreis
3205 5505 4126 5573 über die Geleise und zum Fluß hinunter. Die Straße
3267 5560 4123 5596 nur die Andeutung einer Straße, Wagenspuren im
3205 5574 4133 5639 Sand, — führte in den Ort hinein. Trostlos still
3205 5630 4128 5669 unter der Hitze, eintönig gelb, flach, fensterlos, reihten
3205 5656 4121 5708 sich hier die Lehmhäuser aneinander. Zuweilen Türen
3212 5694 4130 5746 die in Höfe führten. Die Straße, wie ausgestorben,
3205 5735 4128 5775 lief plötzlich ins Leere: ein Platz und der Fluß. Wir
3205 5769 4132 5810 sahen über sein langsames, gelbes Wasser hinüber:
3205 5806 4120 5845 dort, am anderen Ufer, war ebenfalls eine Ortschaft
3205 5842 4122 5881 die Julfa wie ein Zwilling glich. Auf einem Ge¬
3205 5876 4126 5918 bäude wehte [eine rote Fahne[gemeint ist wohl die Fahne der Sowjetunion], — das verblichene Tuch
3205 5910 4132 5954 bewegte sich matt im grauen Himmel. Der Himmel
3205 5946 4128 5992 hätte doch blau sein sollen, leuchtend, — die Sonne
3205 5982 4126 6022 stand senkrecht über dem Fluß. Aber sie wurde hier
3205 6019 4126 6057 wohl der gelben und grauen, gleichmäßig traurigen
3205 6044 3570 6102 Farbtöne nicht Herr.\:p\
3259 6064 4128 6144 \p\Wir kehrten um, fuhren in den Ort zurück, frag¬\fml\\:p\
208 4655 1128 4697 \p\\fml\ten nach Benzin. Man stieß ein Tor auf, wir sahen
203 4691 1119 4736 im Hof Autoreifen, Benzinkannen, — bitte, dies ist
204 4730 1142 4762 die Garage. Zerlumpte Kinder, schwarzäugig, mit
203 4758 1142 4804 hohen, kurzen Armenierköpfen, sammelten sich um den
214 4798 1142 4842 Wagen, — dann traten zwei Gendarmen auf, ver¬
208 4832 1142 4877 trieben sie mit Schlägen, fragten uns aus, als seien
203 4869 1112 4905 wir Verbrecher. Als wir das Benzin bezahlten, ge¬
214 4899 1142 4944 rieten der Garagenbesitzer und seine Frau mit zwei
216 4934 1142 4986 Weibern in Streit. Sie schrien, rissen sich die Scheine
203 4971 1107 5024 aus der Hand, stürzten aufeinander, – die Gendar¬
203 5003 671 5058 men trennten sie, drohend.\:p\
262 5022 1142 5096 \p\Wir fuhren weg. Von einem Hügel aus sah man
203 5071 1142 5113 noch einmal Julfa, den Grenzfluß, die Güterwagen,
203 5109 1142 5145 und drüben die rote Fahne. Wir fuhren, — noch
203 5139 1113 5186 einige Stunden bis zu der Stadt, die einmal die wich¬
204 5169 1142 5228 tigste war für den Verkehr zwischen Persien und dem
203 5211 1142 5267 russischen Kaiserreich: die Karawanenstadt \g\Täbris\:g\.\:p\
