3862 5669
2139 3653 2830 3719 «Amerika wird erwachsen.»
2466 3706 3600 3761 \p\Die bekannte Schweizer Schriftstellerin Dr. Annemarie
2455 3757 3589 3795 Clarc-Schwarzenbach, die mit wachen Augen die Welt
2464 3788 3593 3834 bereist, spricht am Donnerstagabend über die amerika¬
2447 3830 3069 3885 nische Form der Demokratie.\:p\
2152 3868 3604 3932 \p\Als ich im Februar, nach einem halbjährigen Aufenthalt, aus
2141 3930 3595 3985 den Vereinigten Staaten zurückreiste, traf ich auf dem Dampfer
2145 3983 3593 4027 die englische Laburabgeordnete Helen Wilkinson, die, wie ich,
2145 4025 3585 4080 in den Industriegebieten und Kohlengruben gewesen war und
2157 4063 3578 4122 den Kampf der Arbeiter, den Kampf der von John L. Lewis ge¬
2152 4114 3578 4167 führten Gewerkschaften um bessere und legal anerkannte Or¬
2147 4158 3591 4218 ganisation verfolgt hatte. Wir unterhielten uns, natürlich, über
2147 4209 3595 4260 Amerika. Ich erzählte ihr von New York, der Ueberstadt und
2137 4255 3595 4308 Zukunftsstadt, die von vielen Besuchern mit Amerika verwech¬
2139 4310 3587 4355 selt wird, und die mir, mit Wallstreet und Parkavenue, mit ihren
2145 4351 3589 4403 Riesen-Warenhäusern, Riesen–Kinos, Riesen–Versammlungen,
2152 4393 3591 4454 mit ihrem grausigen Gegensatz zwischen Arm und Reich, zwi¬
2141 4443 3593 4499 schen verspielt–anspruchsvollem Luxus und stumpfem Elend
2147 4481 3489 4547 eigentlich gar nicht so «amerikanisch» vorgekommen war.\:p\
2159 4521 3595 4589 \p\«New York ist nicht die Zukunftsstadt», antwortete mir Miss
2145 4579 3598 4625 Wilkinson. «Sie wissen doch, daß die jungen Amerikaner New
2159 4632 3600 4678 York gar nicht mögen, daß es in Washington, dem Zentrum
2148 4678 3591 4729 des von Roosevelt geschaffenen New Deal eine Tendenz gegen
2152 4725 3600 4780 die Großstadt gibt, daß die fortschrittlichen, sozial geschulten
2148 4769 3591 4824 Architekten Pläne für Gartenstädte, Greenbelt–towns, und für
2148 4813 3584 4866 die Dezentralisierung der großen Industrieorte machen. Sie
2147 4864 3606 4910 wissen, daß Mainstreet gegen Wallstreet, die Hauptstraße der
2148 4906 3606 4961 Provinz gegen die weltberühmte Bank– und Börsenstraße New
2154 4957 3593 5008 Yorks kämpft.» Und sie fügte hinzu: «Wenn morgen das ganze
2139 5004 3606 5055 Eiland von New York abbricht und im Meer versinkt, wird das
2150 5052 3593 5106 in dem Amerika, dem die Zukunft und unser Interesse gehört,
2154 5099 2814 5167 nichts Wichtiges ändern.» –\:p\
224 376 1717 488 \p\Ich war von diesem Gedanken sehr beeindruckt, weil er viele
227 468 1711 524 meiner Beobachtungen bestätigte. Amerika hat immer, seitdem
226 513 1700 578 es von Europäern in Besitz genommen wurde, die Aufmerksam¬
226 555 1702 619 keit der Welt auf sich gezogen, zuerst als reiche, auszubeutende
220 608 1705 665 Kolonie, dann als Land der Pioniere, Abenteurer und Glück¬
233 654 1702 725 sucher, dann als das Reich phantastischen Fortschritts, wo man
224 699 1698 764 Wolkenkratzer baut, Millionen verdient, die Massenproduktion
227 742 1700 822 und das laufende Band erfindet – endlich, vor einigen Jahren,
235 796 1698 861 weil die Krise dort drüben gigantische Formen annahm, die
220 846 1692 910 alles bisher Geschaffene und Erworbene wie ein Erdbeben zu
224 883 693 945 verschlingen drohte.\:p\
229 934 1692 995 \p\Damals, im Jahre 1932, als Roosevelt zum erstenmal zum Prä¬
229 982 1692 1055 sidenten gewählt wurde, ist Amerika aus einem lang gehegten
226 1033 1702 1103 Traum des Reichtums, des Ueberflusses, der Sicherheit, erwacht,
220 1085 1692 1152 damals wurde Amerika erwachsen, würde sich seiner Schwierig¬
226 1124 1707 1197 keiten und seiner äußerst gefährdeten Lage bewußt. Bisher
226 1178 1696 1243 waren die Vereinigten Staaten eine liberale Demokratie ge¬
231 1226 1702 1284 wesen, Staat und Behörden hatten den Dingen – vielmehr der
226 1271 1705 1333 Initiative, Eroberung, Konkurrenz der Individuen möglichst
220 1323 1700 1377 freien Lauf gelassen, man war dort \g\frei\:g\ wie sonst nirgends,
226 1374 1715 1422 selbst Gesellschafts–Hierarchie und Klassengegensätze fehlten,
222 1418 1702 1476 weil sich die soziale Schichtung durch die Wellen der Einwan¬
216 1456 1264 1517 derung in unaufhörlicher Bewegung befand.\:p\
226 1513 1705 1580 \p\Seit 1932 hat sich das gründlich verändert. Die liberale, die
218 1573 1709 1621 «passive» Demokratie ist bedroht, wenn es über 5 Millionen
226 1618 1696 1666 Arbeitslose, wenn es Hunderttausende von ruinierten Klein-
212 1662 1694 1717 Farmern, Baumwollpflückern, Taglöhnern gibt, wenn der freie
222 1715 1696 1771 Konkurrenzkampf sich in die grausame Willkür, in das simple
229 1769 1711 1819 «Recht des wirtschaftlich Stärkeren» verwandelt. Die Forde¬
209 1810 1703 1866 rung erhob sich, der Staat möge eingreifen, die Funktion der
222 1856 1687 1920 Kontrolle und des Ausgleichs ausüben, die Stärkeren in Schach
226 1903 1698 1959 halten, den Schwächeren bessere Existenzmöglichkeiten bieten.
227 1949 1689 2004 Es ist in erster Linie die amerikanische Jugend, welche diese
231 2000 1703 2065 Notwendigkeit erkannt hat: die Demokratie aktiv zu schützen
227 2045 1694 2108 und zu erhalten. Daß dies innerhalb der demokratischen Staats¬
224 2087 1690 2147 form möglich sei, daran wird nicht gezweifelt, denn die Ame¬
214 2140 1690 2210 rikaner, gewöhnt an das Nebeneinander von Rassen, Farben
224 2190 1694 2242 und Religionen, an die Duldung Neueingewanderter, an die
216 2236 1687 2292 Forderung, daß jeder ein Anrecht auf Existenz und Aufstieg
216 2283 1239 2335 habe, die Amerikaner sind auf natürliche
226 2330 1234 2389 Weise zu echten Demokraten erzogen. Und
220 2380 1224 2430 der Aufbruch, die freudige Aktivität des
203 2415 1232 2483 besseren Teiles der amerikanischen Nation
212 2475 1230 2522 scheinen uns zu verbürgen, daß ein fried¬
201 2520 1226 2604 licher Weg in die Zukunft gefunden werde.\:p\
1116 2570 1226 2632 A. S.
